2320 3730
673 150 853 201 lunai(
887 155 1123 212 RERUM,
1162 167 1224 196 ET
1259 142 1620 201 Vsanoxz'un.

282 243 340 277 nia
358 269 370 287 ,
393 238 610 275 debacchatur
629 247 742 275 contra
757 252 874 276 omnes
907 240 1089 282 Haereticos
1102 265 1110 273 .

278 302 337 329 20.
347 305 379 330 2..
397 290 460 324 sed
475 289 604 325 haereses
616 290 815 335 impugnans
828 315 839 332 ,
867 290 1008 328 haeresim
1022 290 1110 325 facit.

278 351 336 377 21.
350 351 377 375 1.
403 339 632 375 Concionatur
650 352 762 376 coram
774 342 869 376 omni
884 341 984 376 Clero
997 366 1007 382 ‚
1033 352 1110 375 cum

277 387 514 424 admiratione.
529 387 595 428 «28.
622 401 650 428 1·
677 391 774 427 Dicit
796 392 942 427 Mariam
965 390 1112 426 Genitri-

230 470 232 472 .
276 450 373 480 cern,
400 451 469 473 non
491 440 577 480 Dei,
602 439 656 474 sed
666 440 732 475 Dei
755 441 947 478 &hominis
968 441 1035 478 dici
1060 440 1113 475 de-

277 489 369 524 bere.
398 490 471 525 ibid.
500 490 583 524 Non
607 491 676 525 vult
702 492 880 535 Deiparam
900 491 1009 527 dicere
1033 514 1044 530 ,
1071 502 1114 524 ne

275 539 533 575 scandalizentur
552 542 703 575 Gentiles
725 566 732 573 .
758 543 813 582 28.
842 553 872 580 1·
895 541 1007 587 Negat
1030 539 1114 575 Ver·

274 588 356 626 bum
378 601 437 634 pro
459 588 555 626 nobis
578 593 720 634 paffum.
749 603 853 638 514·
878 592 962 628 Fuse
974 591 1112 635 exponit

276 641 333 675 sua.
352 637 529 685 dogmata.
552 642 651 678 πόα..
679 641 717 675 In
743 643 895 686 perversae
916 641 1114 685 praedicatio-

277 691 330 725 nis
352 691 414 725 suae
435 690 533 726 initio
562 691 732 734 impetitur
752 691 771 726 a
802 691 931 726 duobus
966 689 1115 736 potenti-

279 740 340 775 bus
363 740 573 778 Orthodoxis
608 740 733 778 Sanstis
754 742 888 786 Cyrillo
915 753 953 777 ac
976 740 1115 776 Proclo.

278 799 334 827 22-
357 803 385 828 1.
405 790 556 826 Mittitur
576 791 607 824 ei
620 790 817 834 Symbolum
840 791 859 826 a
881 791 1020 834 synodo
1035 790 1116 834 Ale·

278 841 462 882 xandrina,
484 853 561 877 cum
574 841 727 885 capitulis
738 842 847 879 Sancti
859 841 997 886 Cyrilli.
1017 850 1068 889 13.
1085 841 1116 875 εἰ

280 890 316 923 &⁵
321 888 405 933 seqq.
426 890 498 925 Nisi
518 891 615 934 Papae
628 890 788 927 Romano
808 891 963 932 obediat,
985 891 1030 926 ab
1054 888 1116 923 hac

280 938 460 975 declaratur
484 942 792 977 excommunicatus
814 968 821 977 .
850 952 928 988 ¹41·
954 941 1116 975 Monetur

279 989 413 1034 insuper
422 990 440 1025 ὲ
453 990 581 1036 Joanne
596 990 814 1027 Antiocheno
833 1002 871 1026 ut
884 992 1001 1026 Sanno
1013 989 1115 1024 Caele-

279 1038 536 1079 stinoobediat‚
561 1040 728 1087 &dogma
742 1050 907 1075 recantet.
936 1039 1115 1083 21.1.Jus-

276 1089 316 1121 su
343 1087 436 1131 Papae
463 1088 613 1123 Romani
640 1113 652 1129 ‚
688 1098 802 1125 cantat
823 1089 956 1134 publice
981 1090 1116 1124 Palino-

280 1137 372 1171 diam
385 1162 394 1171 .
420 1147 522 1176 21-.2.
538 1138 619 1172 Haec
630 1139 674 1174 est
687 1150 833 1175 recenter
843 1141 963 1176 detecta
978 1166 986 1174 .
1016 1150 1069 1188 37.
1081 1149 1115 1177 2-

281 1186 361 1222 Post
382 1187 691 1224 determinationem
716 1189 915 1234 Apostolicae
937 1190 1030 1226 Sedis
1051 1201 1135 1223 ma·-

280 1247 339 1272 net
351 1238 500 1282 pertinax
509 1239 546 1277 in
558 1237 663 1274 haerefi
677 1264 687 1274 .
715 1238 793 1288 383.
803 1251 836 1280 2.
851 1239 976 1284 &seqq
1004 1239 1116 1274 Dolo-
1132 1227 1136 1303 ἱ

279 1286 315 1321 se
335 1289 492 1331 profitens
513 1300 630 1325 vocem
655 1293 791 1333 Dezpam
806 1315 815 1324 .
838 1299 894 1339 23.
919 1301 949 1327 1.
968 1290 1135 1325 Clericos·

281 1337 501 1375 Orthodoxos
512 1339 532 1376 ὲ
543 1340 691 1375 Civitate
701 1341 790 1384 ejicit
802 1367 809 1374 .
836 1351 893 1378 22-
912 1350 943 1376 1.
955 1341 1117 1384 imprope-

241 1417 243 1420 .
280 1397 330 1422 rat
341 1389 462 1424 Sancto
472 1390 606 1435 Cyrillo
628 1391 953 1435 quod-appellaverit
975 1390 1029 1425 hic
1050 1390 1118 1424 Ro·

280 1449 386 1473 rnam-
414 1438 472 1477 26-
490 1451 518 1476 1.
541 1439 836 1485 Calumniaturque
848 1442 1005 1477 SanCtum
1018 1441 1118 1475 Caele-

281 1486 404 1523 stinum
417 1488 539 1531 Papam
553 1513 561 1522 .
572 1493 626 1528 28·
642 1500 671 1527 x.
682 1490 873 1536 Tamquam
884 1491 997 1526 rudem
1010 1492 1028 1525 a
1040 1492 1117 1525 San-

280 1538 334 1571 ἂο
355 1537 488 1580 Cyrillo
503 1540 589 1574 male
614 1541 830 1577 informatum
844 1567 852 1575 ·
878 1542 934 1580 26-
953 1551 983 1575 1·
1008 1539 1116 1584 &seq-

279 1586 465 1631 Appellat&
478 1587 609 1632 Judicio
620 1592 908 1627 Sancti-Caelestini
934 1591 974 1625 ad
985 1601 1119 1636 genera-

279 1636 312 1670 le
339 1636 533 1672 Concilium
557 1663 563 1671 .
594 1647 650 1675 22-
674 1647 711 1673 2-
747 1641 792 1673 Et
817 1641 858 1674 ad
884 1642 1117 1683 Imperatorem

280 1684 531 1721 Theodofium.
557 1697 612 1733 35.
626 1696 659 1722 2.
682 1687 928 1734 Qaterniones
948 1690 980 1725 δε
993 1691 1117 1734 Scripta

278 1745 352 1781 quae
362 1735 525 1771 direxerat
536 1736 577 1771 ad
589 1739 744 1772 Sanctum
757 1737 968 1774 Cae'lestinum
982 1763 992 1782 ‚
1018 1750 1118 1786 negat

266 1784 392 1830 postea
408 1787 482 1820 ‘effe
508 1787 562 1822 sna
584 1811 596 1827 ,
623 1798 769 1823 metuens
792 1790 941 1824 damnari
963 1815 970 1822 .
998 1789 1054 1826 26.
1090 1800 1117 1825 1.

282 1846 338 1883 27.
350 1846 382 1872 ι.
407 1836 442 1870 ἀ
453 1836 530 1871 ideo
542 1837 666 1872 multos
685 1837 802 1873 habuit
813 1841 1000 1875 orientales
1010 1842 1119 1874 faven-

283 1895 352 1920 tes.
380 1885 454 1919 ibid.
481 1887 657 1930 Praetere25
681 1889 848 1925 silentium
867 1891 1044 1925 mandabat
1056 1890 1117 1923 Di-

281 1935 413 1979 scipulis
435 1937 499 1972 suis
518 1938 576 1972 sub
598 1938 824 1975 Anathemate
846 1966 853 1974 .
883 1942 927 1976 Et
950 1941 1028 1976 ideo
1050 1926 1137 1975 tam¹

280 1986 341 2020 diu
351 1985 570 2023 Otthodoxus
585 1989 728 2023 creditus
747 1991 793 2024 est
815 1991 861 2026 ab
873 1988 1118 2028 Orientalibus.
1134 1979 1137 2018 *-

284 2035 411 2084 3614.
437 2037 537 2080 Jastat
559 2040 749 2075 sefuturum
777 2040 948 2077 Praefidem
970 2029 1137 2077 concilii?

280 2085 436 2130 Ephefini
450 2110 457 2120 .
478 2091 534 2124 22..
546 2096 578 2122 2.
591 2090 855 2135 Spemquejsunm
867 2092 963 2133 ponit
974 2092 1008 2123 in
1024 2072 1137 2132 joan-l

279 2143 324 2169 ne
340 2134 578 2171 Antiocheno.
604 2145 662 2183 30.
682 2147 711 2172 1.
733 2132 852 2181 Efahefi
873 2138 1015 2182 disputat
1032 2138 1073 2171 de
1085 2135 1136 2170 fi-¹

278 2184 344 2223 de,
370 2185 479 2219 nitens
493 2186 680 2226 persuadere
693 2186 883 2228 Episcopis.
911 2195 1012 2231 5²⁸²·
1027 2186 1135 2219 Con-z

279 2233 425 2268 vincitur
448 2255 457 2265 .
495 2233 568 2265 ibid.
603 2232 716 2267 Patres
740 2232 892 2277 Ephesmi
920 2243 1025 2279 agunt
1049 2217 1136 2277 ejus!

1132 2279 1135 2288 ι

279 2283 433 2324 causam,
460 2281 595 2326 aprima
608 2282 681 2317 luce
693 2285 795 2327 usque
807 2284 848 2318 ad
861 2286 1007 2318 noctem.
1038 2285 1119 2331 Qo

279 2334 410 2378 peraeto
436 2356 448 2372 ‚
484 2331 674 2368 obtulerunt
708 2333 855 2369 solemne
894 2335 1113 2369 Sacrificium.

280 2382 581 2430 42.2-Darnnatur
603 2383 762 2427 22.Junii
788 2384 894 2419 Anno
912 2395 992 2432 431.
1018 2394 1135 2448 3¹·²'‡

279 2432 419 2476 Propter
432 2432 643 2477 iniquitatem
663 2434 845 2477 propriam.
874 2435 973 2479 96.2.
1002 2435 1041 2468 ln
1056 2436 1118 2470 Ec-

281 2481 375 2516 clefia
397 2493 468 2525 quae
479 2481 702 2527 appellabatur
722 2487 824 2517 Marta
836 2488 990 2528 Deipara.
1021 2495 1118 2533 33.1.

280 2531 537 2576 Deponiturque
558 2532 697 2567 solemni
720 2546 839 2578 pompa
863 2561 871 2569 .
901 2545 960 2582 40.
988 2545 1014 2570 1.
1038 2534 1117 2569 Post

280 2580 529 2617 damnationem
551 2593 661 2618 tamen
685 2595 754 2618 non
774 2585 967 2630 corrigitur.
998 2584 1074 2634 360.
1091 2595 1118 2620 1-

278 2631 344 2667 Sed
355 2642 472 2668 contra
490 2632 582 2668 illam
597 2635 790 2676 protestatur
804 2661 811 2669 .
841 2644 895 2681 31.
908 2647 938 2673 2-
951 2634 1117 2669 Protesta-

279 2682 368 2716 tioni
382 2681 657 2717 subscribentibus
681 2684 792 2718 decem
820 2685 991 2729 Episcopis
1011 2711 1017 2718 .
1046 2685 1118 2718 ibid.

280 2730 395 2765 Plures
408 2731 590 2775 Episcopos
599 2732 744 2767 seducit:
774 2735 826 2768 sed
839 2746 979 2779 quorum
994 2735 1117 2778 aliqui,

281 2781 397 2816 fraude
419 2781 556 2827 cognita
570 2805 582 2822 ,
606 2793 684 2817 eum
705 2783 874 2818 deserunt.
904 2796 922 2833 3
929 2797 955 2834 3.
968 2796 998 2820 2.
1026 2786 1118 2820 Con-

283 2841 382 2866 vocat
408 2831 681 2866 Conciliabulum
707 2833 742 2868 in
767 2834 915 2870 AEdibus
940 2837 1004 2870 suis
1026 2860 1037 2877 ,
1062 2833 1116 2869 sed

281 2881 377 2926 quod
388 2881 558 2926 diffipatur
568 2907 576 2915 .
606 2880 660 2930 38.
673 2895 705 2919 2.
717 2883 805 2919 Cum
818 2887 872 2920 sua
884 2894 992 2921 tamen
1006 2886 1116 2920 factio-

234 2974 237 2976 *
280 2942 327 2967 ne
356 2931 594 2976 depositionem
617 2934 808 2976 pronuntiat
828 2946 944 2971 contra
982 2938 1115 2972 Sanaos

282 2981 454 3025 Cyrillum
474 2994 512 3018 ac
550 2983 770 3019 Memnonem
788 3010 799 3018 .
828 2996 881 3034 33.
903 2997 935 3023 2.
961 2987 1114 3027 Sanctum

279 3031 450 3074 Cyrillum
463 3031 539 3067 vero
556 3032 673 3078 Ephesi
688 3045 869 3080 numquam
887 3037 987 3072 vidit.
1014 3048 1068 3084 71·
1079 3045 1113 3071 2.

281 3079 445 3117 Admittit
470 3093 508 3118 to
532 3086 589 3118 Dei
610 3087 753 3125 Genitrix
775 3110 782 3118 .
810 3086 874 3121 Sed
903 3098 979 3122 cum
1003 3087 1116 3121 distin-

280 3131 391 3166 &ione
416 3157 423 3165 .
450 3143 506 3180 51.
529 3143 557 3168 1.
584 3133 781 3170 Exclamans
806 3160 818 3177 ,
853 3136 980 3172 dicatur
1006 3113 1132 3172 Maria!

281 3180 426 3225 Deipara
446 3207 457 3225 ,
480 3192 518 3218 ut
540 3183 692 3219 sedentur
713 3187 945 3222 contentiones
965 3213 972 3220 .
1004 3185 1059 3233 85.
1086 3195 1114 3220 1.

281 3231 439 3275 Appellat
448 3234 490 3268 ad
504 3234 737 3278 Imperatorem
749 3261 756 3268 .
780 3247 877 3283 552.
895 3237 1010 3282 Fingit
1022 3236 1114 3282 quod

281 3283 448 3318 minentur
458 3282 630 3319 adversarii
644 3296 785 3320 mortem
798 3312 806 3319 .
831 3286 903 3321 ibid.
924 3287 1115 3322 Calumnia-

245 3355 247 3358 -
282 3340 334 3368 tur
355 3332 511 3370 violatam
530 3334 664 3371 Caeraris
687 3335 879 3380 juffionem.
906 3337 976 3372 ibid.
1000 3337 1112 3383 Negat
1138 3368 1139 3371 ,

1179 1486 1326 1521 Nestorii
1351 1486 1444 1523 Libri
1455 1488 1604 1524 damnati
1625 1490 1666 1524 ad
1677 1490 1769 1536 ignes
1780 1517 1788 1525 .

1180 1536 1367 1573 Nestoriani
1392 1538 1476 1575 tanti
1497 1539 1661 1575 faciebant
1682 1543 1851 1585 personam
1872 1540 2019 1576 Nestorii
2031 1553 2072 1575 ac

1879 172 1914 217 4
1923 172 1940 202 1
1953 173 1980 216 7

1225 238 1257 273 se
1267 236 1412 273 docuisse
1422 248 1461 274 ea
1473 250 1542 281 quae
1553 240 1670 285 Ephesi
1683 241 1836 286 professus
1847 242 1893 278 est
1905 266 1913 274 .
1924 240 1988 276 Sed
1995 243 2044 283 ,ita

1222 288 1358 325 tandem
1377 289 1499 324 exosus.
1519 286 1663 326 redditur
1685 292 1876 337 Imperatori
1897 316 1909 334 ,
1945 299 1982 326 ut
2004 303 2046 326 ne

1223 350 1346 374 nomen
1369 339 1505 381 quidem
1524 339 1614 375 illius
1638 340 1692 375 hic
1716 344 1886 379 sustineat.
1917 350 1997 389 103.
2012 349 2046 375 2.

1218 387 1468 425 -Custodiendus
1494 389 1631 427 traditur
1656 390 1863 429 Candidiano
1883 420 1891 429 .
1931 403 1985 438 54·
2013 397 2046 423 2.

1223 439 1338 483 Fingit
1358 438 1448 482 quod
1470 440 1603 477 Sanctus
1624 439 1769 484 Cyrillus
1791 455 1849 485 pro
1872 454 1954 479 voce
1967 448 2047 478 Deus

1223 488 1366 534 posuerit
1387 499 1500 524 vocem
1522 493 1647 525 Deitas.
1680 494 1735 530 26·
1751 500 1779 525 1.
1802 494 1901 529 <⁸528-
1916 501 1944 529 ι.
1968 498 2051 533 Om-

1225 550 1282 573 nes
1309 540 1515 580 contemnit,
1543 538 1601 573 fibi
1624 540 1711 574 solus
1733 541 1837 583 major
1858 541 2052 579 &doction

1224 587 1279 627 28.
1301 599 1325 621 1.
1345 587 1437 623 Illius
1447 589 1586 625 exilium
1599 591 1749 633 primurn.
1778 590 1832 628 82.
1849 601 1876 628 t.
1896 591 1934 626 In
1945 595 2052 629 Petras

1226 638 1376 673 Arabiae.
1403 639 1473 673 ibid.
1496 641 1595 677 &82.
1619 650 1650 674 2.
1676 643 1710 675 (ν
1724 640 1789 684 seq.
1817 643 1992 688 Mitigatur
2018 646 2053 678 in

1227 689 1399 732 pristinum
1425 690 1517 724 suum
1545 690 1784 726 Monasterium
1806 704 1815 728 z
1842 703 1882 727 ex
1910 691 2056 737 precibus

1228 740 1428 775 amicorum.
1458 736 1510 788 83.
1522 748 1553 779 2.
1567 741 1610 775 Et
1622 741 1752 784 proprio
1764 743 1928 784 postulato
1942 768 1949 776 .
1963 751 2015 789 51.
2032 754 2059 779 1.

1228 789 1408 833 Imperator
1428 790 1597 834 compellit
1618 802 1692 824 eum
1713 793 1815 829 redire
1836 793 1882 826 in·
1896 792 2061 827 Monaste

1227 839 1311 873 rium
1323 840 1416 874 suum
1430 865 1438 872 .
1464 852 1520 887 77.
1541 850 1568 874 1.
1593 840 1790 876 Mandatum
1803 841 1869 878 hoc
1884 843 2057 879 Nestorius

1228 890 1358 934 suscipit
1375 901 1450 924 curn
1471 891 1594 935 gaudio
1618 914 1629 931 ‚
1653 901 1820 938 tamquam
1843 892 2060 929 beneficium.

1230 936 1282 984 85.
1299 950 1324 974 1.
1348 938 1403 974 Ad
1415 939 1655 975 Monaster‘ium
1682 941 1785 978 hocce
1800 943 1933 981 ducitur
1954 942 2063 978 hono·

1228 988 1336 1022 rifice.
1364 987 1462 1027 81.2.
1487 990 1584 1037 841.
1608 990 1697 1025 Etin
1721 993 1838 1028 eodem
1861 988 2064 1029 honoratur'.

1225 1037 1296 1073 ibid.
1324 1037 1400 1072 Post
1413 1039 1659 1083 damnationem
1687 1043 1796 1081 suam,
1823 1055 1876 1088 per
1886 1053 1948 1079 tres
1958 1043 2057 1078 ferme

1229 1087 1350 1121 Annos
1360 1087 1567 1130 blasphemus
1590 1088 1659 1129 est,
1686 1091 1910 1128 &obstinat-us
1923 1119 1930 1125 .
1960 1105 2015 1140 25.
2034 1089 2069 1130 ἀ...

1228 1137 1358 1172 Simoni
1394 1138 1500 1182 Mago
1548 1146 1754 1181 comparatur
1773 1139 1810 1176 ‘a
1846 1142 2041 1177 Theodofio
2054 1164 2070 1174 .-

1233 1187 1307 1235 136.
1325 1198 1352 1224 1.
1375 1187 1528 1223 Axixto
1540 1187 1599 1222 111.
1621 1188 1803 1232 appellatur
1830 1189 1935 1226 Filius
1958 1192 2067 1233 perdi-

1229 1238 1333 1271 tionis
1349 1261 1357 1268 .
1384 1249 1462 1286 243·
1492 1250 1525 1275 2.
1551 1238 1739 1274 secundum
1764 1238 1832 1282 ejus
1857 1240 2005 1275 exilium
2033 1241 2070 1276 in

1228 1288 1327 1324 Oafin
1339 1313 1347 1320 .
1378 1285 1431 1335 83.
1450 1298 1481 1324 2.
1494 1289 1572 1323 Post
1584 1299 1725 1323 mortem
1735 1287 1918 1325 honoratur
1929 1302 1965 1326 ut
1981 1293 2020 1325 M
2025 1302 2071 1324 ar-

1229 1347 1283 1381 tyr
1296 1338 1315 1370 a
1329 1338 1443 1381 Sergio
1457 1338 1623 1382 Episcopo
1635 1338 1771 1382 Cyrenfi
1788 1364 1795 1372 .
1901 1349 1977 1387 155.
1995 1353 2021 1378 r.
2036 1350 2068 1375 2.

1180 1386 1330 1425 Nestorii
1351 1387 1431 1422 falsa
1451 1388 1622 1434 Dogmata
1640 1390 1754 1424 omnia
1766 1389 1900 1425 nervose
1910 1392 2047 1450 refutat}
2061 1408 2071 1424 i

1233 1446 1286 1482 13.
1301 1447 1331 1478 1.
1357 1436 1479 1482 &seqq.
1502 1437 1554 1476 18.
1567 1449 1599 1478 2.

1948 1501 2025 1537 133.
2042 1501 2078 1541 a..

1229 1587 1333 1631 ipsam
1345 1589 1534 1627 veritatem.
1563 1601 1616 1638 97.
1630 1602 1660 1626 2.
1687 1591 2072 1628 Audientesdamnatioae

1230 1648 1306 1671 nem
1329 1638 1476 1674 Nestorii
1492 1663 1502 1679 ,
1529 1651 1590 1683 prae
1603 1640 1733 1684 stupore
1745 1653 1814 1676 non
1827 1643 1956 1685 pofl‘unt
1970 1641 2078 1685 loqui0

1232 1696 1285 1734 95·
1304 1698 1331 1723 1.
1356 1688 1481 1723 Eorum
1493 1688 1576 1726 Asta
1596 1689 1713 1735 Ephesi
1724 1691 1940 1733 spernuntura
1963 1691 2073 1734 Popu-

1231 1739 1288 1770 lis.
1318 1736 1417 1783 63.1.
1445 1737 1602 1774 Nitentes
1613 1741 1798 1784 quempiam
1824 1741 2068 1784 superordinare

1231 1788 1349 1822 Sansto
1362 1788 1539 1825 Memnoni
1551 1788 1768 1827 excluduntur
1778 1791 1939 1834 Templis.
1969 1799 2021 1837 37.
2035 1798 2067 1823 2.

1232 1836 1362 1871 Exclusi
1375 1838 1617 1874 concionantur
1629 1839 1662 1873 in
1678 1840 1759 1875 locis
1770 1839 1956 1884 prophanis.
1974 1851 2024 1887 37.
2041 1847 2069 1872 1.

1230 1887 1312 1921 Non
1328 1888 1399 1922 sunt
1408 1888 1502 1932 plane
1513 1889 1677 1925 immunes
1686 1889 1704 1923 a
1720 1890 1914 1925 Nestoriana
1928 1890 2046 1923 Haerefi
2056 1903 2073 1938 g

1233 1934 1288 1983 98-
1303 1949 1330 1973 1.
1362 1938 1497 1984 Negant
1521 1941 1553 1974 se
1575 1940 1728 1974 Sanctum
1750 1940 1916 1983 Cyrillum
1939 1941 1973 1973 in
1987 1936 2073 1972 con*

1231 1988 1427 2023 munionem
1450 2000 1637 2034 recepturos
1662 2015 1674 2032 ,
1699 1990 1822 2025 etiamsi
1843 1990 1967 2036 abjuret
1988 1990 2073 2031 capi·

1232 2038 1301 2072 tula
1314 2063 1321 2070 .
1354 2048 1428 2084 103.
1449 2050 1481 2077 2.
1507 2040 1607 2086 Qod
1625 2041 1660 2078 ὃς
1678 2041 1870 2083 juramento
1879 2038 2053 2072 ‘affirmant
2065 2056 2075 2071 .·

1232 2095 1289 2130 45-
1312 2097 1341 2120 1.
1367 2089 1613 2121 Morimalunt
1625 2091 1726 2132 quam
1737 2088 1947 2134 capitula‘iila
1958 2088 2079 2123 admit·

1230 2142 1315 2167 tere.
1346 2143 1401 2179 92.
1423 2147 1455 2173 2.
1483 2138 1518 2169 er
1534 2135 1618 2177 seqq.
1657 2138 1785 2170 Acacio
1820 2140 1965 2172 referunt
1994 2149 2072 2172 cum

1230 2181 1355 2223 gaud10
1378 2186 1390 2222 ‚'
1429 2184 1465 2216 in
1501 2183 1651 2218 custodia
1670 2183 1810 2220 detineri
1830 2185 1966 2220 Sanaos
2001 2188 2076 2229 Cy·

1231 2229 1349 2269 rillum>
1365 2242 1407 2265 ac
1425 2232 1667 2273 Memnonem,
1691 2234 1783 2268 silent
1803 2245 1912 2270 autem
1923 2236 2071 2270 accidisse

1232 2278 1267 2312 id
1280 2280 1379 2313 etiam
1390 2281 1634 2317 suoNesiorio.
1661 2282 1758 2318 60.1.
1786 2294 1840 2331 59.
1855 2296 1885 2320 2.
1914 2285 2072 2330 Epistolis

1234 2327 1299 2362 suis
1318 2331 1490 2376 praefigunt
1510 2331 1706 2376 Symbolum
1731 2335 1907 2369 Nicaenum
1927 2359 1934 2368 .
1963 2346 2019 2383 51.
2041 2348 2069 2374 1.

1233 2387 1289 2424 50.
1302 2388 1333 2413 2.
1360 2381 1405 2415 Et
1425 2381 1466 2417 ad
1488 2382 1569 2417 illud
1591 2384 1714 2427 semper
1725 2386 1908 2428 appellant,
1935 2397 2074 2421 conten-

1232 2428 1345 2465 dentes
1369 2430 1435 2467 hoc
1453 2432 1558 2466 solum
1570 2433 1632 2468 effe
1644 2433 1896 2469 observandum.
1924 2446 1978 2484 55.
1996 2445 2024 2471 1.
2036 2439 2071 2470 (9·

1228 2476 1313 2522 fiqq.
1335 2491 1388 2528 74.
1414 2492 1440 2517 1.
1472 2491 1547 2519 100.
1572 2493 1603 2519 2.
1633 2492 1712 2531 105.
1738 2493 1770 2519 2.
1801 2495 1876 2531 1¹4·
1892 2495 1920 2521 1.
1949 2494 2069 2522 1221.

1237 2529 1312 2565 160.
1341 2542 1368 2566 1·
1394 2530 1471 2578 269.
1499 2542 1526 2569 1.
1556 2543 1633 2581 305.
1655 2544 1687 2570 2·
1713 2534 1816 2581 46.1.
1843 2533 1941 2580 58.1.
1969 2546 2072 2582 75-2.·

1231 2587 1332 2626 92.1.
1362 2590 1488 2630 3371.
1516 2582 1824 2620 Callideoccultant
1835 2585 1951 2621 Fidem
1964 2588 2074 2627 suam,

1232 2627 1316 2664 adeo
1336 2641 1372 2665 ut
1391 2632 1497 2676 plures
1515 2634 1562 2668 eis
1597 2633 1789 2670 orthodoxi
1826 2636 1981 2681 Episcopi
2016 2636 2075 2671 ade

1230 2677 1402 2716 haererent-
1430 2683 1527 2731 98.1.
1579 2685 1640 2719 Sed
1665 2685 1683 2719 a
1698 2685 1840 2728 quibus,
1865 2686 1987 2721 detecta
2006 2698 2067 2721 eo-

1231 2740 1306 2764 rum
1316 2731 1432 2767 astutia
1444 2735 1715 2769 deseruntur'ibtd.
1728 2735 1811 2769 Sunt
1823 2737 1980 2780 palpones
1993 2738 2066 2771 Cae-

1230 2779 1326 2815 saris:
1352 2781 1393 2816 ad
1403 2794 1502 2828 quem
1512 2783 1669 2828 perpetuo
1679 2785 1851 2828 appellant.
1864 2795 1918 2831 94.
1937 2795 1965 2821 1.
1996 2786 2068 2820 Vo-

1229 2841 1307 2865 cant
1318 2831 1489 2875 Caesarem,
1500 2835 1621 2869 Mundi
1632 2834 1766 2869 salutem
1779 2834 1878 2868 etiam
1891 2835 1925 2869 in
1938 2837 2064 2870 conser-

1230 2881 1336 2917 vanda
1363 2883 1542 2931 Religione
1561 2908 1569 2917 .
1601 2894 1676 2931 104.
1701 2893 1731 2919 2.
1758 2883 1965 2928 Poscuntque
1996 2886 2068 2929 ejus

1230 2930 1388 2975 judicium
1408 2934 1444 2968 in
1464 2934 1678 2969 controversia
1696 2934 1737 2968 de
1759 2934 1825 2970 fide
1843 2959 1855 2976 ‚
1882 2935 1956 2969 ibid.
1983 2936 2064 2970 mit·-

1231 2992 1307 3017 tunt
1328 2983 1359 3017 ei
1381 2984 1608 3028 profeffionem
1630 2984 1705 3019 fidei
1726 2985 1803 3019 suae.
1832 2984 1887 3031 56.
1906 2994 1934 3021 1.
1962 2986 2069 3020 nam·-

1231 3043 1351 3067 nantur
1373 3033 1414 3068 ab
1435 3034 1647 3078 Imperatore.
1675 3032 1782 3073 82.-2.
1809 3035 1951 3080 Eiusque
1972 3036 2063 3080 Lege

1169 3116 1172 3123 ὲ
1227 3081 1542 3128 jubenturappellari
1557 3085 1760 3119 Simoniani.
1791 3082 1866 3133 348.
1879 3096 1909 3120 2.
1942 3093 2061 3133 351.1.

1230 3132 1409 3178 Appellant
1429 3135 1598 3169 Romam:
1621 3142 1741 3182 271.2.
1771 3135 1886 3170 Coaffl
1913 3136 2063 3170 abdicare

1230 3182 1433 3226 Nestorium,
1443 3185 1616 3228 praedicant
1629 3185 1770 3227 pejorem
1783 3186 1939 3221 Nestorio
1950 3185 2064 3220 Theo-

1229 3232 1363 3268 dorum.
1398 3236 1471 3281 138.
1487 3247 1517 3272 2-
1545 3234 1649 3269 Multi
1660 3235 1804 3270 Nestorii
1819 3235 1995 3273 Personam
2009 3236 2060 3269 de·

1231 3283 1359 3325 serunt,
1385 3285 1563 3319 retinentes
1580 3285 1775 3320 Dominam
1799 3285 1892 3330 ejus.
1916 3294 1996 3330 *133-
2029 3295 2059 3322 2-

1234 3342 1310 3381 354.
1326 3346 1353 3372 1·
1382 3333 1538 3370 Tandem
1548 3333 1738 3372 dividuntur
1749 3337 1857 3372 imtes
1867 3342 1970 3382 partes
1982 3347 1991 3377 3
2005 3335 2066 3378 [πη

1306 3412 1310 3414 ,
1688 3392 1694 3408 ²
1932 3386 2011 3427 gula
