2320 3730
112 419 138 439 2.
152 412 266 450 Tim-5.

116 1132 190 1169 ΡΜ,
210 1144 256 1173 54·

96 1491 122 1512 1»
139 1482 210 1514 Cos.
222 1493 254 1520 ,4.

358 188 454 234 296

702 175 949 223 VARIOR
969 191 994 219 u
1014 188 1044 220 M
1083 175 1335 218 PATR‘UM
1371 169 1702 233 Eun-roms,

287 263 318 295 51·
333 263 369 296 de
381 261 492 295 Mundo
498 260 625 305 fuiffetis
637 284 648 301 ,
662 262 798 295 Mundus
811 263 890 304 quod
899 259 986 302 suum
999 265 1065 290 erat
1079 257 1187 299 dilige-

1244 253 1398 288 Tessium
1413 279 1420 286 .
1450 253 1498 288 At
1509 266 1584 290 ecce
1595 270 1674 293 mox
1693 268 1818 296 tantam
1833 260 2044 307 perjuriorum
2057 262 2124 298 im-

286 322 349 345 ret.
378 314 464 355 Quia
480 314 552 346 vero
565 312 603 346 de
616 313 731 346 Mundo
741 323 800 345 non
811 311 900 350 estis,
915 307 977 349 sed
986 317 1034 349 ego
1045 307 1118 349 elegi
1130 317 1183 339 vos
1242 305 1397 351 pietatem
1418 304 1600 347 despiciens
1621 330 1632 346 s
1659 318 1696 341 ut
1719 321 1779 347 uec
1801 312 1909 347 Patris
1928 314 2123 349 senectutem

285 363 323 395 de
334 363 448 395 Mundo
461 386 473 403 ‚
497 363 565 396 ideo
588 364 652 396 odit
678 374 731 396 vos
748 359 880 392 Mundus
894 379 901 387 -
928 355 991 389 Sed
1013 356 1047 389 ἀ
1062 355 1182 391 Beatus
1242 364 1411 389 veneratus
1431 380 1444 397 ,
1482 366 1544 390 nee
1566 355 1851 394 Communionem
1869 362 1995 397 Mensae
2014 364 2126 397 formi-

287 411 411 446 Paulus
421 412 611 447 consolatur
634 423 695 446 nos
717 410 847 443 dIcens:
875 410 987 439 Omnes
1011 410 1063 448 qui
1075 408 1181 440 vohmt
1238 404 1341 445 dam,
1369 416 1430 438 nec
1454 416 1604 440 naturam
1626 407 1799 447 reveritus,
1826 419 1977 453 tanquam
1989 413 2123 456 Tyran-

284 463 333 505 pte
344 468 448 496 vivere
459 468 493 496 in
514 458 712 504 ChristoJesic
727 483 737 499 ,
757 455 985 500 persecutionem
995 462 1153 498 patientur
1169 481 1177 490 .

1239 466 1298 496 nus
1313 454 1511 490 Dolichium
1524 456 1775 501 comprehendit
1789 481 1800 499 ‚
1826 471 1864 497 ac
1882 463 2021 499 tentavit
2030 464 2125 509 ejice-

284 514 363 546 Mali
381 521 479 547 autem
491 513 622 545 homines
649 511 682 543 (ν
693 507 864 542 seductores
874 505 1028 549 proficient
1042 509 1178 549 inpsy‘us,
1236 516 1270 541 te
1281 505 1453 540 Abbibum
1464 530 1471 542 ,

282 572 434 604 errantes,
460 565 537 597 &in
547 570 672 594 errorem
694 563 847 592 mittentes
861 582 868 589 .

334 614 377 647 Et
393 621 524 657 propter
537 608 603 644 haec
616 609 752 654 quidem
760 608 958 643 deleeiamur
968 632 979 649 ,
1005 607 1084 642 dum
1096 620 1175 643 con÷

280 664 449 697 tumeliam
471 659 695 695 velitrifiones
725 658 889 703 patimur,
915 659 1027 693 &tam
1048 660 1173 694 fortiter

279 724 317 748 ac
339 710 468 757 pessime
489 711 723 755 impugnamur
749 735 756 741 .
784 709 877 743 Dum
913 707 991 743 vero
1026 709 1171 744 recorda·

277 775 371 801 mur,
401 761 475 805 quia
486 761 641 804 turpius,
667 759 733 794 fide
744 769 898 800 ornatus,
925 757 1048 793 habens
1070 757 1170 794 chari·

278 813 354 846 tatis
367 811 547 845 maximam
560 821 671 845 curam
682 835 693 852 ,
720 810 979 845 resurrectionem
1001 810 1171 853 judicium·

277 873 342 906 que
372 863 581 905 exspestans,
607 861 642 896 &
660 860 779 904 justam
804 859 1056 895 retributionem
1082 861 1170 894 susti-

278 924 360 947 nens
374 937 383 953 ,
412 912 634 956 nequidquam
646 921 761 946 contra
774 923 834 946 nos
846 912 911 946 tale
920 911 981 946 iter
991 911 1170 955 assumpsit,

277 963 312 996 ἃ
323 962 452 1005 publice
462 963 498 997 iu
514 973 578 998 nos
601 962 770 1006 proposuit
782 962 1002 998 contumelias
1014 988 1024 1004 ,
1050 963 1084 997 ἀ
1096 963 1171 997 Deo

276 1012 503 1049 Amiciffimos
539 1012 718 1048 Circitores
745 1012 862 1057 injuste
894 1013 980 1048 trahi
1002 1012 1170 1057 praecepit,

273 1062 426 1099 dolemus
454 1063 590 1103 animo,
617 1064 793 1108 &magnis
815 1063 1085 1098 tribulationibus
1102 1062 1171 1096 vul-

273 1124 428 1151 neramur
441 1137 448 1145 .
476 1112 538 1147 Ait
554 1113 644 1148 enim
659 1114 807 1157 Magnus
820 1113 930 1146 David
945 1124 952 1143 :
977 1115 1009 1144 51·
1031 1116 1169 1146 inimicus

272 1176 356 1198 vmeus
380 1163 580 1206 exprobraffir
599 1161 693 1202 mibi,
717 1162 927 1204 fiepportarem
948 1166 1063 1204 utique.
1095 1166 1140 1196 Et
1144 1161 1174 1205 fi

278 1214 325 1248 bic
338 1239 349 1255 ,
375 1219 427 1255 qut·
447 1213 510 1245 odit
531 1223 578 1245 me
589 1235 600 1253 ,
623 1210 714 1255 super
725 1224 773 1247 me
790 1223 901 1256 magna
921 1213 1031 1246 locutus
1042 1211 1144 1257 fuiffet
1157 1237 1168 1254 ,

277 1263 487 1307 absconderem
501 1274 548 1298 me
566 1266 667 1305 utique
686 1263 786 1298 abeo.
815 1262 921 1298 Unde
933 1263 1086 1307 injuriam
1101 1263 1168 1308 qui·

273 1315 347 1348 dem
359 1313 485 1351 fortiter
497 1313 693 1348 sustinemus
702 1337 713 1354 ‚
741 1315 774 1348 δε
787 1313 941 1348 Domino
949 1314 1167 1358 supplicamus

273 1365 405 1399 veniam
431 1362 508 1399 dare
532 1364 689 1408 peccatis.
716 1364 905 1399 Didicimus
925 1364 1166 1408 namqueaDi·

277 1415 444 1450 viniffimo
457 1415 564 1450 Paulo
578 1414 703 1450 dicere:
735 1417 886 1457 Injuriam
892 1414 1068 1458 sustinentes
1084 1414 1166 1449 bene-

272 1467 395 1499 dicimus
412 1491 419 1498 .
447 1468 530 1499 Dum
547 1464 774 1509 persecutionem
793 1470 930 1507 patimur
951 1491 962 1507 ‚
985 1466 1162 1498 toleramus:

271 1520 352 1550 Dum
364 1518 568 1550 maledicimur
581 1540 592 1557 ,
614 1515 818 1560 supplicamus
831 1539 839 1548 .
866 1518 944 1549 Sicut
962 1523 1166 1559 purgamenta

273 1569 381 1600 Mundi
388 1567 472 1608 fabii
477 1565 603 1609 sumus,
631 1572 758 1599 omnium
776 1564 948 1609 peripsema
968 1564 1058 1608 usque
1067 1576 1162 1599 nunc.

272 1617 448 1662 Rogamus
469 1615 547 1650 vero
570 1615 860 1660 Magnificentiam
880 1615 1017 1650 vestram
1040 1626 1111 1650 non
1123 1616 1164 1650 fa-

273 1668 338 1702 cile
349 1666 477 1702 credere
502 1665 577 1706 his,
605 1676 675 1710 quae
697 1666 869 1707 dicuntur,
898 1677 960 1701 nec
970 1664 1104 1709 abrupte
1115 1666 1165 1700 ad·

270 1717 401 1753 versum
415 1728 476 1751 nos
488 1716 714 1751 accusationes
736 1716 905 1759 excipere,
931 1714 984 1750 sed
1008 1715 1167 1751 subtiliter

271 1779 412 1811 quaerere
426 1767 595 1801 veritatem
609 1790 615 1797 .
636 1766 690 1800 Sic
700 1767 791 1799 euim
812 1764 997 1809 &placabis
1010 1767 1166 1801 omniurn

271 1818 461 1854 Dominum
474 1840 484 1856 ,
514 1816 548 1850 δε
561 1816 685 1850 fruetus
703 1815 817 1860 gloriae
828 1825 938 1864 carpes
957 1815 1043 1863 apud
1060 1814 1167 1852 homi-

270 1879 328 1906 ues
350 1866 539 1905 universos.

461 1974 959 2018 Sciroz10N.

358 2116 545 2162 Xponenda
569 2117 615 2152 est
629 2118 773 2163 praesenti
786 2115 933 2162 Epistola
955 2112 1167 2160 comprehen-

385 2171 491 2203 sarum
512 2178 620 2202 rerum
643 2169 754 2202 series.
782 2169 870 2202 luter
881 2166 1167 2210 Euphratesiorum

276 2219 461 2264 Episcopus
478 2241 489 2257 ,
516 2227 598 2259 quos
610 2217 751 2258 Ioannes
759 2215 951 2249 patriarcha
964 2215 1010 2248 ob
1022 2214 1169 2247 rebellio·

276 2281 355 2304 nem
370 2267 502 2302 volebat
525 2264 642 2308 eiestos
654 2289 665 2306 ,
691 2274 759 2299 erat
773 2263 925 2298 Abbibus
947 2262 1170 2298 Dolichiensis

277 2320 384 2355 Castri
401 2317 564 2351 Antistes.
593 2316 734 2358 Joannes
746 2315 847 2361 igitur
856 2315 897 2348 ed
910 2314 1039 2349 accessit
1056 2313 1169 2356 ,ejecit

279 2368 452 2406 Abbibum
465 2392 477 2408 ,
506 2366 611 2401 virum
625 2368 732 2400 senem
742 2391 753 2408 ‚
784 2365 865 2400 1εὲὶο
876 2376 918 2399 ex
929 2365 1021 2409 gravi
1035 2363 1170 2397 infirmi·

279 2429 347 2456 tate
366 2419 524 2459 affixum,
548 2428 586 2451 ac
607 2417 812 2451 semi-vivum
826 2440 837 2456 ,
861 2415 944 2449 &in
969 2414 1038 2458 ejus
1058 2414 1169 2448 locum

280 2469 480 2506 consecravit
493 2494 503 2510 ,
518 2467 628 2504 nescio
640 2479 737 2512 quem
749 2466 978 2508 Presbyterum
988 2489 1000 2506 ,
1030 2464 1171 2498 OEcono·

281 2533 373 2557 mum
388 2520 478 2555 istius
493 2518 659 2553 Ecclesiae.
688 2518 733 2552 Et
755 2515 823 2560 quo
834 2517 969 2551 Factum
994 2516 1089 2549 suum
1101 2524 1171 2558 put·

282 2582 375 2618 garet
396 2583 434 2605 ac
448 2571 591 2605 firmaret
617 2568 703 2612 apud
724 2566 881 2604 Plebem,
909 2565 994 2599 dixit
1005 2565 1099 2599 illum
1113 2575 1172 2609 prae

283 2622 378 2657 senio
390 2621 525 2655 delitare
538 2644 549 2660 ,
574 2616 770 2652 renuntiasse
782 2615 953 2649 Cathedrae
964 2640 974 2655 ,
1002 2626 1038 2649 ac
1050 2615 1172 2650 dedisse

285 2671 435 2707 Libellos
449 2667 677 2702 Refutatorios
695 2691 701 2698 .
724 2666 852 2700 Verum
874 2666 944 2708 post
957 2666 1093 2710 Joannis
1105 2665 1173 2699 abi-

284 2731 358 2757 tum
372 2718 630 2756 Theodoram,
659 2715 847 2751 Alexander
866 2716 1083 2759 Metropolita
1100 2741 1110 2756 ,
1135 2727 1172 2749 ac

286 2772 343 2807 alii
366 2769 458 2804 istius
469 2767 652 2802 Provincia:
673 2778 709 2800 ac
722 2767 885 2800 Fastionis
901 2767 1078 2811 Episcopi,
1105 2777 1173 2809 gra·

288 2820 416 2856 viffime
439 2819 553 2853 offensi
578 2818 612 2850 in
626 2816 708 2850 illud
726 2828 831 2859 opuS‚
857 2817 959 2851 alium
970 2814 1059 2851 hunc
1070 2827 1105 2850 ut
1118 2828 1174 2850 no·

288 2883 367 2907 vum
382 2868 537 2904 Absolon
549 2866 639 2901 Patri
657 2891 668 2907 ,
692 2866 747 2901 cui
759 2866 928 2901 oblatrarat
941 2892 952 2908 ‚
974 2867 1152 2911 rejecerunt
1164 2890 1175 2907 ,

288 2922 519 2965 &juramento
539 2916 799 2957 adstrinxerunt,
826 2927 893 2960 quo
917 2917 973 2951 ille
998 2916 1176 2961 spopondit

287 2971 542 3007 Dolichiensem
553 2968 754 3008 Civitatem,
780 2977 847 3011 quo
858 2967 958 3008 usque
971 2967 1124 3001 Abbibus
1133 2967 1176 3000 vi-

288 3033 376 3057 veret
390 3047 400 3063 ,
428 3031 496 3055 non
512 3020 632 3054 intrare
643 3042 653 3058 ,
671 3029 732 3052 nec
744 3017 952 3061 importunus
968 3019 1030 3051 esse
1040 3016 1173 3060 Episco-

290 3084 352 3116 po,
382 3073 399 3106 ὲ
414 3083 479 3115 quo
492 3079 542 3105 tot
557 3068 717 3104 beneficia
730 3076 894 3111 acceperat
904 3092 911 3099 .
940 3066 1069 3111 Nempe
1083 3067 1100 3100 a
1110 3078 1176 3109 quo

294 3124 398 3156 fuerat
417 3122 452 3154 in
476 3119 707 3163 Presbyterum
720 3119 925 3153 consecratus
936 3140 947 3157 ,
977 3117 1010 3150 &
1021 3116 1177 3151 constitu—

296 3180 345 3205 tus
374 3171 521 3205 Ecclesiae
533 3170 735 3204 “Economus
752 3195 759 3202 .
788 3167 976 3202 Voluerunt
1004 3165 1178 3201 Abbibum

297 3224 359 3256 esse
380 3231 418 3252 ex
432 3221 565 3264 integro
586 3221 733 3254 securum
749 3232 759 3252 :
786 3218 879 3252 Hinc
902 3216 1058 3260 novoipfi
1073 3216 1177 3252 Abso-

298 3271 369 3306 ioni
391 3270 617 3311 imposuerunt
639 3292 649 3307 ,
676 3280 711 3303 ut
740 3281 801 3303 nec
824 3268 1002 3302 Civitatem
1022 3267 1175 3302 intraret.

298 3321 343 3355 Et
354 3318 530 3354 obstrinxit
555 3320 586 3352 se
608 3317 720 3352 decem
735 3319 996 3361 juramentorum
1014 3317 1176 3352 millibus.

299 3371 345 3411 Et
356 3369 413 3406 scri
417 3378 476 3414 pto
498 3368 532 3403 &
544 3367 658 3403 verbo,
687 3368 730 3402 Et
741 3369 775 3404 in
788 3368 951 3413 praesentia
963 3368 1177 3413 plurimorum

1284 555 1345 589 Ast
1369 555 1507 593 Abbibo
1529 557 1643 593 favens
1662 557 1810 604 Populus
1822 560 1934 604 rejecit
1955 561 2052 597 istum
2064 577 2124 600 no·

1237 615 1314 640 vum
1330 606 1528 651 Episcopum
1541 632 1552 649 ‚
1579 609 1613 644 &
1624 609 1754 644 civitate
1765 612 1919 646 extrufit:
1946 613 2042 656 Juxta
2054 614 2121 657 ejus

1231 655 1411 701 juramenta
1426 681 1433 689 .
1462 658 1506 692 Et
1529 659 1656 694 videtur
1668 661 1768 706 egisse
1783 662 1918 706 exjussu
1932 687 1942 704 ,
1968 673 2024 696 aut
2035 663 2122 698 certe

1232 706 1369 741 consilio
1389 707 1573 743 Alexandri
1600 710 1825 755 Metropolitae
1846 737 1857 753 ‚
1883 711 2094 748 Theodoreti
2108 738 2121 755 ,

1232 768 1268 793 ac
1289 757 1430 792 aliorum
1453 758 1549 793 isthic
1571 759 1787 797 Antistitum.
1817 763 1910 796 Hinc
1923 764 2041 798 fastum
2054 764 2119 806 est,

1232 807 1321 851 quod
1344 806 1582 844 Theodoretus
1591 811 1763 856 adjungit:
1794 815 1918 854 Propter
1928 812 1991 847 baec
2007 815 2119 848 adver—

1230 859 1295 891 sum
1316 870 1367 891 nos
1374 866 1479 903 pugna
1489 857 1621 902 surrexit
1631 886 1643 902 ‚
1669 863 1704 896 e«
1731 874 1783 896 nos
1795 864 1880 897 illam
1891 875 2027 907 equorum
2040 863 2121 898 Pha-

1229 909 1347 953 langem
1366 920 1430 943 cum
1451 910 1602 953 voluptate
1622 910 1801 955 fitscepimus
1820 938 1832 955 ,
1858 915 1892 948 <³⁶
1923 919 2121 956 vituperatio·

1231 970 1317 1001 nm,
1343 972 1412 1003 quae
1424 966 1522 995 variis
1546 965 1707 1005 Praecepns
1728 962 1766 1004 est
1788 961 1895 1006 postea.
1923 963 2121 998 Theodore-

1231 1019 1281 1044 ωε
1302 1010 1370 1045 haee
1394 1011 1473 1055 jussa
1500 1011 1640 1055 appellat
1665 1014 1885 1048 contumelias
1904 1038 1915 1054 ‚
1943 1014 2119 1054 irrifiones‚

1231 1060 1349 1095 fortem
1359 1061 1571 1103 &peffimam
1583 1063 1867 1107 impugnationem
1881 1087 1889 1095 .
1912 1063 2120 1107 Explanatur

1231 1109 1272 1145 ab
1291 1109 1342 1143 his
1353 1109 1475 1143 verbis:
1505 1114 1587 1145 Dum
1609 1114 1796 1145 recordamur
1809 1137 1820 1153 ,
1846 1117 1918 1155 quia
1929 1117 1980 1147 vir
1988 1120 2060 1156 pius
2071 1125 2120 1147 ne-

1231 1160 1395 1202 quidquam
1410 1167 1513 1192 contra
1534 1171 1587 1194 nos
1610 1161 1672 1193 talo
1702 1166 1760 1194 iter
1771 1161 1938 1203 assumpsit,
1965 1164 2121 1205 &publice

1231 1216 1263 1243 in
1277 1221 1330 1244 nos
1343 1208 1493 1253 proposuit
1503 1211 1693 1244 contumelias
1707 1235 1718 1251 ,
1747 1213 1781 1245 6·
1793 1215 1852 1244 Deo
1864 1212 2040 1252 amiciffimos
2052 1219 2110 1246 cir·

1231 1265 1336 1294 citores
1362 1259 1468 1301 injuste?
1491 1260 1575 1295 trabi
1594 1266 1762 1304 praecepit,
1788 1262 1918 1295 dolemus
1937 1267 2059 1303 animo,
2085 1264 2122 1297 (9⁰

1231 1315 1348 1355 magnis
1375 1310 1620 1344 tribulationibus
1632 1313 1826 1346 vulneramur
1838 1337 1845 1345 .

1281 1360 1439 1396 Notanda
1453 1362 1527 1395 sunt
1553 1360 1588 1395 &
1599 1360 1667 1397 haec
1679 1361 1775 1397 verba
1787 1374 1796 1395 ε
1823 1365 1856 1397 Si
1868 1373 1999 1405 unquam
2008 1367 2040 1396 in
2051 1366 2121 1397 Vico

1231 1410 1418 1452 Ecclefiaflico
1429 1410 1590 1455 Agresttum
1605 1413 1829 1446 multitudinem
1843 1421 2052 1456 congregantes
2069 1424 2122 1446 ar-

1231 1467 1384 1495 mavimus
1407 1472 1418 1503 3
1445 1464 1478 1496 si
1501 1465 1657 1505 operariis
1678 1486 1689 1503 ‚
1714 1461 1964 1506 curatoribusque
1980 1467 2124 1505 praecepi·

1230 1522 1297 1545 mus
1319 1513 1435 1546 reditus
1457 1523 1515 1546 non
1528 1512 1676 1555 prastare
1699 1512 1885 1556 Praeptfitis3
1906 1511 1934 1554 fi
1951 1514 2121 1556 aliquid&⁴

1230 1573 1318 1602 rum,
1339 1573 1408 1604 quae
1427 1563 1471 1594 ad
1490 1573 1536 1596 eos
1541 1568 1704 1604 pertinent
1710 1587 1722 1603 ,
1748 1568 1945 1597 retinuimus.

1280 1611 1449 1646 Dicuntur
1472 1611 1584 1645 varia.-
1611 1611 1752 1652 Primo,
1778 1613 1868 1656 quod
1895 1612 2122 1647 Dolich-ienfis

1231 1661 1371 1697 Ecclesia
1394 1659 1545 1696 habuerit
1571 1660 1697 1696 Vicum
1718 1661 1981 1697 Ecclefiasticum
2004 1687 2011 1695 .
2037 1662 2120 1696 Hoc

1229 1713 1274 1747 est
1288 1723 1408 1757 pagum
1417 1713 1612 1754 spestantem
1624 1711 1665 1745 ad
1679 1711 1773 1745 suum
1783 1711 1971 1747 dominium
1984 1735 1992 1744 .
2020 1710 2122 1746 Adeo

1231 1762 1354 1797 vetusta
1367 1761 1483 1796 estista
1509 1760 1727 1796 Ecclefiastica
1749 1762 1915 1806 poffeffio.
1945 1761 2120 1804 Secundo,

1230 1811 1320 1857 quod
1332 1811 1485 1847 Abbibus
1495 1811 1535 1846 ad
1558 1810 1771 1854 rejiciendum
1793 1813 2075 1858 superordinatum
2085 1812 2122 1846 fi-

1230 1863 1265 1898 bi
1295 1862 1498 1907 Episcopum
1522 1886 1533 1904 ,
1559 1860 1638 1896 istos
1657 1862 1757 1897 etiam
1776 1862 1916 1909 agrestes
1932 1863 2124 1898 armaverit.

1231 1912 1375 1955 Tertio,
1402 1912 1490 1958 quod
1512 1911 1552 1948 ad
1570 1911 1808 1958 reprimendam
1829 1912 1915 1949 hanc
1927 1913 2120 1948 violentiam

1232 1965 1360 2010 legatus
1376 1965 1471 2000 fuerit
1484 1964 1643 2009 Magister
1660 1964 1831 2004 Militum,
1855 1964 1890 1998 &
1911 1964 2002 2009 quod
2025 1964 2052 1998 is
2062 1964 2122 1998 mi-

1233 2016 1304 2049 serit
1318 2014 1522 2060 Phalangem
1535 2015 1712 2059 Equitum.
1738 2013 1889 2063 Quarto,
1907 2014 1996 2059 quod
2015 2013 2124 2058 publi-

1231 2065 1261 2096 ci
1273 2065 1422 2106 Operarii
1435 2087 1445 2101 ‚
1470 2075 1523 2101 ac,
1534 2066 1677 2106 ipsorum
1690 2065 1791 2099 etiarn
1805 2065 1980 2099 Curatores
1991 2065 2125 2098 videan-

1231 2123 1282 2147 tur
1302 2110 1458 2155 adjuviffe
1484 2111 1611 2145 Milites
1628 2123 1666 2147 ac
1694 2124 1819 2146 novum
1839 2112 2059 2156 Episcopum,
2087 2112 2121 2146 δε

1231 2162 1321 2206 quod
1341 2161 1466 2196 idcirco
1487 2160 1642 2204 Abbibus
1662 2161 1870 2204 publicorum
1894 2173 2029 2206 operum
2041 2161 2124 2195 Prae·

1233 2212 1351 2255 positos
1360 2211 1544 2249 seduxerit,
1570 2221 1611 2244 ne
1632 2210 1680 2243 eis
1702 2211 1920 2254 persolverent
1940 2211 2099 2255 stipendia
2112 2236 2122 2244 .

1235 2260 1390 2307 Qiuto,
1417 2259 1509 2302 quod
1534 2259 1596 2293 hac
1606 2259 1646 2293 de
1657 2261 1751 2294 causa
1763 2260 1831 2304 ipse
1840 2260 1993 2296 Militum
2014 2259 2124 2306 Magi-

1233 2311 1296 2345 ster
1318 2311 1442 2345 venerit
1462 2308 1679 2350 Dolichium,
1708 2310 1822 2345 &illic
1832 2321 1948 2346 contra
1957 2309 2126 2345 Theodo-

1234 2369 1338 2395 retum
1361 2372 1399 2394 ac
1426 2359 1510 2394 alios
1528 2359 1622 2393 istius
1633 2359 1813 2394 Provinciae
1825 2360 2007 2405 Episcopos
2018 2360 2124 2404 publi-

1233 2410 1356 2445 caverit
1383 2410 1514 2444 Edicta.
1544 2409 1634 2456 Qia
1647 2421 1766 2453 nempe
1785 2411 1899 2445 omnia
1911 2411 1972 2445 ista
1985 2412 2125 2455 imputa-

1233 2461 1351 2496 bantur
1381 2459 1449 2494 istis
1482 2458 1654 2503 Episcopis
1675 2485 1682 2492 .
1710 2458 1815 2494 Porro
1845 2459 2025 2495 Circitores
2055 2469 2124 2510 erat

1232 2521 1344 2556 quarta
1371 2510 1489 2555 species
1503 2510 1688 2555 Agentium
1700 2510 1735 2544 in
1747 2510 1863 2545 rebus:
1892 2510 2043 2545 Palatina
2056 2510 2123 2545 Mi·

1234 2563 1304 2597 litia
1319 2586 1331 2602 ,
1356 2572 1398 2596 ex
1421 2560 1533 2595 officio
1554 2569 1622 2595 erat
1641 2561 1795 2595 consueta
1818 2559 1984 2604 publicare
2004 2561 2123 2597 similia

1234 2612 1371 2652 Edicta,
1396 2611 1432 2644 &
1452 2609 1587 2653 exequi.
1614 2608 1682 2644 Eos
1705 2610 1857 2643 Militum
1879 2609 2040 2655 Magister
2050 2621 2123 2645 non

1233 2663 1339 2703 misit,
1365 2659 1418 2694 sed
1429 2657 1514 2694 trahi
1525 2658 1610 2702 juffit
1621 2658 1661 2693 ad
1675 2659 1843 2700 praefatum
1855 2669 1958 2703 opus:
1987 2658 2123 2703 Utpote

1233 2722 1371 2747 invitos.

1264 2783 1266 2785 v
1283 2759 1489 2796 Theodoreti
1499 2758 1540 2794 ad
1553 2758 1779 2794 Alexandrum
1791 2757 1926 2795 defectio
1948 2760 2012 2794 suit
2025 2759 2124 2804 Joan-

1237 2813 1272 2848 ni
1294 2811 1492 2848 acerbissima
1511 2835 1518 2843 .
1549 2809 1699 2844 Noverat
1727 2810 1817 2844 enim
1840 2810 1909 2854 ejus
1933 2822 2007 2845 acre
2028 2810 2124 2855 inge-

1239 2865 1353 2899 nium:
1380 2861 1424 2895 Et
1442 2860 1484 2895 ad
1505 2859 1630 2895 bonum
1642 2859 1728 2894 &ad
1740 2861 1883 2894 malum.
1911 2860 1954 2894 Et
1975 2860 2006 2894 ei
2018 2861 2125 2902 impu·

1237 2912 1317 2950 tavit
1328 2922 1444 2946 omnes
1455 2909 1512 2945 has
1523 2908 1752 2945 Dolichienses
1768 2909 1982 2945 turbulentias
1991 2933 1998 2941 .
2026 2908 2122 2943 Hinc

1238 2962 1417 3001 Orientalis
1427 2961 1561 2996 Militiae
1571 2960 1768 3004 Magistrum
1780 2985 1791 3002 ‚
1818 2960 1865 2994 sui
1875 2959 1983 3004 operis
1995 2958 2127 2994 Execu-

1239 3025 1362 3054 torem,
1393 3011 1553 3055 impendit
1573 3011 1615 3046 ad
1637 3008 1893 3045 Theodoretum
1915 3009 2124 3045 monendum

1213 3073 1217 3078 ’
1239 3078 1275 3101 ae
1294 3062 1479 3098 terrendum
1492 3087 1503 3102 ,
1529 3071 1565 3096 ut
1581 3060 1639 3096 nisi
1651 3060 1768 3096 rediret
1788 3060 1830 3095 ad
1843 3061 1977 3103 Joannis
1987 3059 2126 3094 Pati-iare

1239 3114 1305 3151 chae
1327 3113 1610 3148 Communionem
1622 3123 1661 3146 ac
1669 3110 1893 3146 obedientiam
1905 3134 1915 3150 ‚
1941 3112 2125 3155 expestaret

1240 3164 1355 3200 similia
1368 3177 1379 3197 .-
1405 3163 1604 3206 Ejefflonem
1621 3161 1640 3196 ὲ
1661 3163 1716 3196 sua
1738 3161 1920 3196 Cathedra.
1950 3162 1993 3195 Et
2014 3160 2125 3204 Magi·-

1239 3217 1302 3251 ster
1320 3214 1365 3249 est
1379 3214 1507 3248 functus
1528 3212 1641 3249 officio
1653 3238 1660 3245 .
1686 3213 1730 3246 Et
1740 3212 1808 3255 'ejus
1818 3210 1952 3246 Litteris
1964 3210 2123 3245 Theodo-

1239 3276 1326 3302 retus
1346 3275 1401 3308 per
1422 3262 1478 3298 has
1506 3263 1671 3308 praesentes
1693 3261 1862 3307 respondet
1875 3285 1884 3294 .
1909 3256 2122 3305 Expurgat&

1239 3314 1456 3358 semet-ipsum
1470 3316 1561 3358 super
1571 3314 1694 3348 deserta
1702 3313 1839 3355 Joannis
1861 3311 2097 3347 communione
2106 3330 2120 3346 ,

1236 3368 1273 3439 ’δί
1293 3363 1523 3404 Dolichienses
1543 3365 1635 3414 super
1659 3360 1862 3414 turbulentia
1883 3387 1889 3395 .
1918 3356 2122 3444 ῗιῐῐέἓιςῐίηῐῆ
