2320 3730
351 201 462 259 ,158

650 242 653 244 Α
710 197 1045 246 vastrorum
1080 194 1333 240 Paruum
1366 192 1712 254 Ξυπεταιὼν,

279 292 404 326 ,υὶοῐανι
422 287 606 334 accusemne
623 286 830 334 permittimus
853 315 861 324 .
888 288 1001 323 Palam
1027 282 1179 320 sanciunt
1240 280 1322 317 lenti
1335 305 1348 323 ,
1371 292 1411 316 ae
1430 281 1528 326 plene
1545 284 1740 330 repugnanti
1751 283 1968 334 Metropolim
1988 284 2117 325 Firmus

289 352 351 385 pro
372 339 570 378 habentibus
590 351 754 378 extortam
773 340 996 376 voluntatem.
1024 335 1120 369 Hinc
1132 335 1180 371 so-

289 391 343 426 los
361 390 532 432 Clericus,
559 402 629 429 non
653 401 764 427 autem
787 390 834 427 ita
850 388 1021 424 ordinatos
1043 383 1179 429 Episco-

290 451 354 489 pos
373 442 570 485 permittunt
582 442 686 478 redire
707 441 749 475 ad
774 439 939 476 saeculum.
967 434 1105 478 Propter
1127 435 1177 469 su-

277 503 433 537 premam
444 491 647 536 Episcopalis
659 489 834 537 dignitatis
847 486 1052 524 sanctitatem
1064 510 1071 518 .
1100 486 1176 520 lmi-

286 550 401 578 tantur
421 543 496 577 suos
519 541 772 582 Anteeeffores,
798 540 854 585 qui
868 535 1061 575 ordinatum
1077 533 1176 575 &Cu-

276 592 541 634 sialiClericum
562 591 795 636 permittebant
806 587 950 623 revocari
972 586 1013 621 ad
1023 587 1146 622 curiam
1162 611 1173 628 ,

285 654 358 678 non
369 643 583 685 Episcopum.
611 643 699 679 Data
720 639 766 673 est
786 638 839 672 lex
853 637 1038 673 Consulatu
1052 637 1171 682 Magni

285 693 322 729 ὅς
343 687 521 734 Apollonii
543 716 554 732 ,
582 700 672 726 anno
700 688 792 722 istius
817 688 922 727 seculi
946 687 1170 734 sexagesimo,

283 741 443 786 vigesimo
464 741 573 782 primo
595 738 764 779 &ultimo
775 738 896 784 Magni
918 738 1044 778 Leonis
1054 738 1169 773 Ponti-

280 791 367 826 ficis.
397 790 509 837 Qare
522 798 590 822 non
603 788 650 823 est
662 788 884 824 dubitandum
894 813 906 830 ,
931 789 1011 834 quin
1025 790 1091 833 ipse
1103 789 1168 828 fue-

272 840 325 876 rit
336 838 470 874 Author
481 837 561 884 legis
571 863 579 878 ,.
607 838 652 873 Et
662 837 755 886 juxta
766 840 868 884 ipsam
879 839 1068 884 Simplicius
1080 838 1168 874 Pon·

270 891 362 926 tifex
380 888 530 933 proceffit
550 888 585 926 in
597 885 692 929 causa
706 889 885 938 Gregorii,
910 900 1009 932 quem
1023 889 1167 936 Joaunes

275 940 445 975 Ravennae
467 939 685 983 Metropolita
708 936 1059 985 non'pqeledtionem
1072 963 1085 981 ,
1111 940 1164 982 sed

274 1000 330 1035 per
340 988 599 1033 invidiamjuffit
607 989 649 1024 ad
662 990 694 1028 se
707 990 869 1032 violenter
879 989 1018 1037 pertrahi
1032 1015 1044 1032 ‚
1069 1001 1166 1036 atque

264 1040 320 1074 ita
332 1050 400 1074 non
414 1049 471 1083 per
482 1038 589 1079 animi
599 1041 868 1089 tranquillitatem
881 1065 892 1085 ‚
919 1042 1045 1086 sedrper
1056 1052 1165 1076 amen-

269 1090 357 1128 tiam
375 1089 408 1129 ei
431 1088 587 1133 impressit
601 1090 802 1135 Mutinensis
827 1092 976 1133 Ecclesiae
989 1089 1164 1134 Episcopa-

264 1149 364 1175 rtum.
392 1139 647 1175 Reclamantem
667 1150 736 1175 non
757 1141 927 1178 exaudivit
947 1141 1140 1186 Simplicius
1155 1165 1166 1182 ‚

271 1189 328 1225 sed
349 1190 435 1234 jussit
455 1190 544 1226 abire
565 1191 735 1234 Mutinam
755 1216 768 1234 ‚
793 1200 985 1239 exemptum
1013 1202 1123 1235 tamen
1145 1191 1164 1234 a

262 1241 430 1287 potestate
452 1241 610 1286 Ioannis.
858 1240 861 1243 ’

320 1291 555 1328 Nihilominus
579 1293 614 1328 in
626 1293 787 1338 opusculo
807 1291 849 1329 de
859 1293 1008 1335 Formosi
1022 1292 1162 1328 Pontifi-

263 1342 318 1378 cis
331 1343 611 1379 ordinationibus
625 1344 783 1379 Auxilius
794 1344 986 1387 Presbyter,
1011 1344 1162 1388 &ipsum

268 1393 307 1427 in
319 1404 416 1436 opere
427 1393 469 1429 de
481 1388 867 1438 Sacrisordinationibus
876 1395 1162 1440 sequensJoannes

267 1442 426 1483 Morinus
463 1444 583 1484 volunt
621 1446 753 1480 Sacram
776 1444 1056 1486 ordinationem,
1085 1443 1162 1485 licet

267 1490 364 1536 plene
390 1491 498 1526 invito
525 1517 536 1533 ,
562 1494 597 1534 ἀ
619 1495 820 1529 contrariam
844 1494 1047 1530 voluntatem
1066 1494 1161 1541 plene

265 1541 406 1576 habenti
422 1542 627 1587 imprimatur
651 1556 707 1588 per
731 1545 950 1586 violentiam,
975 1546 1039 1579 effe
1058 1555 1159 1579 ratam

265 1603 307 1626 ac
321 1590 464 1626 validam
481 1618 488 1625 .
516 1594 561 1627 Et
583 1592 639 1627 hic
661 1594 747 1636 istud
760 1596 877 1639 probat
897 1608 953 1639 per
976 1595 1043 1639 jam
1060 1593 1160 1629 addu-

265 1643 314 1676 &a
327 1666 338 1682 ‚
364 1652 433 1685 quae
457 1641 514 1686 ipfi
534 1643 710 1685 manifeste
726 1657 796 1680 non
819 1646 931 1685 favent
952 1670 965 1685 ,
989 1644 1137 1689 exempla
1151 1670 1158 1677 .

260 1692 326 1727 ,Est
354 1701 466 1726 tamen
489 1703 594 1728 unum
614 1718 626 1735 ‚
654 1695 745 1737 quod
772 1695 829 1739 ipsi
857 1696 1004 1736 videatur
1030 1696 1157 1737 favere.

266 1740 402 1786 Nempe
426 1741 608 1783 Ordinatio
645 1744 844 1782 Macedonii
880 1744 1102 1786 Anachoretae
1124 1746 1158 1780 in

266 1791 500 1834 Presbyterum
522 1817 534 1833 ‚
559 1794 642 1827 fasta
665 1805 723 1837 per
742 1795 940 1835 Flavianum
968 1794 1160 1836 Antiochiae

270 1840 522 1883 Patriarcham,
546 1842 751 1887 &descripta
773 1855 830 1887 per
840 1843 1098 1884 Theodoretum
1122 1845 1156 1878 in

111 1902 187 1942 Cap.
210 1892 426 1942 13,religi0sa
450 1891 586 1927 historia
610 1906 618 1927 ε
645 1893 804 1939 Pcstquam
829 1897 961 1941 Magnus
983 1895 1157 1936 Flavianus

269 1955 379 1987 magno
389 1947 448 1978 Dei
460 1947 552 1987 Gregi
564 1942 666 1984 Pastor
688 1943 727 1983 est
736 1946 897 1978 ordinatus
907 1969 918 1986 ‚
944 1946 979 1979 sn·
991 1947 1158 1988 Macedonii

268 2000 418 2029 virtutem
428 1998 564 2037 cognovit
574 2018 586 2034 ‚
611 1994 648 2026 de
660 1998 770 2027 montis
783 1995 867 2033 illum
894 2001 1006 2028 vertice
1011 2004 1068 2035 per
1081 1993 1156 2036 obje-

262 2044 327 2079 θα
351 2041 544 2087 accusationis
563 2041 692 2087 speciem
716 2043 870 2083 abduxit,
896 2042 994 2086 &sub
1013 2042 1156 2082 mysticum

261 2094 451 2136 ⁴Sacrificium
475 2088 748 2134 Altariadmovit,
773 2097 983 2135 coaptavitque
1002 2097 1036 2126 in
1057 2102 1153 2126 nume·

260 2155 337 2180 rum
355 2143 566 2182 Sacerdotum.
593 2146 729 2186 Cumque
748 2141 874 2185 parada
884 2145 1029 2188 Litargia
1050 2140 1155 2177 bacilli

260 2195 394 2238 quidam
402 2193 558 2236 indicasti-t
570 2216 582 2233 ‚
606 2191 764 2236 ignorabat
773 2198 853 2226 enim
860 2190 985 2236 prorsus
1000 2193 1076 2235 quid
1081 2190 1156 2236 egis—

265 2243 338 2289 sent
359 2266 371 2284 ,
390 2247 526 2286 primum
543 2243 666 2285 quidem
687 2247 830 2278 convitiis
864 2244 899 2283 (9·
918 2240 1031 2286 asperis
1052 2243 1155 2276 verbis

264 2292 415 2339 proscidit
427 2290 604 2336 universos,
629 2293 741 2331 deinde
751 2300 867 2336 accepto
886 2292 989 2327 baculo
1000 2316 1012 2333 ‚
1038 2303 1096 2335 quo
1107 2298 1155 2326 in-

268 2349 364 2379 nixus
371 2351 498 2386 propter
515 2341 631 2387 senium
640 2342 798 2382 incedebat
809 2366 822 2384 ‚
847 2341 1021 2383 Pontificem
1031 2340 1130 2384 ipsum
1143 2365 1155 2384 ‚

269 2395 307 2429 ὁ·
318 2395 395 2428 alios
414 2399 467 2436 qui
490 2394 620 2429 aderant
635 2415 648 2434 ,
671 2391 822 2435 insecutus
841 2391 880 2431 est
891 2415 902 2432 ,
927 2393 1156 2429 ordinationem

268 2443 349 2479 banc
359 2451 446 2477 ratus
456 2448 566 2478 montis
582 2441 640 2484 fibi
651 2447 792 2476 verticem
804 2463 816 2482 ‚
839 2449 1032 2487 optatamque
1040 2439 1155 2479 babita-

267 2500 379 2529 eionem
389 2500 578 2535 erepturam.
605 2493 665 2530 sed
683 2502 750 2531 eum
760 2492 883 2535 quidem
897 2490 938 2535 fic
946 2494 1155 2542 indignantem

269 2546 351 2589 agre
374 2544 499 2578 tandem
524 2547 613 2576 amici
634 2543 758 2585 quidam
774 2541 965 2589 sidaverunt
986 2566 994 2579 .
1021 2543 1155 2584 Expleta

269 2602 373 2629 autem
393 2591 590 2629 hebdomadis
611 2593 714 2627 circulo
726 2616 737 2633 ,
763 2603 829 2626 cum
838 2593 965 2635 rediiffet
975 2593 1040 2625 dies
1053 2594 1151 2627 Domi-

270 2649 357 2681 nicus
376 2667 388 2684 ,
430 2648 538 2679 iterum
557 2650 677 2678 revocat
698 2643 783 2680 illum
803 2645 934 2687 Magnus
956 2644 1131 2683 Flavianus
1143 2668 1154 2686 ‚

268 2701 412 2737 rogatque
423 2700 456 2729 ut
468 2690 632 2727 celebritati
653 2703 719 2726 cum
731 2692 799 2735 ipfis
808 2691 939 2735 interfit.
965 2696 1043 2726 Tum
1053 2694 1101 2727 ille
1113 2695 1157 2728 ad

271 2754 345 2786 eos,
369 2748 423 2786 qui
433 2751 580 2780 venerant
591 2766 604 2783 ,
628 2747 691 2776 ait:
720 2747 766 2776 An
780 2742 866 2778 vobis
890 2754 950 2778 non
965 2741 1111 2787 sufficiunt
1120 2755 1156 2778 ea

269 2804 343 2837 quae
353 2793 424 2827 aaa
429 2791 505 2836 sunt
514 2817 526 2835 ,
547 2791 603 2838 sed
610 2797 717 2827 iterum
728 2794 824 2828 vultis
843 2804 890 2830 me
897 2790 998 2833 creare
1009 2794 1156 2833 Presbyte-

270 2855 342 2881 rum
355 2844 374 2877 ἔ
400 2846 447 2880 Et
457 2842 700 2888 respondentibus
721 2845 785 2878 illis
793 2843 861 2888 fieri
883 2855 940 2878 non
946 2845 1044 2889 psffe,
1067 2844 1157 2879 uthis

271 2893 331 2938 fiat
340 2895 444 2930 eadem
455 2905 561 2932 manus
574 2893 714 2937 impofitio
722 2917 734 2935 ‚
758 2906 817 2929 non
829 2900 982 2938 acquievit
994 2919 1005 2937 ,
1032 2903 1158 2938 necpro-

269 2943 371 2988 fedus
385 2944 423 2986 est
434 2969 446 2987 ‚
471 2946 561 2982 donec
572 2946 659 2983 illum
675 2953 793 2988 tempus
820 2945 1033 2987 &familiares
1043 2943 1159 2989 hocsae-

273 2996 347 3037 pius
359 2997 536 3031 edocuerunt
547 3021 555 3029 .
581 2998 692 3035 selmus
701 2994 777 3040 sane
787 2995 876 3034 haud
884 2995 1073 3030 laudandam
1082 2997 1158 3030 mul-

278 3049 320 3078 tis
332 3044 431 3089 visum
450 3051 488 3083 iri
497 3046 576 3081 banc
597 3052 817 3087 narrationem,
845 3045 968 3090 apposui
978 3055 1081 3081 tamen
1097 3058 1158 3081 me·

278 3095 449 3130 morabilem
466 3098 612 3142 judicans
632 3121 644 3138 ,
667 3106 701 3131 ut
726 3098 863 3135 idoneam
887 3097 934 3130 ad
955 3102 1067 3130 mentis
1092 3098 1157 3139 ejus

277 3140 490 3227 implicitum
515 3170 529 3189 ,
564 3152 734 3192 animeque
762 3152 928 3195 puritatem
962 3146 1158 3188 demonstran-

305 3203 356 3224 am
367 3216 375 3224 .

330 3241 530 3285 Respondeo
539 3244 749 3286 Theodoreti
769 3248 810 3286 de
820 3246 885 3282 hoc
896 3246 1047 3282 Flaviani
1060 3259 1158 3292 opere

280 3290 412 3327 sensum
432 3293 496 3327 esse
514 3295 727 3340 ambiguum.
754 3298 824 3341 Ipse
844 3298 934 3333 enim
954 3298 990 3331 in
1012 3299 1157 3342 praesenti

281 3341 559 3387 Hypomnystico
594 3344 704 3379 lucide
730 3349 901 3388 profitetur
928 3347 1156 3393 Episcopalem

280 3391 575 3435 Consecrationem
585 3417 599 3438 ‚
622 3405 723 3441 quam
733 3394 865 3432 homini
875 3398 1006 3444 penitus
1016 3410 1087 3435 non
1099 3412 1155 3436 vo·

1238 331 1324 378 apud
1338 329 1560 377 Thyanenses
1573 333 1792 376 impresserat,
1815 336 1908 372 fuisse
1919 348 2056 373 vacuam
2081 340 2118 374 dc

1238 383 1384 419 nullam:
1412 382 1457 418 Et
1478 382 1577 419 istum
1592 384 1688 420 fuine
1706 385 1835 439 sensum
1854 388 2037 425 Orientalis
2057 390 2119 424 Ec-

1236 434 1336 470 clefiae
1346 458 1353 469 .
1379 433 1425 468 Et
1437 432 1527 470 hunc
1536 434 1680 471 omnino
1689 434 1863 479 respiciens
1872 438 1992 482 scripsit
2005 439 2117 475 Mace·

1234 483 1637 522 doniiConsecrationem
1658 485 1772 524 multis
1791 485 2003 533 displicuisse.
2029 490 2117 537 Q-

1233 535 1310 573 dam
1321 544 1432 574 tamen
1444 537 1563 573 volunt
1575 538 1678 581 ipsam
1692 548 1760 572 non
1771 537 1912 582 spectare
1931 537 1974 572 ad
1984 541 2117 581 praesens

1234 585 1459 630 Propositum„
1486 587 1622 626 Etenim
1635 587 1855 629 Macedonius
1875 599 1946 626 non
1958 587 2024 625 fuit
2036 590 2118 627 relu-

1232 638 1323 673 stans
1342 646 1400 671 aut
1420 637 1566 679 invitus,
1592 638 1646 678 sed
1668 639 1841 679 dumtaxat
1863 638 1992 675 nescius
2014 639 2116 682 fasto-

1232 697 1326 728 rum,
1351 698 1507 725 aeterum
1520 689 1714 734 imperitus.
1741 688 2012 734 Episcopalibus,
2038 701 2117 739 qun·

1231 748 1303 777 rum
1314 738 1468 777 virtutem
1490 740 1687 788 ignorabat,
1713 738 1995 782 benedictionibus
2016 751 2116 786 caput

1232 788 1400 832 supposuit
1413 788 1527 829 volens
1545 792 1580 826 ἀ
1590 792 1760 835 gaudens,
1786 792 1929 836 ideoque
1939 789 2067 827 videtur
2078 792 2114 826 in

1229 849 1366 877 omnem
1389 839 1532 883 ipsarum
1561 842 1714 882 effectum
1734 841 1926 882 consensisse
1946 866 1955 875 .
1981 839 2117 879 Praefati

1229 889 1345 929 volunt
1367 890 1462 929 fuiffe
1485 902 1589 926 unum
1615 904 1657 928 ex
1679 893 1769 934 istis,
1795 893 1835 927 de
1855 891 1976 937 quibus
1995 891 2038 926 ad
2049 891 2117 928 Mi-

1227 938 1375 975 chaelem
1399 940 1594 987 Moregium
1615 942 1842 983 Arelatensem
1852 939 2118 988 Archi-Episco-

1228 1001 1307 1035 pum
1331 989 1489 1035 rescripfit
1519 991 1737 1031 Innocentius
1766 994 1881 1031 tertius
1905 1006 1918 1027 .-
1944 996 2028 1032 Tunc
2047 1002 2117 1038 ergo

1227 1039 1440 1081 Ghmaederem
1452 1042 1688 1082 sacramentalis
1700 1049 1849 1087 imprimis
1868 1047 2000 1085 operatio
2011 1066 2023 1083 ,
2047 1053 2116 1079 cum

1227 1090 1333 1123 obicem
1342 1090 1500 1126 contrariae
1520 1094 1687 1126 voluntatis
1698 1105 1757 1127 non
1778 1098 1900 1133 invenit
1911 1090 2087 1134 obfistentem
2104 1117 2115 1126 .

1228 1139 1354 1181 Verum
1365 1139 1524 1177 Pontifex
1537 1141 1579 1175 de
1591 1142 1667 1182 solis
1679 1141 1863 1178 infantibus
1875 1166 1886 1183 ,
1912 1141 2114 1185 amentibus,

1227 1203 1264 1225 ac
1284 1189 1525 1231 dormientibus
1547 1191 1711 1235 loquitur.
1740 1192 1870 1234 Mentis
1890 1200 2086 1236 compotum
2103 1216 2118 1234 ,

1226 1252 1263 1275 ac
1284 1241 1455 1285 praesertim
1479 1240 1692 1287 vigilantium
1711 1242 1758 1278 est
1787 1241 1891 1289 longe
1918 1241 1983 1281 alia
2007 1241 2114 1278 ratio.

1230 1291 1364 1327 Etenim
1382 1290 1425 1329 in
1458 1290 1712 1332 Commentario
1738 1292 1780 1328 ad
1807 1291 2115 1338 quinquagesimum

1226 1343 1380 1377 octavum
1392 1340 1501 1378 saneti
1512 1341 1601 1380 lsaiae
1634 1351 1734 1384 eaput
1750 1342 1871 1381 Beatus
1882 1342 2113 1385 Hieronymus

1227 1390 1385 1436 quosdam
1407 1388 1493 1424 ridet
1511 1414 1522 1431 ‚
1553 1391 1646 1441 quod
1669 1391 1864 1430 sustinerent
1884 1390 1976 1426 hune
1997 1391 2115 1427 artico>

1227 1443 1317 1476 lum:
1343 1440 1542 1482 clandestina
1564 1447 1646 1480 vocis
1662 1446 1833 1484 Imprecatio
1843 1442 1972 1480 clericos
1993 1441 2118 1478 ordin

1225 1491 1401 1536 nescientes.
1429 1490 1576 1528 Proinde
1595 1490 1789 1531 Macedonii
1815 1491 1996 1533 Ordinatio
2013 1491 2117 1530 etiam

1224 1543 1285 1577 isto
1301 1550 1448 1586 tempore
1460 1541 1525 1582 fuit
1536 1539 1716 1589 plurimum
1727 1542 1885 1588 ambigua
1898 1567 1910 1584 ,
1921 1539 2118 1588 plurimum-

1221 1604 1285 1636 que
1298 1592 1439 1635 suspesta
1459 1617 1467 1625 .
1493 1589 1533 1626 In
1556 1592 1624 1629 fine
1639 1592 1767 1635 septimi
1790 1592 1868 1632 libri
1890 1591 2116 1636 deBaptismo

1221 1653 1337 1683 contra
1347 1641 1542 1681 Donatistas
1551 1642 1687 1682 Sanctus
1700 1641 1909 1689 Augustinus
1916 1643 2021 1689 agitat
2029 1652 2116 1685 quar

1220 1693 1384 1735 stionem,
1409 1703 1452 1728 an
1478 1691 1671 1737 Baptisma,
1698 1692 1734 1731 iu
1751 1701 1964 1741 quototum,
1988 1700 2114 1730 tamen

1220 1743 1351 1784 dantis,
1376 1753 1476 1788 quam
1500 1754 1544 1779 ex
1566 1741 1774 1788 suscipientis
1800 1753 1889 1790 parte
1915 1739 2053 1782 mimice
2074 1751 2114 1779 ae

1219 1794 1409 1838 joculariter
1430 1792 1499 1830 fine
1525 1793 1700 1832 voluntate
1725 1803 1874 1840 ageretur
1894 1817 1908 1834 ,
1932 1793 2012 1828 erret
2031 1791 2112 1829 vali-

1220 1843 1350 1883 dumac
1361 1852 1468 1882 ratum
1480 1866 1493 1883 ‚
1519 1842 1755 1886 &responden
1777 1845 1887 1881 Utrum
1897 1841 2114 1885 approbandus

1221 1894 1286 1938 effet
1298 1891 1499 1938 Baptismus,
1525 1898 1578 1936 qui
1581 1891 1624 1935 fic
1636 1894 1785 1935 daretur,
1811 1891 2115 1938 DivinumJudiclum

1217 1953 1275 1992 per
1296 1945 1424 1985 alicujus
1442 1944 1643 1981 revelationis
1665 1945 1837 1987 oraculum,
1864 1943 1999 1979 concordi
2007 1946 2115 1979 oratio

1220 2006 1280 2034 ne,
1306 1995 1342 2034 ψ
1356 1991 1494 2036 impenfis
1512 1991 1641 2036 fitpplici
1663 1994 1821 2028 devotione
1836 1992 2006 2038 gemitibus
2022 2016 2034 2034 ,
2058 1997 2114 2026 in»

1186 2040 1191 2045 '
1214 2043 1400 2088 plorandum
1425 2043 1476 2088 effe
1496 2039 1659 2083 censerem.
1686 2043 1780 2081 Idem
1803 2043 1888 2082 olim
1898 2041 2114 2082 dubium-fuit
2129 2046 2204 2085 Cap.
2220 2053 2269 2084 53·-

1220 2086 1262 2126 δὲ
1275 2090 1444 2137 Baptismo
1455 2090 1619 2125 violenter
1629 2101 1746 2128 contra
1757 2103 1895 2127 omnem
1907 2094 2115 2128 voluntatem

1221 2141 1374 2185 impresso
1386 2165 1394 2175 .
1420 2140 1467 2176 Et
1479 2139 1615 2178 valuisse
1633 2140 1751 2176 docuit
1774 2144 1923 2186 praefatus
1938 2142 2113 2188 Presbyter

1225 2190 1400 2226 Auxilius.
1426 2189 1471 2225 Et
1493 2188 1584 2227 haud
1609 2190 1711 2229 dubie
1731 2188 1849 2228 habuit
1871 2192 2029 2237 Collegas
2050 2195 2116 2229 suo

1223 2240 1404 2276 sententi‘ae.
1431 2240 1475 2275 Et
1495 2238 1635 2280 dubium
1659 2241 1763 2285 usque
1784 2241 1827 2279 ad
1839 2242 1894 2279 sua
1907 2252 2058 2286 tempora
2068 2242 2114 2277 vi—

1220 2291 1324 2336 guiffe
1346 2290 1483 2328 testatur
1505 2290 1540 2324 in
1559 2290 1700 2327 laudatis
1721 2290 1839 2329 litteris
1849 2292 1940 2329 idem
1953 2291 2112 2329 Pontifex

1208 2341 1437 2380 ,Innocentius
1458 2365 1465 2378 .
1491 2339 1587 2378 Hinc
1613 2341 1682 2384 ipse
1703 2340 1918 2385 quaestionem
1945 2342 2114 2384 discutiit,

1220 2402 1258 2426 ac
1278 2391 1432 2428 definivit
1456 2389 1640 2426 istiusmodi
1653 2390 1862 2434 Baptismum
1882 2403 1953 2426 non
1978 2401 2110 2427 tenere.

1221 2441 1265 2475 Et
1276 2440 1370 2477 addit
1392 2438 1482 2474 hunc
1493 2439 1588 2476 fuifle
1605 2440 1735 2478 sensum
1746 2442 1847 2476 etiam
1866 2441 2043 2480 Toletanae
2053 2442 2112 2487 Sy-
2177 2477 2179 2479 ,

1222 2491 1304 2527 nodi
1325 2513 1337 2530 ,
1363 2501 1434 2534 quae
1455 2488 1641 2534 baptizatos
1659 2500 1717 2534 per
1737 2491 1805 2525 vim
1832 2492 1961 2538 Judaeos
1981 2493 2111 2529 censuit

1221 2540 1293 2576 vere
1303 2540 1468 2580 initiatos.
1502 2539 1658 2576 Affirmat
1671 2539 1844 2585 Synodum
1859 2543 1997 2580 sanxisse
2008 2543 2050 2578 de
2061 2544 2108 2585 vi,

1219 2602 1290 2635 quae
1308 2590 1486 2626 extorserat
1513 2588 1721 2624 voluntatem
1743 2613 1751 2621 .
1778 2588 1905 2633 Eadem
1934 2591 2109 2628 sententia·

1218 2651 1290 2676 rum
1300 2637 1468 2677 diversitas
1476 2637 1541 2675 fuit
1555 2646 1703 2681 tempore
1717 2638 1868 2677 Flaviani
1887 2639 2085 2679 Patriarchae
2096 2666 2107 2684 ‚

1219 2688 1361 2734 ideoque
1381 2687 1439 2726 ille
1458 2689 1513 2722 eat⁴
1529 2687 1596 2731 ipsa
1619 2688 1824 2726 consecravit
1845 2689 2105 2727 Macedonium,

1218 2740 1325 2777 Porro
1346 2737 1561 2778 Innocentius
1586 2737 1700 2775 tertius
1726 2750 1797 2774 non
1822 2738 1997 2779 dumtaxat
2019 2743 2107 2778 cirea

1220 2791 1385 2836 Baptisma
1398 2812 1410 2830 ,
1435 2787 1488 2825 sed
1509 2788 1610 2822 etiam
1632 2789 1718 2826 circa
1729 2788 1954 2828 Christianam
1975 2792 2106 2829 Confir—

1221 2842 1403 2878 mationem
1424 2839 1459 2873 δε
1470 2838 1580 2873 Sacras
1592 2838 1831 2877 Ordinationes
1847 2843 2017 2884 evacuavit
2032 2854 2106 2878 om.

1219 2904 1261 2930 ne
1271 2890 1356 2927 istud
1372 2888 1528 2928 dubium.
1557 2888 1692 2923 Etenim
1711 2889 1771 2927 sub
1781 2890 1984 2937 Baptismate
1994 2894 2104 2929 omni·-

1221 2941 1265 2979 τιὸ
1273 2938 1523 2986 comprehendit
1531 2939 1565 2976 ὅ(
1578 2939 1878 2982 confirmationem
1891 2952 1912 2980 e·
1928 2942 2103 2989 Qsoniam

1219 2993 1286 3038 ejus
1297 2990 1404 3027 adhuc
1421 3000 1565 3033 ternpore
1584 2988 1653 3025 haec
1663 2989 1800 3026 dabatur
1821 2991 1914 3025 simul
1924 3004 2001 3029 cum
2016 2992 2103 3034 illo,

1220 3052 1335 3090 utpote
1346 3042 1416 3087 ejus
1424 3040 1707 3084 complementum
1719 3065 1727 3073 .
1754 3042 1799 3077 Et
1810 3041 1948 3087 Papales
1959 3043 2103 3079 rationes

1220 3093 1349 3143 penitus
1369 3091 1632 3141 comple-{tuntas
1654 3092 1753 3130 etiam
1773 3092 1884 3131 sacras
1907 3093 2104 3131 Ordinatio-

1220 3157 1298 3184 nes.
1492 3167 1495 3170 -

1270 3192 1376 3230 Ροιτὸ
1394 3194 1480 3230 circa
1490 3194 1603 3230 sacras
1624 3193 1888 3234 Ordinationes,
1913 3194 1948 3228 &
1960 3193 2100 3230 aliorum

1217 3247 1504 3284 Sacramentorum
1526 3243 1845 3279 administrationem
1857 3243 1999 3289 legimus
2008 3245 2099 3291 plura

1221 3307 1290 3331 non
1312 3295 1412 3330 solius
1423 3294 1595 3337 Flaviani,
1612 3293 1713 3338 cujus
1735 3305 1804 3331 non
1817 3293 1862 3330 est
1879 3303 1971 3331 tanta
1984 3293 2099 3330 autho·

1218 3346 1294 3383 ritas
1304 3371 1316 3388 ‚
1342 3345 1395 3380 sed
1417 3346 1452 3381 ὅ(
1466 3346 1658 3382 δαῃέὶοῐιιιη
1668 3343 1804 3379 Patrum
1815 3341 1924 3389 Asta,
1936 3355 2016 3388 ,quae
2028 3353 2098 3375 non

1218 3397 1374 3444 poffimus
1384 3395 1419 3431 in
1430 3396 1596 3442 exemplar
1611 3395 1769 3432 assumere
1777 3417 1791 3438 ,
1815 3392 1917 3440 longe
1931 3394 2042 3428 minus
2062 3393 2096 3426 in

1956 3452 2050 3488 ‘08¹4‘
