2320 3730
378 196 485 253 240¹

639 310 711 342 ssl'

386 379 388 381 ’
409 393 451 445 C
466 394 509 443 A
523 392 557 438 Ρ
573 389 673 442 UT
707 382 1005 437 Lxxxvni.
1090 402 1105 432 1
1120 397 1184 448 76

299 578 470 651 Eplstola
504 576 665 645 ejusdem
719 575 771 627 ad
806 571 1052 640 Theose'ebium
1086 579 1182 643 Epi-

464 646 645 721 stapam.
682 646 830 693 Amba,-
864 647 1008 709 Jrenfus

628 719 794 793 ponit.

374 906 406 939 X
443 918 511 950 quo
541 905 673 952 quidem
707 907 787 943 mali
813 908 962 943 nominis
987 907 1178 953 reliquimus

400 955 564 1001 Ephesum
579 960 614 999 ’,·
637 970 742 1002 neque
766 959 870 1002 scripsi
900 969 963 993 tuae
987 959 1178 997 Sanititati,

291 1017 352 1040 nec
364 1007 428 1040 frui
442 1018 495 1041 me
507 1008 654 1052 contigit
677 1008 870 1043 tuislitteris
884 1008 963 1043 .'Et
982 1019 1018 1042 ut
1030 1019 1178 1042 eommu-

288 1067 368 1089 nem
406 1058 658 1093 satisfatstionem
696 1058 816 1093 faciam
841 1083 851 1099 ‚
879 1058 1019 1092 arbitror
1044 1058 1178 1091 causam

288 1105 383 1139 fuisse
410 1118 478 1141 non
499 1108 623 1144 itineris
652 1108 898 1154 longitudinem
925 1132 937 1150 ,
963 1107 1017 1141 sed
1041 1118 1081 1141 ex
1114 1118 1177 1146 eo,

288 1156 380 1199 quod
392 1157 433 1190 ab
448 1158 502 1191 illa
516 1158 594 1200 via,
616 1168 681 1201 qua
706 1166 840 1191 currunt
858 1158 956 1202 equi,
983 1156 1116 1201 longius
1145 1157 1178 1191 &

288 1208 395 1240 nos&
408 1218 464 1242 tua
479 1203 692 1254 Religiositas
705 1206 828 1244 habitet
840 1234 847 1241 .
875 1203 1104 1242 Veruntamen
1121 1207 1176 1241 etsi

287 1257 411 1290 litteras
426 1270 493 1292 non
508 1260 690 1302 accepimus
702 1284 712 1300 ‚
739 1260 803 1294 tuis
814 1257 973 1294 continue
986 1257 1176 1292 deliciamur

286 1305 325 1341 in
340 1307 504 1343 laudibus.
535 1309 738 1344 Audivimus
753 1310 843 1344 enim
869 1310 978 1344 zelum
999 1318 1093 1343 tuum
1110 1318 1174 1353 ,pro

286 1358 407 1403 pietate
429 1381 439 1397 ,
479 1360 512 1393 ὃς
537 1361 772 1401 fortitudinem
798 1371 912 1396 contra
938 1360 1174 1405 iniquitatem,
1233 1369 1237 1391 i

285 1407 320 1444 ὅ(
333 1408 476 1442 multum
491 1411 645 1444 miramur
658 1411 762 1445 animi
778 1410 1068 1454 perseverantiam.
1084 1410 1172 1443 Nam

285 1469 351 1491 nos
362 1459 495 1501 quidem
512 1460 612 1504 longe
621 1461 662 1495 ab
679 1461 837 1519 hostibus
847 1461 1070 1500 existentes,

285 1515 335 1540 tra
349 1506 559 1551 sagittarum,
584 1512 665 1542 ficut
938 1519 994 1541 um
1005 1497 1174 1547 sedentes,

281 1555 372 1591 nihil
397 1559 533 1590 valemus
556 1559 693 1593 arduum
718 1583 729 1599 ,
757 1558 813 1600 nisi
830 1558 995 1592 bonorum
1029 1558 1172 1590 virorum

285 1604 443 1641 virtutem
469 1608 672 1641 sermonibus
690 1610 815 1642 elevare
836 1633 847 1648 ,
873 1608 914 1642 ab
935 1608 1007 1651 ipsis
1021 1606 1172 1651 operibus

284 1655 502 1690 abstinentes.
529 1656 607 1691 Tua
624 1657 698 1691 vero
712 1659 787 1691 Deo
801 1657 1000 1691 Amabilitas
1013 1658 1047 1690 in
1061 1657 1172 1690 medio

284 1704 433 1740 hostium
446 1708 622 1742 constituta
635 1734 645 1749 ,
673 1709 706 1741 δε
717 1707 757 1742 ab
779 1707 823 1741 eis
837 1708 984 1751 undique
996 1707 1171 1741 circumda-

284 1765 340 1795 ta,
366 1768 442 1790 cum
464 1758 649 1791 circumfusi
674 1757 737 1792 fint
759 1757 910 1798 inimici,
937 1759 1055 1791 fortior
1069 1757 1171 1791 exstat

283 1803 303 1840 ἢ
315 1806 411 1839 malis
422 1831 432 1846 ‚
444 1806 477 1840 δε
491 1809 576 1850 quasi
591 1809 639 1840 vir
652 1807 841 1841 fortiffimus
851 1807 970 1850 aliquis
983 1807 1081 1841 armis
1093 1807 1172 1840 ami-

281 1857 353 1889 naus
365 1880 375 1895 ,
401 1856 495 1900 galea
507 1856 642 1899 quidem
654 1857 839 1890 emissarum
863 1856 984 1890 nubem
999 1857 1170 1901 repercutit

281 1905 475 1950 sagittarum
502 1931 514 1947 ,
542 1907 661 1942 lancea*
680 1905 757 1941 vero
781 1908 874 1951 sugat
904 1906 1060 1940 instantes
1082 1920 1092 1940 :
1119 1906 1172 1941 Sic

279 1956 445 1989 Sanctitas
457 1965 514 1988 tua
525 1955 731 1990 omnimodis
744 1955 962 1998 spiritualibus
986 1957 1083 1990 armis
1094 1958 1172 1990 ami·

283 2005 336 2037 Sta
347 2027 358 2043 ‚
386 2005 478 2037 scuto
496 2003 628 2048 quidem
640 2005 716 2039 fidei
729 2006 853 2050 ignitas
874 2005 1062 2048 iniquorum
1076 2007 1172 2049 sagit-

282 2061 335 2087 tas
348 2052 539 2097 extinguit,
564 2054 677 2099 gladio
695 2065 805 2087 autem
829 2054 966 2096 Spiritus
986 2053 1171 2087 &Divino-

285 2115 360 2137 rum
386 2103 533 2137 doctrina
567 2105 755 2138 sermonum
776 2102 946 2137 falsitatem
976 2103 1167 2144 convincit,

285 2152 518 2188 fortitudinem
530 2153 611 2187 verde
620 2154 763 2196 veritatis
783 2153 927 2187 ostendit
938 2177 946 2185 .

338 2204 475 2245 Propter
485 2202 575 2246 quod
586 2202 808 2236 beatificamus
818 2212 868 2242 te,
894 2202 1093 2236 Sanstiffime
1102 2227 1113 2243 ,
1138 2203 1172 2236 δι’.

285 2252 478 2286 Dominum
493 2252 718 2295 deprecamur:
745 2251 859 2284 Simile
872 2250 997 2293 aliquid
1018 2252 1173 2286 facientes

284 2301 359 2344 his,
381 2303 442 2343 -qui
463 2302 608 2336 sedentes
626 2303 754 2336 interra
778 2313 836 2345 pro
848 2301 914 2342 eis,
942 2301 999 2342 qui
1022 2312 1172 2345 pugnant

285 2353 372 2387 inter
385 2353 489 2397 pelagi
501 2353 616 2391 fludtus
628 2357 643 2393 ,”
661 2354 826 2386 ferventer
838 2362 996 2392 exorent,
1022 2361 1059 2384 ut
1072 2352 1093 2384 si
1108 2351 1170 2394 pla-

285 2414 340 2438 cet
365 2404 420 2446 ipsi
440 2428 452 2444 ,
479 2403 682 2447 tempestates
706 2402 846 2437 Caelicus
864 2402 972 2435 solvat
994 2426 1001 2434 .
1030 2402 1066 2435 Si
1091 2400 1167 2435 vero

285 2452 397 2488 adhuc
418 2463 548 2498 oportet
561 2465 637 2493 eos,
664 2452 720 2497 qui
739 2452 834 2487 nobis
854 2452 928 2486 sunt
939 2451 1076 2491 similes,
1102 2463 1172 2486 cor-

284 2504 349 2547 ripi
366 2529 377 2544 ‚
400 2503 436 2537 &
450 2516 507 2539 eos
521 2504 617 2539 nobis
627 2503 774 2547 ostendi,
801 2502 866 2537 hoc
890 2501 984 2536 vobis
1004 2501 1103 2535 robur
1114 2502 1170 2535 do-

285 2563 345 2588 met
370 2556 469 2598 usque
500 2555 535 2588 in
560 2555 663 2587 finem
696 2554 909 2586 certaminum
937 2575 944 2581 .
973 2552 1171 2585 Communis

285 2615 432 2648 mamque
456 2603 659 2638 confidentia
680 2603 740 2636 erit
753 2626 763 2641 ‚
788 2601 997 2634 &virilitatis
1008 2600 1172 2645 Principa-

286 2655 363 2687 litas
386 2653 545 2687 omnibus
566 2678 580 2693 ,
603 2651 660 2696 qui
679 2651 714 2685 in
736 2649 801 2685 hoc
818 2649 955 2685 stadium
977 2650 1171 2686 descendere

288 2703 435 2747 eligunt.
464 2702 565 2747 Qod
586 2700 717 2745 quidem
741 2701 913 2746 Malignus
937 2702 1087 2744 aperuit,
1115 2714 1170 2736 no-

288 2753 362 2789 ·,strae
377 2761 499 2786 naturae
509 2752 715 2795 superbiens,
739 2752 820 2785 utile
842 2751 918 2784 vero
935 2751 1031 2792 fecit,
1058 2750 1168 2785 hono-

284 2813 426 2845 sumque
449 2802 675 2845 procurationi
698 2802 949 2835 accommodum
973 2803 1064 2835 Deus
1089 2802 1168 2843 ille,

287 2853 347 2897 qui
361 2852 506 2897 Maligni
528 2851 829 2887 machinationibus
852 2852 954 2885 utitur
964 2850 1003 2885 ad
1015 2852 1150 2886 salutem
1164 2877 1171 2883 .

287 2902 444 2946 Denique
464 2902 600 2936 &nunc
619 2902 694 2936 illos
716 2925 726 2941 ,
752 2900 809 2945 qui
829 2901 989 2935 contraria
1004 2902 1170 2936 Dostrinae

288 2952 490 2996 Apostolicae
511 2951 739 2993 adstruebant‚
765 2952 799 2986 &
818 2952 875 2994 qui
899 2961 999 2984 unam
1022 2962 1170 2986 naturam

289 3003 407 3037 fastam
421 3002 584 3037 docebant
597 3001 720 3036 Christi
742 3012 892 3041 naturas,
917 3000 951 3033 δε
963 3003 1170 3044 temperatio-

290 3065 367 3087 nem
391 3054 483 3096 super
509 3053 682 3088 inconfusa
712 3051 864 3085 unitione
883 3050 1170 3094 dogmatizabant,

291 3103 326 3138 δε
345 3102 416 3136 illas
439 3102 617 3145 passiones,
644 3114 713 3146 quae
736 3113 793 3146 pro
820 3101 927 3137 nostra
946 3101 1045 3136 salute
1068 3102 1169 3137 Carni

293 3152 433 3185 Domini
449 3154 523 3186 sunt
546 3154 659 3193 illatae,
686 3150 929 3186 inconvertibili
945 3150 1173 3186 &incommu-

293 3200 580 3235 tabiliDivinitati
593 3202 771 3236 adscribere
795 3210 1024 3241 tentaverunt,
1050 3202 1084 3234 in
1097 3204 1172 3237 alte·

294 3261 362 3285 ram
375 3250 553 3283 doctrinam
566 3276 576 3291 ‚
602 3262 672 3293 quae
690 3252 740 3286 his
760 3252 806 3286 est
829 3252 988 3296 eregione
1013 3253 1172 3286 contraria

295 3298 466 3336 manifeste
487 3323 497 3338 ,
524 3301 653 3333 reduxit
673 3325 684 3342 ,
711 3303 745 3336 ὅ(
770 3302 1004 3349 Evangelicam
1029 3302 1171 3338 redoceri

296 3349 444 3396 regulam
460 3350 624 3396 compulit
636 3376 646 3385 .

1067 1460 1174 1547 ³?

689 178 1048 227 „VARIORUM
1084 175 1336 228 PATRUM
1371 173 1705 236 Evrsrow,

1298 253 1404 290 Unde
1413 255 1492 292 duas
1502 257 1648 294 confiteri
1661 269 1790 297 naturas
1808 261 1955 305 prasenti
1972 270 2130 307 tempore

1247 306 1380 350 persuasi
1400 307 1495 347 sunt,
1521 307 1556 340 δε
1576 309 1692 343 vertibi
1683 310 1819 345 ⁸litatem
1836 312 2129 357 confusionemque·

1246 356 1288 390 ab
1302 355 1527 391 Ecclesiasticis
1550 357 1724 392 exiliantes
1743 359 1971 410 dogmatibus,
1996 372 2123 398 natura·
2129 382 2131 386 .

1246 418 1317 440 rum
1329 406 1527 447 differentiam
1548 407 1632 441 clara
1656 407 1829 451 praedicant
1840 416 1944 452 voce,
1960 413 2122 457 &passio-

1247 467 1303 491 nes
1335 457 1436 492 Carni
1467 467 1658 501 coaptantes
1682 483 1694 500 ,
1719 457 1944 501 impaffibilem
1961 463 2123 497 Divinam

1246 507 1445 547 confirmant
1467 509 1530 542 esse
1543 517 1711 542 naturam.
1737 508 1891 547 Tantum
1906 510 1966 544 &i
1968 511 2028 557 pfis
2046 512 2123 548 Ad-

1246 558 1389 592 versariis
1405 556 1469 592 hoc
1482 556 1626 592 studium
1639 558 1782 602 profuit:
1810 558 1891 593 Non
1904 570 2033 603 propter
2041 562 2122 597 Dia-

1244 605 1313 641 boli
1336 609 1540 651 nequitiam,
1567 607 1620 643 sed
1643 619 1773 652 propter
1794 608 1860 643 Dei
1882 610 1985 644 nostri
2004 611 2123 645 miseri-

1242 658 1388 693 cordiam
1408 659 1441 695 ὅτ.
1465 659 1656 703 sapientiam
1669 684 1677 692 .
1704 658 1877 694 Credimus
1899 660 1987 702 quod
2008 660 2073 699 &'
2063 662 2124 698 ini-

1243 709 1401 751 quitatem
1413 710 1589 743 convincat
1602 733 1613 750 ,
1623 710 1701 743 sicut
1713 709 1912 752 impietatem
1924 709 2059 744 nudavit
2069 723 2078 754 3
2089 711 2123 745 δε

1241 758 1368 801 justitiae
1391 759 1565 802 prospiciat
1584 783 1595 800 ,
1622 760 1701 793 ficut
1719 760 1873 803 pietatem
1886 759 2027 794 ostendit
2042 785 2050 793 .
2078 761 2123 795 Et

1241 807 1395 848 omnibus
1409 807 1594 853 persuadeat
1608 834 1620 850 ,
1646 810 1721 853 quia
1745 809 1912 851 nihilest,
1937 809 2028 854 quod
2050 821 2120 844 non

1241 870 1370 903 regatur
1385 859 1426 893 ab
1439 871 1496 894 eo.
1525 859 1644 901 Neque
1657 859 1737 903 quid
1750 860 1917 906 negligat,
1943 859 1997 894 sed
2009 861 2123 894 omnia

1242 911 1400 953 sapienter
1417 909 1601 953 gubernans
1625 911 1786 953 permittat
1803 910 1844 944 ad
1859 910 2029 944 modicum
2044 920 2126 944 con-

1240 969 1286 992 tra
1298 970 1411 993 navem
1424 960 1529 993 saevire
1541 960 1698 1003 procellas
1709 983 1719 999 ,
1746 970 1782 994 ut
1794 960 1947 995 virtutem
1961 959 2124 1003 propriam

1241 1009 1470 1054 navigantibus
1491 1010 1675 1047 innotescat
1695 1034 1702 1040 .
1734 1009 1885 1047 Viriliter
1909 1010 2012 1055 igitur
2036 1020 2097 1054 age
2111 1033 2124 1050 ‚

1240 1059 1410 1099 Domine,
1424 1060 1470 1093 .&
1498 1061 1702 1098 confortetur
1725 1070 1781 1094 cor
1800 1069 1915 1100 tuum,
1942 1059 1977 1092 &
2001 1058 2131 1094 sustine*

1240 1108 1444 1144 Dominum.
1474 1109 1519 1142 Et
1530 1120 1583 1147 me
1604 1117 1713 1142 autem
1737 1108 1896 1143 suffulcias
1914 1109 1979 1143 tuis
2003 1109 2123 1144 oratio-

1244 1157 1368 1206 nibus,
1396 1159 1504 1201 quaeso
1525 1182 1536 1198 ,
1564 1158 1621 1201 qui
1648 1156 1740 1191 valde
1771 1158 1829 1191 tali
1853 1158 1996 1201 praefidio
2017 1170 2120 1208 egeo,

1240 1220 1307 1244 tam
1335 1218 1463 1252 propter
1473 1207 1820 1244 animaeinfirmitatem
1834 1230 1845 1248 ‚
1869 1206 1967 1257 quam
1988 1216 2121 1259 propter

1240 1258 1384 1304 corporis
1407 1269 1538 1303 quoque
1564 1258 1773 1303 languorem.

1570 1381 1579 1399 N

1398 1413 1975 1476 „Se—an011onf

1247 1451 1333 1461 «μὴ
1348 1452 1352 1454 -

1284 1558 1368 1593 Nter
1392 1558 1573 1603 Ephesinos
1606 1561 1742 1603 Joannis
1763 1559 1970 1595 Antiocheni
1992 1560 2135 1596 affecisti·

1308 1609 1373 1642 fuit
1383 1609 1593 1644 Theosebius
1612 1609 1666 1643 Cii
1680 1610 1860 1653 Episcopus
1873 1634 1884 1650 ‚
1909 1610 1998 1654 cujus
2010 1609 2135 1645 sedern>

1236 1658 1370 1701 quidam
1385 1660 1529 1694 Codices
1551 1659 1665 1693 dicunt
1686 1660 1779 1693 fuisse
1801 1659 1836 1693 in
1857 1659 2016 1702 Bithynia
2031 1685 2039 1692 .
2064 1658 2123 1693 Est

1237 1710 1314 1743 item
1327 1709 1390 1743 alia
1413 1711 1496 1744 Cius
1508 1710 1542 1742 in
1556 1707 1702 1752 Phrygia
1717 1732 1723 1739 .
1751 1707 1830 1742 Alia
1841 1709 1990 1743 similiter
2003 1710 2136 1752 inpio--

1235 1759 1343 1793 vincia
1359 1758 1560 1803 Rhodopes.
1589 1758 1659 1792 Hic
1671 1758 1804 1801 praesens
1820 1758 1949 1793 videtur
1960 1759 2053 1793 fuisse
2062 1757 2137 1792 n-le.

1236 1807 1420 1851 Bithynus.
1450 1809 1607 1843 Scribitur
1617 1809 1708 1842 enim
1727 1808 1820 1842 fuisse
1833 1808 2036 1843 zelofiffimus
2060 1819 2122 1852 pro

1235 1858 1355 1902 pietate
1376 1883 1388 1899 ,
1413 1857 1479 1893 hoc
1501 1857 1546 1893 est
1569 1882 1580 1899 ,
1607 1869 1665 1902 pro
1687 1857 1853 1892 Orientali
1874 1859 2016 1893 sanione
2039 1871 2048 1891 ;
2074 1858 2123 1892 Et

1234 1909 1327 1942 fuisse
1349 1908 1544 1943 constitutus
1556 1909 1590 1942 in
1603 1908 1713 1942 medio
1726 1907 1871 1942 hostium
1884 1933 1897 1950 ‚
1923 1908 2048 1952 abipsis
2058 1918 2119 1946 uu·

1233 1958 1333 2002 dique
1343 1960 1564 1994 circumdatus
1574 1959 1607 1993 &
1618 1959 1832 1993 circumfusus
1846 1972 1853 1992 :
1876 1958 1986 1993 Fuiffe
1996 1957 2046 1993 vir
2056 1959 2125 1992 for·

1233 2008 1368 2042 tiffimus
1379 2034 1391 2050 ‚
1417 2010 1450 2044 id
1462 2010 1507 2043 est
1523 2035 1534 2050 ‚
1560 2008 1830 2053 pertinaciffimus
1842 2016 1954 2043 contra
1966 2008 2122 2043 Sane-'tum

1235 2056 1423 2096 Cyrillum,
1450 2069 1489 2090 ac
1510 2058 1577 2098 ejus
1597 2059 1770 2101 Capitula.
1799 2059 2002 2093 Pertinacem
2012 2059 2122 2093 zelum

1233 2104 1391 2139 didicerat
1414 2105 1431 2139 a
1455 2107 1512 2138 suo
1527 2105 1743 2150 Metropolita
1769 2106 1940 2141 Himerio.
1970 2108 2049 2140 Erat
2066 2118 2123 2141 au-

1233 2163 1299 2188 tem
1319 2156 1354 2188 in
1381 2153 1526 2189 hostium
1547 2155 1680 2196 medio,
1705 2155 1794 2199 quod
1820 2155 1996 2190 omnisilla
2008 2165 2120 2200 praeter

1234 2203 1482 2247 Metropolitam
1506 2228 1517 2244 ‚
1543 2216 1582 2238 ac
1604 2215 1722 2247 paucos
1746 2204 1928 2249 Episcopos
1948 2206 2119 2250 provincia

1235 2252 1405 2286 adhaereret
1429 2254 1545 2287 SanRo
1567 2254 1698 2297 Cyrillo
1710 2278 1721 2294 ,
1747 2265 1784 2288 ac
1806 2254 1943 2290 decretis
1965 2254 2120 2299 Ephefini

1236 2302 1382 2337 Concilii
1408 2326 1417 2335 .
1445 2302 1536 2337 Nam
1555 2303 1590 2337 ὃς
1617 2302 1896 2339 Chalcedonensis
1917 2304 2117 2350 Episcopus,

1236 2363 1289 2396 per
1310 2351 1614 2387 Chalcedonensem
1637 2353 1811 2397 Synodum
1835 2352 1974 2389 necdum
1989 2357 2120 2391 'exalta-

1236 2412 1313 2443 ωε,
1338 2411 1492 2437 erattunc
1503 2403 1721 2448 suffraganeus
1734 2403 1824 2437 istius
1845 2404 2045 2447 provinciae:
2072 2406 2118 2440 Et

1237 2452 1304 2497 ejus
1314 2463 1427 2487 contra
1440 2453 1591 2487 fastiosos
1601 2453 1768 2498 Legatos,
1794 2465 1934 2497 quorum
1955 2465 2119 2490 unuserat

1238 2504 1387 2546 proprius
1403 2502 1620 2547 Metropolita
1635 2528 1647 2545 ,
1676 2502 1895 2538 constantiam
1917 2505 2008 2547 supra
2027 2503 2120 2540 audi-

1237 2563 1341 2586 vimus
1355 2578 1362 2585 .

1284 2602 1388 2635 Porro
1410 2602 1482 2645 quis
1502 2601 1587 2636 hanc
1602 2602 1772 2644 epistolam
1795 2602 1972 2646 scripserit,
2000 2603 2046 2638 est
2067 2603 2116 2638 in-

1233 2654 1357 2685 certum
1377 2651 1413 2684 &
1436 2662 1554 2696 vagum
1567 2676 1575 2683 .
1600 2651 1679 2686 Fuit
1700 2653 1774 2694 quis
1793 2664 1834 2686 ex
1845 2652 1979 2695 Joannis
1996 2652 2118 2688 Antio-

1233 2699 1329 2735 cheni
1343 2725 1355 2742 ,
1378 2712 1418 2734 ac
1430 2700 1516 2734 initae
1526 2712 1579 2744 per
1605 2701 1709 2744 ipsum
1719 2702 1810 2746 pacis
1820 2703 2029 2737 sectatoribus
2041 2704 2117 2748 Epi·

1235 2751 1355 2795 scopis:
1385 2751 1429 2784 Et
1446 2751 1586 2793 ejusdem
1609 2751 1696 2794 pacis
1719 2752 1976 2796 acceptationem
2008 2753 2117 2789 studet

1235 2799 1417 2845 persuadere
1428 2800 1620 2834 Theosebio
1631 2826 1638 2833 .
1667 2801 1761 2836 Hinc
1772 2800 1879 2837 scribit
1894 2802 2059 2846 Cyrillum
2069 2805 2117 2839 es·

1236 2854 1267 2886 se
1275 2852 1464 2886 conversum
1477 2876 1488 2892 ‚
1513 2862 1550 2885 ac
1570 2851 1723 2886 receffisse
1743 2852 1760 2885 a
1772 2853 1834 2887 suis
1847 2852 2026 2897 Capitulis.
2053 2853 2116 2887 Af-

1235 2902 1340 2935 firmat
1351 2900 1394 2935 ab
1407 2901 1482 2941 illo,
1513 2902 1568 2946 qui
1580 2910 1674 2936 antea
1690 2903 1825 2940 unicam,
1833 2903 1975 2936 Domini
1986 2914 2027 2937 ex
2038 2902 2117 2938 dua-

1235 2961 1303 2986 rum
1323 2952 1512 2994 ‘temperatio
1518 2963 1557 2986 ne
1568 2951 1602 2985 &
1613 2953 1806 2987 confusione
1817 2953 1933 2987 fastam
1944 2963 2091 2988 naturam
2102 2978 2115 2995 ,

1235 3013 1294 3037 nec
1318 3012 1386 3035 non
1408 3000 1536 3035 Divinae
1549 3012 1668 3036 naturae
1678 3001 1916 3046 passibilitatem
1927 3014 1965 3037 ac
1976 3003 2126 3038 munbi-.-

1236 3052 1358 3086 litatem
1374 3051 1585 3095 praedicabat,
1611 3052 1677 3095 jam
1697 3053 1859 3096 praedicari
1869 3053 1949 3087 duas
1961 3053 2028 3088 sine
2037 3064 2123 3089 σοιν.

1235 3102 1361 3136 fusione
1381 3111 1510 3135 naturas
1529 3125 1540 3141 ‚
1564 3102 1693 3136 admitti
1715 3103 1853 3147 ipsarum
1875 3103 2115 3143 differentiam,

1236 3151 1391 3196 paffiones
1410 3163 1614 3196 nequaquam
1636 3153 1836 3195 Divinitati,
1864 3153 1917 3188 sed
1945 3153 2006 3188 soli
2023 3153 2116 3188 carni

1236 3201 1385 3241 adscribi,
1398 3202 1538 3245 ideoque
1549 3203 1671 3236 nullam
1685 3205 1746 3237 effe
1757 3215 1916 3239 remoram
1928 3203 2028 3247 pacis.
2054 3202 2114 3236 Af

1236 3253 1342 3286 firmat
1355 3251 1411 3285 has
1424 3252 1497 3286 lites
1506 3263 1674 3310 tantopere
1684 3254 1835 3298 profuisse
1854 3254 2006 3296 Cyrillo.·
2031 3252 2111 3286 Non

1237 3313 1292 3346 per
1312 3301 1447 3335 Diaboli
1477 3304 1658 3345 nequitiam
1675 3328 1687 3344 ‚
1714 3303 1766 3338 sed
1788 3315 1845 3347 per
1875 3300 2112 3342 misericordem

1239 3351 1368 3390 DIvinae
1398 3352 1556 3390 bonitatis
1588 3353 1826 3398 providentiam
1853 3378 1861 3387 .
1898 3349 2113 3436 Me‘I-{f'ponta'

1989 3410 2063 3437 ime-
