2320 3730
77 718 142 752 Λᾶ.
173 726 198 754 5·

55 2508 124 2544 Cap·
141 2509 188 2542 36.

58 2819 132 2851 Cap·
151 2823 198 2851 37·

56 2858 128 2895 (ap.
150 2864 177 2892 3.

64 3088 135 3124 cap.
153 3094 202 3122 34·

64 3128 136 3165 Cap.
158 3135 202 3161 50.

64 3204 134 3243 Cap.
151 3215 193 3235 10.

604 176 911 232 SCHOL11S,
950 188 1011 218 ET
1045 172 1238 218 Nons
1275 183 1657 219 ILLUSTRATAE.

212 265 338 302 partem
360 255 583 313 affityativam
603 267 754 301 potenter
774 256 897 292 suaderi
908 268 948 291 ex
963 255 1028 299 ejus
1038 252 1091 288 ad-

210 306 309 342 dusta
330 308 470 349 superius
486 306 646 350 opinione
657 308 741 342 circa
760 318 897 346 vocem,
923 310 1089 348 Det-para.

215 357 349 392 Etenim
370 356 471 399 ipsam
494 357 558 391 fine
571 357 720 401 adjunua
737 369 838 399 voce,
864 361 1069 398 Homini-para
1081 378 1091 394 ‚

215 405 305 441 nolle
313 405 484 441 admittere
494 407 557 441 fuit
568 407 682 442 dolosa
692 420 741 443 ars
751 407 901 442 haereticae
913 406 1004 440 istius
1015 405 1093 440 blas-

214 454 349 500 phemiae
369 482 377 489 .
405 457 537 491 Deinde
558 458 737 502 Imperator
756 457 954 501 justinianus
975 455 1010 489 in
1033 455 1092 488 suo

213 515 327 540 contra
348 506 409 540 tria
431 505 707 542 Chalcedonensis
728 505 1041 548 ConciliiCapitula
1053 503 1094 536 E-

212 555 300 589 disto
316 555 448 591 adducit
468 557 691 592 Haerefiarchae
706 557 850 592 Nestorii
862 554 903 590 ad
915 555 1003 589 hunc
1016 553 1094 588 Ale-

212 605 376 640 xandrum
396 606 586 651 epistolam:
614 606 827 642 Demonstrat
851 606 946 640 fuiffe
965 605 1094 648 penitus

214 653 396 690 haereticam
410 681 421 696 ,
446 657 480 691 δε
500 657 591 692 addit
599 659 693 692 fuiffe
703 657 852 701 scriptam
862 657 909 689 ad
918 658 1094 689 Haereticum

214 707 421 740 Alexandrum
433 731 440 738 .
467 707 617 742 Eandem
627 706 805 750 Epistolam
816 715 976 740 memorat
994 706 1029 739 in
1041 705 1095 738 sua

215 756 423 790 Lateranenfi
449 757 586 800 Synodo
595 757 727 791 sanetus
737 757 905 790 Martinus
917 755 1073 790 Pontifex
1084 767 1096 787 .-

215 805 262 840 Et
285 806 419 841 adducit
436 806 502 850 ejus
514 805 608 840 verba
630 807 738 850 palam
750 806 898 840 haeretica
911 830 918 837 .
948 805 1096 850 Justinia-

216 866 280 890 nus
291 856 419 891 videtur
430 867 498 890 non
509 857 642 891 caruiffe
652 857 882 891 fundamentis.
894 856 1041 890 Forfitan
1054 853 1094 888 ad

215 916 353 941 manum
366 905 503 940 habebat
515 905 696 941 Alexandri
709 907 915 949 Rescriptum
926 905 967 940 ad
977 904 1095 939 Nesto·

217 957 322 990 rium.
349 955 446 991 Certe
467 967 582 1000 pacem
603 957 660 990 ille
679 967 848 999 nunquam
859 955 1008 989 admisit.-
1034 953 1095 989 Per

215 1006 334 1040 laicam
345 1006 543 1040 Potestatem
552 1005 682 1038 extrudi
695 1007 726 1038 se
739 1006 843 1047 passus
853 1004 898 1038 est
909 1015 951 1039 ex
963 1004 1096 1047 Episco-

215 1066 294 1098 patu
315 1079 326 1095 ‚
350 1055 385 1089 δε
407 1054 512 1088 abivit
537 1054 571 1086 in
597 1063 762 1088 remotum
787 1054 927 1089 exilium
948 1079 955 1087 .
984 1054 1096 1089 Nullis

215 1102 421 1138 Theodoreti
438 1128 450 1144 ,
487 1102 626 1138 aliorum
663 1103 900 1147 Episcoporum
936 1115 975 1138 ac
997 1105 1097 1139 etiam

214 1153 393 1188 Laicorum
420 1153 619 1198 Magnarum
648 1153 755 1197 potuit
781 1154 902 1188 inflecti
929 1153 1095 1197 precibus.

215 1202 315 1238 Certe
327 1202 392 1237 haec
404 1205 476 1237 sunt
487 1214 556 1237 non
567 1203 650 1237 levia
661 1213 852 1249 argumenta
865 1203 1020 1239 haereticae
1027 1216 1096 1249 per-

215 1252 344 1287 tinaciae
368 1265 407 1288 ac
416 1254 571 1297 perfidiae.

267 1303 425 1338 Notanda
448 1302 742 1340 suntTheodoreti
765 1304 860 1340 verba
874 1329 885 1346 ‚
911 1304 1029 1349 quibus
1049 1305 1096 1340 in-

218 1362 266 1388 tet
288 1362 419 1388 caeteros
438 1352 455 1385 ὲ
469 1353 686 1396 pacificatoria
708 1355 815 1389 Sancti
829 1355 1096 1400 Cyrilliepistola

218 1402 352 1436 affertos
363 1403 519 1437 articulos
529 1403 622 1447 ponit
648 1405 681 1439 ὃ(
701 1402 812 1439 hunc.-
838 1408 968 1447 Spiritus
988 1417 1099 1449 quoque

220 1452 348 1486 Sanctus
359 1463 417 1486 non
429 1463 467 1486 ex
481 1453 544 1494 filio
555 1477 566 1493 ‚
593 1463 646 1485 aut
661 1462 718 1495 per
723 1453 816 1495 filium
826 1453 940 1488 babent
946 1453 1097 1497 subsisten-

220 1506 295 1535 tiam
310 1526 321 1543 ,
342 1500 402 1545 sed
407 1503 548 1545 prodiens
560 1504 681 1545 quidem
692 1504 712 1535 ἆ
724 1507 834 1545 Patre,
857 1510 999 1547 proprius
1029 1508 1099 1539 verb

218 1552 280 1595 filii
298 1575 309 1591 ,
336 1557 407 1595 quia
431 1554 465 1586 ὠ·
483 1557 511 1586 ei
537 1551 789 1595 consubstantialis
807 1553 847 1594 fit
868 1576 880 1591 ,
906 1560 1097 1587 nominatur.

220 1609 311 1638 Hanc
330 1599 536 1634 rectitudinem
545 1600 751 1643 conspicientes
762 1602 796 1634 i'n
821 1603 932 1636 litteris
943 1602 1011 1644 ipsit
1027 1627 1038 1644 ‚
1064 1605 1099 1637 (ν

220 1649 327 1692 ᾳααβὲ
335 1655 449 1695 reglone
459 1657 638 1684 contrarium
654 1656 831 1694 reperientes
842 1657 886 1686 eis
899 1676 912 1693 ‚
938 1664 1006 1695 quae
1027 1662 1099 1687 ante

221 1695 385 1743 conscripta
388 1699 484 1743 sunt,
508 1702 741 1735 collaudavimus
762 1706 876 1735 Deum.
904 1702 1099 1746 Respiciunt

221 1748 292 1784 haec
313 1750 536 1794 pacificatoriae
555 1750 696 1795 epistolae
715 1751 807 1786 verba
827 1751 869 1786 de
880 1752 1032 1787 Patribus
1042 1754 1102 1787 Ni·

222 1799 487 1835 caeniConcilii:
516 1801 940 1844 Nonenimipst‘locutisunt,
963 1801 1016 1845 sed
1038 1806 1104 1844 Spi-

222 1854 300 1884 ritus
312 1852 369 1882 Dei
394 1862 428 1884 ac
447 1854 552 1884 Patris
568 1875 579 1890 ,
604 1857 656 1894 qui
672 1853 807 1894 procedit
824 1853 943 1894 quidem
962 1863 1001 1885 ex
1018 1853 1080 1895 ipso
1093 1877 1105 1894 ‚

223 1909 276 1933 nec
297 1898 332 1932 ob
348 1901 384 1932 id
408 1907 508 1933 tamen
513 1899 674 1943 secundum
695 1903 820 1945 effe-ntiae
830 1907 976 1936 rationem
987 1903 1104 1938 alienus

224 1946 263 1988 est
287 1949 307 1980 ἃ
318 1949 424 1994 Filio.⁴
441 1949 676 1985 Theodoretus
697 1952 835 1985 affirmat
848 1951 916 1986 duo
927 1977 936 1984 .
962 1952 1078 1987 Primo
1094 1977 1105 1993 ,

223 1997 316 2043 quod
338 1991 473 2034 Sandius
493 1999 640 2044 Cyrillus
659 2010 755 2036 antea
775 2001 926 2036 docuerit
947 2001 1103 2046 Spiritum

224 2049 379 2083 Sanctum
390 2050 566 2092 procedere
585 2062 626 2085 ex
639 2050 734 2085 Patre
760 2051 793 2085 &
805 2051 917 2091 Filio,
941 2061 998 2085 aut
1019 2051 1106 2086 certe

221 2108 266 2132 ex
279 2097 375 2132 Patre
390 2109 446 2141 per
467 2099 590 2133 Filium
601 2124 608 2132 .
636 2100 690 2133 Ex
709 2110 777 2144 quo
796 2099 886 2134 vides
897 2097 982 2133 hanc
993 2099 1106 2135 distin-

223 2148 366 2182 aionem
378 2148 442 2183 effe
462 2148 563 2194 longe
581 2148 839 2194 antiquiffimam
852 2174 859 2180 .
887 2148 1039 2184 Secundo
1051 2150 1107 2185 do-

224 2208 276 2232 cet
287 2222 298 2237 ,
323 2198 412 2242 quod
425 2199 556 2233 Sanetus
570 2199 716 2242 Cyrillus
737 2200 773 2232 in
787 2199 1008 2242 pacificatoria
1027 2201 1108 2244 Epi·

224 2247 309 2281 stola
322 2255 430 2281 cantet
442 2248 533 2281 istius
547 2243 700 2282 destrinae
713 2247 935 2292 palinodiam.

276 2295 321 2330 Et
347 2295 479 2340 quidem
511 2297 600 2342 quod
624 2298 757 2332 Sanctus
780 2296 925 2339 Cyrillus
951 2296 1108 2341 Spiritum

225 2347 378 2381 Sanstum
397 2359 438 2381 ex
462 2347 561 2382 Patre
582 2347 715 2383 &Filio
738 2347 912 2391 procedere
938 2347 1112 2389 docuerit,

226 2397 271 2429 est
298 2396 398 2439 longe
417 2397 648 2431 certiffimum.
676 2398 810 2432 Etenim
835 2397 869 2430 in
882 2396 985 2436 libro,
1012 2409 1111 2442 quem

227 2443 376 2478 adversus
411 2445 603 2481 Nestorium
642 2448 761 2490 scripsit
805 2446 846 2480 ad
881 2446 1112 2490 Imperatorem

227 2492 484 2534 Theodofium,
506 2497 679 2539 profitetur
699 2509 706 2529 :
736 2498 838 2529 Filius
858 2500 997 2530 immittit
1020 2499 1112 2539 spiri-

229 2552 293 2577 tum
310 2547 488 2586 Baptizatis
502 2569 513 2585 ,
541 2557 598 2579 non
620 2547 769 2585 alienum,
789 2545 847 2588 sed
866 2557 932 2579 eum
942 2552 994 2588 qui
1016 2558 1055 2580 ex
1065 2547 1114 2580 illo

229 2592 288 2634 est,
316 2594 441 2627 &illius
462 2594 500 2634 est
518 2600 677 2636 proprius.
704 2595 749 2628 Et
770 2594 856 2628 infra
882 2596 916 2628 in
938 2595 1055 2630 eodem
1077 2597 1115 2630 li·

229 2643 310 2677 bro:
338 2646 420 2677 Deus
432 2644 559 2677 Verbum
572 2667 582 2682 ‚
608 2646 758 2686 quatenus
779 2655 817 2678 ex
829 2647 891 2677 Deo
911 2647 1007 2678 Patre
1017 2654 1114 2688 proce-

232 2694 280 2726 dit
292 2717 302 2733 ,
327 2698 462 2735 impertit
471 2705 505 2727 ae
516 2698 654 2727 immittit
664 2696 810 2736 spiritum
818 2693 907 2736 suum
919 2719 928 2735 ,
955 2696 989 2729 &
1002 2707 1038 2730 ex
1044 2704 1117 2738 pro-

231 2748 303 2785 pria
315 2752 423 2775 natura
434 2749 466 2775 in
480 2755 532 2776 nos
544 2767 555 2783 ,
579 2743 665 2786 quafi
681 2744 811 2786 exsonte
823 2745 950 2787 quodam
960 2747 1118 2789 transfun-

236 2794 296 2825 dit.
323 2793 368 2826 Et
389 2793 422 2826 in
435 2793 570 2827 libroad
582 2793 750 2838 Reginas:
776 2797 907 2837 Spiritus
917 2796 1044 2829 sandius
1063 2810 1116 2830 na-

236 2843 376 2876 turaliter
398 2854 437 2876 ex
459 2845 554 2876 Patre
575 2842 632 2884 est,
658 2844 694 2877 (τ
709 2852 764 2886 per
791 2845 904 2878 Filium
923 2847 1064 2879 dimanat
1083 2851 1115 2880 in

236 2901 421 2926 creaturam.
449 2892 493 2926 Et
516 2893 551 2927 in
573 2893 639 2927 alio
659 2893 700 2927 ad
711 2893 837 2930 easdem
851 2895 1111 2940 Reginaslibro:

237 2942 370 2983 Christus
385 2946 530 2976 Dominus
542 2967 552 2983 ,
577 2944 645 2977 licet
662 2951 695 2975 ut
707 2942 788 2978 borno
807 2948 954 2988 spirltum
971 2947 1113 2980 Sant‘lum

234 3000 357 3033 propter
370 3004 422 3025 nos
428 2991 570 3036 sufiipiat
579 3016 590 3032 ‚
615 3003 650 3027 ut
662 2996 743 3027 Deus
753 3002 853 3030 tamen
866 2997 991 3030 eundem
1002 3002 1113 3039 impar-

239 3046 293 3073 tiri
309 3040 404 3083 solet.
433 3048 492 3078 His
516 3047 567 3085 qui
587 3042 782 3089 baptizantur
800 3057 821 3087 ,'
836 3048 983 3089 spiritum
1005 3050 1110 3081 Patris

241 3090 326 3123 baud
347 3092 434 3124 aliter
451 3101 541 3135 atque
555 3097 709 3135 proprium
730 3100 887 3138 impartit.
917 3096 961 3130 Et
983 3096 1112 3132 infrain

239 3140 355 3174 eodem
370 3139 472 3174 libro:
500 3145 580 3175 Deus
590 3145 682 3177 Pater
701 3151 797 3177 omnia
816 3153 871 3188 per
883 3149 994 3180 Filium
1014 3155 1114 3189 opera-

238 3200 290 3224 tur
309 3195 342 3223 in
364 3192 476 3232 Spiritu
499 3191 606 3225 sam‘lo
619 3218 626 3225 .
657 3194 797 3239 Egregie
817 3196 1087 3232 hocdemonstrat
1103 3223 1113 3239 ‚

239 3242 272 3275 &
284 3239 452 3274 concludit
464 3255 475 3274 .·
503 3243 639 3275 Procedit
652 3253 749 3277 autem
757 3254 815 3287 per
826 3246 960 3290 utrosque
971 3249 1110 3291 vivificus

238 3301 348 3332 quoque
369 3291 495 3332 spiritus
519 3316 526 3323 .
556 3292 599 3326 Et
621 3293 656 3326 in
682 3294 856 3330 duodecim
881 3297 1111 3341 Capitulorum

239 3339 385 3386 Epistola
399 3353 405 3371 :
434 3343 560 3382 spiritus
571 3343 698 3376 sanetus
722 3356 779 3379 non
791 3344 828 3386 cst
840 3349 860 3381 a*
876 3348 956 3382 Filio
973 3349 1088 3384 alienus
1100 3374 1111 3392 ,

261 3390 263 3393 ⁴
338 3389 441 3430 christ.
455 3394 535 3434 Lupi
546 3397 645 3436 Opera
663 3396 764 3429 T-VH.

1153 251 1209 295 sed
1209 253 1335 295 perinde
1351 262 1460 295 quoque
1470 252 1510 286 ab
1531 255 1600 294 illo,
1625 263 1712 297 atque
1732 259 1752 290 ἃ
1763 262 1823 294 Deo
1834 262 1926 296 Patre
1931 270 2030 304 proce.

1157 304 1222 336 dit.
1250 302 1295 336 Et
1317 303 1351 336 in
1369 302 1475 347 primo
1493 301 1579 338 libro
1591 302 1632 337 de
1653 305 1842 343 adoratione
1860 311 1894 345 in
1905 312 2028 356 Spiritu

1157 363 1194 386 ac
1206 352 1358 387 veritate:
1386 352 1626 394 substantialiter
1649 365 1686 387 ex
1695 362 1810 397 utroque
1829 364 1967 395 nimirum
1986 372 2027 396 ex

1160 405 1255 436 Patre
1270 411 1326 444 per
1348 403 1462 437 Filium
1477 404 1599 446 profluit
1611 406 1747 446 spiritus
1768 407 1889 440 santius
1903 434 1910 441 .
1938 412 2030 446 Ecce

1158 452 1265 495 palam
1284 464 1320 487 ac
1332 451 1445 487 diserte
1467 453 1638 498 profitetur
1659 454 1814 498 Spiritum
1828 456 1979 492 Sanstum
1996 461 2031 494 &

1158 513 1198 536 ex
1211 502 1304 537 Patre
1316 515 1352 538 ac
1363 504 1453 538 Filio
1464 528 1475 545 ‚
1498 504 1532 538 ὃς
1542 515 1583 538 ex
1603 503 1699 539 Patre
1712 516 1765 548 per
1773 505 1900 540 Filium
1922 518 2033 551 proce-

1158 551 1234 587 dere
1248 577 1255 584 .
1284 552 1357 587 Nec
1375 553 1492 589 desunt
1503 554 1567 589 alia
1576 554 1646 598 ejus
1667 555 1871 591 testimonia.

1212 602 1314 650 Quod
1327 601 1405 637 ver&
1417 602 1485 639 haec
1495 603 1529 639 in
1540 605 1758 648 pacificatoria
1770 604 1915 650 Epistola
1928 618 2038 641 recan-

1160 654 1274 685 taverit
1295 676 1307 692 ,
1332 653 1377 687 est
1398 653 1497 699 longe
1540 654 1739 690 falfiffimum
1761 681 1768 690 .
1810 654 2037 692 Admirandus

1161 701 1206 735 est
1218 701 1468 743 Theodoram,
1497 706 1554 749 qui
1575 704 1660 740 istud
1683 716 1751 740 non
1764 704 1895 741 erubuit
1922 707 2040 742 scribe·

1161 761 1212 785 re.
1240 750 1374 786 Etenim
1392 751 1461 787 haec
1482 755 1682 798 propositio,
1707 758 1836 799 spiritus
1858 757 1987 791 Sanffus
1998 757 2045 798 est*

1164 802 1244 834 Filio
1247 807 1412 844 proprius,
1437 813 1473 836 ac
1483 803 1593 846 abipso
1602 817 1659 839 non
1669 807 1807 848 alienus,
1832 816 2040 852 nequaquam

1163 851 1319 895 importat
1329 851 1432 886 solam
1452 853 1842 897 consubstantialitatem,
1869 857 1922 892 sed
1934 856 2041 892 omni-

1162 900 1209 934 no
1229 901 1330 936 etiam
1353 902 1603 945 proceffionem.
1640 903 1784 940 Abunde
1806 906 1871 942 hoc
1892 907 1981 943 lucet
1998 918 2042 942 ex

1161 949 1307 985 adductis
1318 951 1532 987 testimoniis.
1566 953 1701 988 Etenim
1712 955 1887 992 duodecim
1903 958 2043 1002 Capitu-

1163 1001 1273 1035 lorum
1285 1001 1430 1044 Epistola
1442 1002 1477 1036 in
1492 1003 1661 1045 prolixiori
1682 1005 1740 1038 suo
1751 1015 1909 1041 contextu
1920 1005 2018 1042 habet
2030 1020 2044 1040 .-

1162 1053 1294 1093 spiritus
1306 1051 1433 1085 sanans
1444 1062 1502 1085 non
1512 1052 1550 1092 est
1561 1054 1581 1085 ἃ
1593 1053 1673 1086 Filio
1683 1054 1814 1096 alienus,
1839 1053 1896 1097 sed
1913 1057 2045 1098 perinde

1163 1102 1283 1142 abillo,
1310 1110 1400 1145 atque
1422 1103 1515 1136 &Deo
1523 1105 1618 1137 Patre
1634 1105 1786 1146 procedit.
1814 1102 1863 1137 At
1886 1105 1964 1139 vero
1985 1117 2047 1140 no-

1164 1162 1246 1186 num
1257 1150 1449 1196 Capitulum
1472 1152 1569 1187 verba
1589 1151 1647 1187 ista
1671 1152 1798 1197 redegit
1819 1153 1855 1188 in
1867 1152 1933 1188 hoc
1945 1153 2049 1189 Com-

1163 1201 1320 1245 pendium
1334 1215 1342 1235 :
1369 1204 1500 1244 Spiritus
1511 1202 1638 1236 sanetus
1653 1203 1692 1244 est
1704 1204 1783 1237 Filio
1796 1209 1938 1246 proprius
1951 1215 1986 1238 ac
1995 1215 2050 1238 na-

1164 1253 1288 1284 turalis.
1317 1253 1356 1286 In
1370 1251 1509 1287 naturali
1531 1252 1728 1298 proprietate
1748 1254 1891 1288 omuino
1901 1265 2053 1298 compre·-

1165 1299 1283 1336 hendit
1309 1303 1343 1336 ἀ
1365 1303 1603 1346 proceffionem
1634 1328 1641 1337 .
1680 1304 1771 1338 Nam
1796 1304 1830 1339 δε
1856 1304 1925 1348 ipse
1947 1305 2050 1340 etiam

1165 1350 1402 1387 Theodoretus
1422 1352 1465 1386 fic
1487 1352 1671 1388 intellexit.
1698 1354 1794 1390 Hinc
1813 1354 1910 1390 verba
1931 1355 1991 1390 ista
2013 1356 2051 1389 in

1168 1403 1223 1436 sua
1238 1402 1469 1447 Capitulorum
1482 1402 1734 1447 reprehensione
1758 1405 1952 1440 ficinvafit:
1979 1407 2054 1450 Pro-

1163 1457 1268 1493 prium
1288 1460 1389 1487 autem
1401 1455 1546 1495 SpIritum
1571 1456 1670 1494 Filii,
1689 1453 1840 1498 siquidem
1859 1465 1894 1489 ut
1916 1454 2053 1498 ejusdem

1167 1512 1234 1534 cum
1255 1502 1303 1534 illo
1326 1511 1464 1544 natum,
1491 1505 1525 1537 6·
1546 1515 1585 1537 cac
1607 1507 1700 1538 Patre
1720 1507 1928 1547 procedentem
1950 1506 2056 1543 dixit,

1163 1549 1252 1592 fimul
1269 1551 1488 1593 confitebimur,
1519 1554 1553 1586 (ν’
1575 1563 1732 1596 tamquam
1750 1559 1839 1596 piam
1855 1553 2056 1598 suscipiemus

1169 1610 1288 1642 vocem;
1309 1600 1340 1642 fi
1349 1604 1420 1635 vero
1443 1611 1598 1645 tamquam
1621 1615 1659 1637 ex
1671 1603 1774 1644 Filio,
1800 1613 1853 1636 aut
1873 1612 1927 1646 per
1939 1605 2057 1636 Filium

1171 1649 1356 1690 existentiam
1377 1651 1510 1692 babeat,
1537 1651 1587 1685 boc
1602 1659 1636 1685 ut
1658 1651 1862 1695 blasphemum
1882 1654 2057 1695 &impium

1169 1701 1349 1741 rejiciemus.
1381 1702 1541 1736 Credimus
1563 1707 1642 1736 enim
1654 1703 1779 1736 Domino
1798 1703 1910 1737 dicenti
1925 1717 1936 1736 .·
1962 1705 2058 1745 spiri-

1171 1759 1243 1791 tus,
1273 1756 1325 1793 qui
1345 1762 1383 1785 ex
1407 1754 1502 1786 Patre
1518 1753 1656 1794 procedit
1673 1777 1681 1785 .
1707 1752 1753 1787 Et
1776 1753 1924 1796 Cyrillus
1943 1751 2058 1788 denuo

1171 1799 1237 1834 hoc
1257 1811 1362 1834 unum
1383 1802 1524 1844 reposuit
1546 1814 1558 1834 .-
1597 1803 1737 1835 Procedit
1762 1813 1799 1836 ex
1820 1805 1880 1836 Deo
1903 1804 1939 1836 ὁ·
1963 1806 2057 1836 Patre

1173 1852 1302 1892 spiritus
1313 1849 1439 1883 Saanus
1450 1873 1462 1891 ‚
1483 1850 1646 1894 secundum
1657 1852 1828 1886 Salvatoris
1854 1863 1955 1886 vocem
1966 1878 1978 1895 ‚
1998 1851 2061 1896 sed

1173 1911 1231 1933 non
1256 1899 1295 1937 eli
1320 1900 1436 1933 alienus
1458 1902 1479 1933 ἃ
1500 1901 1582 1934 Filio
1603 1926 1610 1934 .
1642 1905 1752 1935 Omnia
1778 1908 1858 1937 enim
1878 1902 1970 1937 habet
1992 1913 2060 1936 cum

1176 1952 1270 1983 Patre
1278 1972 1288 1988 ,
1316 1951 1351 1983 ὁ*
1363 1948 1413 1982 boc
1424 1948 1484 1993 ipse
1507 1951 1620 1983 edocuit
1632 1951 1732 1984 dicens
1753 1953 1791 1985 de
1802 1955 1917 1994 Spiritu
1929 1953 2039 1986 saneto
2048 1975 2060 1991 ,

1173 2004 1271 2033 omnia
1283 2010 1468 2041 quaecumque
1490 1998 1581 2033 babet
1593 2002 1712 2040 Pater,
1738 2011 1806 2034 mea
1823 1999 1917 2044 fient.
1945 2001 2057 2035 Etiam

1175 2049 1347 2090 productio
1370 2048 1507 2090 Spiritus
1533 2049 1661 2083 Sancti.
1683 2051 1818 2085 Sanetus
1846 2050 1993 2094 Cyrillus
2016 2049 2062 2086 ad

1175 2095 1261 2131 hanc
1288 2108 1330 2131 ex
1354 2097 1443 2131 Filio
1468 2098 1703 2143 proceffionem
1726 2100 1822 2144 plene
1841 2101 2064 2145 profitendam

1178 2159 1217 2182 ac
1238 2146 1487 2190 stabiliendam,
1514 2148 1641 2183 censuit
1662 2149 1722 2184 ista
1734 2151 1831 2186 verba
1844 2151 1987 2186 omnino
2000 2153 2064 2187 suf-

1180 2199 1289 2231 ficere.
1317 2196 1372 2230 Ad
1384 2198 1540 2240 majorem
1552 2207 1662 2231 tamen
1685 2200 1917 2242 expressionem
1935 2201 2064 2236 addidit

1178 2245 1324 2278 Domini
1348 2245 1466 2286 verba;
1493 2250 1602 2279 Omnia
1624 2257 1814 2291 quaecumque
1833 2248 1924 2283 babet
1943 2253 2038 2284 Pater
2051 2274 2064 2291 ,

1179 2304 1244 2327 mea
1262 2292 1339 2335 sunt
1358 2319 1369 2335 ,
1393 2295 1456 2329 effe
1478 2295 1698 2340 intelligenda
1719 2297 1760 2333 de
1777 2298 1900 2344 Spiritu
1921 2300 2063 2336 Sanno:

1181 2343 1315 2386 Utique
1334 2343 1375 2379 de
1387 2344 1455 2388 ejus
1477 2345 1711 2389 productione.

1230 2394 1363 2428 Sanstus
1375 2394 1521 2436 Cyrillus
1542 2394 1608 2430 haec
1620 2396 1720 2442 longe
1741 2399 1858 2435 clarius
1871 2401 2009 2436 illustrat
2026 2402 2062 2436 in

1180 2454 1296 2488 quarto
1310 2443 1394 2478 libro
1406 2455 1521 2480 contra
1532 2445 1724 2481 Nestorium
1739 2472 1747 2480 .
1775 2449 1950 2485 Praemittit
1970 2451 2061 2486 hunc

1180 2494 1460 2529 fundamentalem
1470 2496 1666 2531 articulum:
1695 2500 1772 2532 Filii
1776 2504 1880 2541 procul
1898 2501 2063 2544 dubiospi-

1180 2550 1261 2578 ritus
1282 2543 1320 2584 est
1332 2569 1343 2585 ,
1370 2553 1404 2577 ut
1412 2550 1461 2586 qui
1469 2554 1524 2587 per
1534 2546 1715 2587 ineffabilem
1725 2548 1812 2591 ipfius
1836 2560 1978 2585 naturam
1984 2560 2062 2595 pro·-

1180 2595 1291 2635 cedat,
1319 2592 1422 2636 &ipſs
1432 2593 1472 2636 fit
1487 2594 1760 2638 consubstanttalis.
1788 2600 1903 2636 Palam
1914 2602 2010 2637 docet
2019 2602 2062 2638 ad

1181 2643 1264 2685 hoc,
1290 2653 1327 2678 ut
1350 2644 1488 2688 Spiritus
1508 2646 1640 2680 Sanstus
1661 2647 1699 2681 fit
1710 2648 1789 2683 Filii
1811 2652 1982 2695 proprius,
2009 2665 2063 2688 re-

1180 2694 1265 2738 quiri
1286 2694 1353 2729 duo
1376 2708 1387 2728 .·
1413 2695 1495 2729 Non
1531 2695 1634 2730 solam
1665 2698 2061 2746 consubstantialitatem,

1180 2744 1344 2778 sedetiam
1366 2745 1614 2787 proceffionem.
1645 2746 1690 2782 Et
1713 2749 1846 2784 tandem
1867 2752 2061 2788 concludit:

1182 2796 1281 2828 Filius
1292 2793 1383 2836 probe*
1396 2800 1482 2829 novit
1488 2794 1522 2839 sc
1534 2795 1630 2840 ipsum
1639 2798 1691 2841 effe
1702 2810 1740 2832 ex
1748 2809 1859 2834 natura
1871 2805 1967 2835 Deum
1973 2803 2062 2845 simul

1181 2855 1246 2877 cum
1267 2847 1359 2879 Patre
1371 2869 1383 2886 ‚
1406 2846 1440 2880 <ir
1461 2853 1560 2879 omnia
1575 2859 1643 2890 quae
1663 2850 1742 2882 illius
1758 2848 1830 2891 sunt
1842 2874 1853 2891 ‚
1875 2849 1909 2892 se
1933 2850 2056 2892 babere,

1176 2903 1380 2938 praeterquam
1398 2897 1433 2929 id
1435 2894 1529 2938 solum
1544 2922 1553 2937 ,
1574 2899 1653 2940 quod
1662 2898 1699 2938 est
1711 2901 1805 2932 Pater
1816 2926 1823 2932 .
1851 2904 1954 2943 Itaque
1963 2907 2057 2936 etiam

1179 2944 1298 2979 dicebat
1319 2947 1365 2979 ad
1384 2947 1485 2980 illum:
1513 2948 1636 2981 Omnia
1661 2959 1733 2982 mea
1755 2958 1810 2983 tua
1831 2950 1929 2992 sunt,
1954 2952 2056 2988 &tua

1178 3005 1275 3037 mea,
1300 2996 1334 3030 &
1355 2996 1558 3041 glorificatus
1584 2998 1654 3031 sum
1681 2998 1715 3031 in
1738 2999 1812 3043 ipsis
1835 3026 1841 3032 .
1870 3003 1917 3034 Et
1939 3003 1984 3035 ad
2002 3015 2057 3037 nos

1178 3044 1276 3089 ipsias,
1303 3057 1368 3080 cum
1390 3048 1429 3081 de
1450 3049 1563 3089 spiritu
1584 3047 1691 3081 saneto
1702 3049 1795 3083 verba
1809 3049 1947 3091 faceret:
1973 3054 2057 3088 om·

1179 3097 1233 3130 nia
1252 3121 1263 3137 ,
1289 3108 1359 3141 quae
1379 3096 1476 3131 habet
1498 3095 1593 3130 Pater
1613 3122 1624 3138 ‚
1649 3110 1721 3133 mea
1745 3100 1820 3135 sunt
1843 3127 1850 3135 .
1879 3100 2054 3147 Propterea

1177 3145 1372 3188 dixivobis,
1399 3147 1475 3191 quia
1495 3146 1535 3181 de
1546 3157 1620 3181 meo
1642 3148 1798 3192 accipiet,
1823 3152 1859 3185 ὃ(
1883 3154 2056 3188 annuntia-

1178 3195 1225 3230 bit
1249 3197 1358 3231 vobis.
1386 3201 1422 3230 Ut
1434 3201 1512 3230 enim
1528 3199 1659 3239 procedit
1679 3211 1717 3233 ex
1728 3202 1823 3235 Patre
1834 3204 1966 3244 spititus
1979 3205 2055 3236 San-

1176 3246 1238 3279 Hus
1252 3271 1264 3288 ,
1288 3245 1394 3288 cumfit
1406 3246 1494 3288 ipsius
1506 3246 1667 3290 ficundum
1682 3259 1824 3284 naturam
1836 3276 1849 3293 ,
1872 3254 1972 3287 eodem
1986 3265 2052 3296 quo-

1175 3307 1229 3338 que
1241 3299 1386 3339 modoper
1408 3295 1504 3339 ipsum
1526 3298 1663 3340 Filium,
1689 3311 1752 3334 cum
1764 3301 1804 3344 fit
1816 3304 1883 3344 eJus
1905 3304 2053 3337 naturali-

1178 3356 1240 3390 ter,
1265 3345 1370 3392 ipsique
1393 3344 1643 3390 consubstantialis
1662 3350 1905 3434 .YApertiffirne
1924 3352 2054 3397 profite-
2069 3351 2140 3389 Cap-
2159 3359 2185 3389 3·

1952 3411 2004 3436 tur

2079 2621 2153 2661 Cap·
2171 2633 2199 2661 3.
