<?xml version="1.0" encoding="UTF-8"?>
<!DOCTYPE html PUBLIC "-//W3C//DTD XHTML 1.0 Transitional//EN"
    "http://www.w3.org/TR/xhtml1/DTD/xhtml1-transitional.dtd">
<html xmlns="http://www.w3.org/1999/xhtml" xml:lang="en" lang="en">
 <head>
  <title>
</title>
<meta http-equiv="Content-Type" content="text/html;charset=utf-8" />
  <meta name='ocr-system' content='tesseract 3.04.00' />
  <meta name='ocr-capabilities' content='ocr_page ocr_carea ocr_par ocr_line ocrx_word'/>
</head>
<body>
  <div class='ocr_page' id='page_1' title='image "./operaomniastudio07lupuuoft/operaomniastudio07lupuuoft_0264.png"; bbox 0 0 2320 3730; ppageno 0'>
   <div class='ocr_carea' id='block_1_1' title="bbox 370 141 473 203">
    <p class='ocr_par' dir='ltr' id='par_1_1' title="bbox 370 141 473 203">
     <span class='ocr_line' id='line_1_1' title="bbox 370 141 473 203; baseline -0.019 -11"><span class='ocrx_word' id='word_1_1' title='bbox 370 141 473 203; x_wconf 78' lang='lat'>&#39;258</span> 
     </span>
    </p>
   </div>
   <div class='ocr_carea' id='block_1_2' title="bbox 491 333 993 380">
    <p class='ocr_par' dir='ltr' id='par_1_2' title="bbox 491 333 993 380">
     <span class='ocr_line' id='line_1_2' title="bbox 491 333 993 380; baseline -0.022 0"><span class='ocrx_word' id='word_1_2' title='bbox 491 333 993 380; x_wconf 71' lang='lat' dir='ltr'>SenorroN.</span> 
     </span>
    </p>
   </div>
   <div class='ocr_carea' id='block_1_3' title="bbox 282 472 1214 1070">
    <p class='ocr_par' dir='ltr' id='par_1_3' title="bbox 411 472 1182 525">
     <span class='ocr_line' id='line_1_3' title="bbox 411 472 1182 525; baseline -0.012 -9"><span class='ocrx_word' id='word_1_3' title='bbox 411 477 462 514; x_wconf 89' lang='lat' dir='ltr'>Ac</span> <span class='ocrx_word' id='word_1_4' title='bbox 474 480 609 525; x_wconf 83' lang='lat' dir='ltr'>epistola</span> <span class='ocrx_word' id='word_1_5' title='bbox 622 474 855 512; x_wconf 84' lang='lat' dir='ltr'>Theodoretus</span> <span class='ocrx_word' id='word_1_6' title='bbox 880 472 1051 517; x_wconf 83' lang='lat' dir='ltr'>respondet</span> <span class='ocrx_word' id='word_1_7' title='bbox 1063 484 1182 508; x_wconf 90' lang='lat' dir='ltr'>convo-</span> 
     </span>
    </p>

    <p class='ocr_par' dir='ltr' id='par_1_4' title="bbox 282 523 1214 1070">
     <span class='ocr_line' id='line_1_4' title="bbox 432 523 1181 571; baseline -0.012 -6"><span class='ocrx_word' id='word_1_8' title='bbox 432 531 564 567; x_wconf 73' lang='lat' dir='ltr'>catonis</span> <span class='ocrx_word' id='word_1_9' title='bbox 587 526 808 571; x_wconf 72' lang='lat' dir='ltr'>Metropolitae</span> <span class='ocrx_word' id='word_1_10' title='bbox 832 523 1013 559; x_wconf 84' lang='lat' dir='ltr'>Alexandri</span> <span class='ocrx_word' id='word_1_11' title='bbox 1024 524 1065 559; x_wconf 89' lang='lat' dir='ltr'>ad</span> <span class='ocrx_word' id='word_1_12' title='bbox 1079 524 1181 568; x_wconf 89' lang='lat' dir='ltr'>Zeug-</span> 
     </span>
     <span class='ocr_line' id='line_1_5' title="bbox 294 571 1184 627; baseline -0.009 -12"><span class='ocrx_word' id='word_1_13' title='bbox 294 582 475 618; x_wconf 68' lang='lat' dir='ltr'>matensem</span> <span class='ocrx_word' id='word_1_14' title='bbox 487 579 660 627; x_wconf 84' lang='lat' dir='ltr'>Synodum</span> <span class='ocrx_word' id='word_1_15' title='bbox 674 576 808 616; x_wconf 87' lang='lat' dir='ltr'>litteris,</span> <span class='ocrx_word' id='word_1_16' title='bbox 839 574 1034 616; x_wconf 77' lang='lat' dir='ltr'>promittens</span> <span class='ocrx_word' id='word_1_17' title='bbox 1054 575 1084 609; x_wconf 90' lang='lat' dir='ltr'>se</span> <span class='ocrx_word' id='word_1_18' title='bbox 1094 571 1184 608; x_wconf 91' lang='lat' dir='ltr'>adfu-</span> 
     </span>
     <span class='ocr_line' id='line_1_6' title="bbox 296 622 1182 673; baseline -0.006 -10"><span class='ocrx_word' id='word_1_19' title='bbox 296 639 429 665; x_wconf 86' lang='lat' dir='ltr'>turum.</span> <span class='ocrx_word' id='word_1_20' title='bbox 455 630 501 663; x_wconf 88' lang='lat' dir='ltr'>Et</span> <span class='ocrx_word' id='word_1_21' title='bbox 524 629 681 673; x_wconf 86' lang='lat' dir='ltr'>quoniam</span> <span class='ocrx_word' id='word_1_22' title='bbox 702 626 790 660; x_wconf 86' lang='lat' dir='ltr'>illius</span> <span class='ocrx_word' id='word_1_23' title='bbox 810 632 926 665; x_wconf 85' lang='lat' dir='ltr'>contra</span> <span class='ocrx_word' id='word_1_24' title='bbox 949 624 1038 667; x_wconf 83' lang='lat' dir='ltr'>pacis</span> <span class='ocrx_word' id='word_1_25' title='bbox 1053 622 1135 664; x_wconf 70' lang='lat' dir='ltr'>Asta</span> <span class='ocrx_word' id='word_1_26' title='bbox 1147 636 1182 659; x_wconf 92' lang='lat' dir='ltr'>o-</span> 
     </span>
     <span class='ocr_line' id='line_1_7' title="bbox 292 672 1180 723; baseline -0.007 -9"><span class='ocrx_word' id='word_1_27' title='bbox 292 679 388 714; x_wconf 87' lang='lat' dir='ltr'>dium</span> <span class='ocrx_word' id='word_1_28' title='bbox 400 680 433 714; x_wconf 89' lang='lat'>&amp;</span> <span class='ocrx_word' id='word_1_29' title='bbox 444 679 654 723; x_wconf 80' lang='lat' dir='ltr'>pertinaciam</span> <span class='ocrx_word' id='word_1_30' title='bbox 667 684 804 715; x_wconf 81' lang='lat' dir='ltr'>noverat</span> <span class='ocrx_word' id='word_1_31' title='bbox 817 698 828 715; x_wconf 84' lang='lat'><em>,</em></span> <span class='ocrx_word' id='word_1_32' title='bbox 854 672 1031 709; x_wconf 84' lang='lat' dir='ltr'>obtestatur</span> <span class='ocrx_word' id='word_1_33' title='bbox 1045 686 1082 714; x_wconf 85' lang='lat' dir='ltr'>ut</span> <span class='ocrx_word' id='word_1_34' title='bbox 1091 674 1126 708; x_wconf 74' lang='grc' dir='ltr'>δε</span> <span class='ocrx_word' id='word_1_35' title='bbox 1136 675 1180 718; x_wconf 88' lang='lat' dir='ltr'>ip-</span> 
     </span>
     <span class='ocr_line' id='line_1_8' title="bbox 291 722 1181 769; baseline -0.007 -5"><span class='ocrx_word' id='word_1_36' title='bbox 291 731 325 763; x_wconf 84' lang='lat' dir='ltr'>se</span> <span class='ocrx_word' id='word_1_37' title='bbox 336 741 405 764; x_wconf 89' lang='lat' dir='ltr'>non</span> <span class='ocrx_word' id='word_1_38' title='bbox 430 729 528 766; x_wconf 84' lang='lat' dir='ltr'>defit.</span> <span class='ocrx_word' id='word_1_39' title='bbox 555 726 737 769; x_wconf 70' lang='lat' dir='ltr'>Praecipuus</span> <span class='ocrx_word' id='word_1_40' title='bbox 758 725 848 766; x_wconf 77' lang='lat' dir='ltr'>enirn</span> <span class='ocrx_word' id='word_1_41' title='bbox 861 722 1000 767; x_wconf 71' lang='lat' dir='ltr'>Andreae</span> <span class='ocrx_word' id='word_1_42' title='bbox 1019 737 1057 763; x_wconf 81' lang='lat' dir='ltr'>ac</span> <span class='ocrx_word' id='word_1_43' title='bbox 1066 722 1181 765; x_wconf 78' lang='lat' dir='ltr'>Theo-</span> 
     </span>
     <span class='ocr_line' id='line_1_9' title="bbox 290 774 1187 823; baseline 0 -12"><span class='ocrx_word' id='word_1_44' title='bbox 290 779 397 812; x_wconf 87' lang='lat' dir='ltr'>doreti</span> <span class='ocrx_word' id='word_1_45' title='bbox 418 802 429 818; x_wconf 94' lang='lat'>‚</span> <span class='ocrx_word' id='word_1_46' title='bbox 454 776 692 819; x_wconf 83' lang='lat' dir='ltr'>postulantium</span> <span class='ocrx_word' id='word_1_47' title='bbox 718 774 1005 819; x_wconf 73' lang='lat' dir='ltr'>hanc-synodum</span> <span class='ocrx_word' id='word_1_48' title='bbox 1026 800 1037 821; x_wconf 73' lang='lat'>‚</span> <span class='ocrx_word' id='word_1_49' title='bbox 1064 775 1187 823; x_wconf 74' lang='lat' dir='ltr'>scopus.</span> 
     </span>
     <span class='ocr_line' id='line_1_10' title="bbox 288 824 1177 869; baseline 0 -10"><span class='ocrx_word' id='word_1_50' title='bbox 288 836 356 860; x_wconf 89' lang='lat' dir='ltr'>erat</span> <span class='ocrx_word' id='word_1_51' title='bbox 374 825 526 863; x_wconf 87' lang='lat' dir='ltr'>acerbum</span> <span class='ocrx_word' id='word_1_52' title='bbox 550 824 734 864; x_wconf 73' lang='lat' dir='ltr'>Alexandri</span> <span class='ocrx_word' id='word_1_53' title='bbox 761 824 909 861; x_wconf 83' lang='lat' dir='ltr'>animum</span> <span class='ocrx_word' id='word_1_54' title='bbox 935 825 1084 859; x_wconf 89' lang='lat' dir='ltr'>emollire</span> <span class='ocrx_word' id='word_1_55' title='bbox 1105 849 1118 866; x_wconf 93' lang='lat'><strong><em>,</em></strong></span> <span class='ocrx_word' id='word_1_56' title='bbox 1144 827 1177 869; x_wconf 74' lang='grc' dir='ltr'>ὃς</span> 
     </span>
     <span class='ocr_line' id='line_1_11' title="bbox 287 873 1176 922; baseline 0.003 -14"><span class='ocrx_word' id='word_1_57' title='bbox 287 876 426 910; x_wconf 80' lang='lat' dir='ltr'>suaviter</span> <span class='ocrx_word' id='word_1_58' title='bbox 446 875 480 915; x_wconf 81' lang='lat' dir='ltr'>in</span> <span class='ocrx_word' id='word_1_59' title='bbox 503 886 616 920; x_wconf 80' lang='lat' dir='ltr'>pacem</span> <span class='ocrx_word' id='word_1_60' title='bbox 641 875 824 918; x_wconf 59' lang='lat' dir='ltr'>inflestere.</span> <span class='ocrx_word' id='word_1_61' title='bbox 854 876 1013 922; x_wconf 81' lang='lat' dir='ltr'>Qarein</span> <span class='ocrx_word' id='word_1_62' title='bbox 1026 873 1089 917; x_wconf 82' lang='lat' dir='ltr'>hac</span> <span class='ocrx_word' id='word_1_63' title='bbox 1111 877 1176 920; x_wconf 87' lang='lat' dir='ltr'>epi-</span> 
     </span>
     <span class='ocr_line' id='line_1_12' title="bbox 285 923 1174 971; baseline 0.002 -12"><span class='ocrx_word' id='word_1_64' title='bbox 285 923 366 960; x_wconf 80' lang='lat' dir='ltr'>stola</span> <span class='ocrx_word' id='word_1_65' title='bbox 380 926 523 967; x_wconf 83' lang='lat' dir='ltr'>minatur</span> <span class='ocrx_word' id='word_1_66' title='bbox 536 923 628 970; x_wconf 62' lang='lat' dir='ltr'>plura</span> <span class='ocrx_word' id='word_1_67' title='bbox 640 949 651 967; x_wconf 90' lang='lat'>‚</span> <span class='ocrx_word' id='word_1_68' title='bbox 676 937 775 969; x_wconf 88' lang='lat' dir='ltr'>quam</span> <span class='ocrx_word' id='word_1_69' title='bbox 795 926 957 971; x_wconf 80' lang='lat' dir='ltr'>cogitaret</span> <span class='ocrx_word' id='word_1_70' title='bbox 967 935 1023 961; x_wconf 83' lang='lat' dir='ltr'>aut</span> <span class='ocrx_word' id='word_1_71' title='bbox 1037 925 1174 969; x_wconf 71' lang='lat' dir='ltr'>faceret,</span> 
     </span>
     <span class='ocr_line' id='line_1_13' title="bbox 282 973 1175 1023; baseline 0 -12"><span class='ocrx_word' id='word_1_72' title='bbox 282 975 419 1011; x_wconf 88' lang='lat' dir='ltr'>Etenim</span> <span class='ocrx_word' id='word_1_73' title='bbox 433 976 550 1011; x_wconf 69' lang='lat' dir='ltr'>Sansto</span> <span class='ocrx_word' id='word_1_74' title='bbox 561 976 688 1021; x_wconf 81' lang='lat' dir='ltr'>Cyrillo</span> <span class='ocrx_word' id='word_1_75' title='bbox 698 976 834 1023; x_wconf 82' lang='lat' dir='ltr'>aliisque</span> <span class='ocrx_word' id='word_1_76' title='bbox 847 973 998 1020; x_wconf 78' lang='lat' dir='ltr'>Ephefini</span> <span class='ocrx_word' id='word_1_77' title='bbox 1012 975 1175 1022; x_wconf 55' lang='lat' dir='ltr'>Concilih</span> 
     </span>
     <span class='ocr_line' id='line_1_14' title="bbox 282 1023 1214 1070; baseline 0.001 -11"><span class='ocrx_word' id='word_1_78' title='bbox 282 1025 340 1068; x_wconf 87' lang='lat' dir='ltr'>qui</span> <span class='ocrx_word' id='word_1_79' title='bbox 363 1025 552 1067; x_wconf 85' lang='lat' dir='ltr'>Nestorium</span> <span class='ocrx_word' id='word_1_80' title='bbox 572 1026 827 1070; x_wconf 80' lang='lat' dir='ltr'>damnaverant,</span> <span class='ocrx_word' id='word_1_81' title='bbox 852 1025 1007 1066; x_wconf 86' lang='lat' dir='ltr'>Patribus</span> <span class='ocrx_word' id='word_1_82' title='bbox 1031 1023 1173 1067; x_wconf 73' lang='lat' dir='ltr'>omnino</span> <span class='ocrx_word' id='word_1_83' title='bbox 1211 1041 1214 1044; x_wconf 52' lang='lat'><em>⁴</em></span> 
     </span>
    </p>
   </div>
   <div class='ocr_carea' id='block_1_4' title="bbox 279 1074 1170 1121">
    <p class='ocr_par' dir='ltr' id='par_1_5' title="bbox 279 1074 1170 1121">
     <span class='ocr_line' id='line_1_15' title="bbox 279 1074 1170 1121; baseline 0.001 -12"><span class='ocrx_word' id='word_1_84' title='bbox 279 1074 346 1117; x_wconf 85' lang='lat' dir='ltr'>jam</span> <span class='ocrx_word' id='word_1_85' title='bbox 372 1076 642 1112; x_wconf 77' lang='lat' dir='ltr'>communicabat</span> <span class='ocrx_word' id='word_1_86' title='bbox 661 1103 669 1111; x_wconf 91' lang='lat'>.</span> <span class='ocrx_word' id='word_1_87' title='bbox 700 1076 812 1111; x_wconf 78' lang='lat' dir='ltr'>Etiam</span> <span class='ocrx_word' id='word_1_88' title='bbox 848 1076 910 1119; x_wconf 77' lang='lat' dir='ltr'>ipsi</span> <span class='ocrx_word' id='word_1_89' title='bbox 937 1076 1170 1121; x_wconf 67' lang='lat' dir='ltr'>Maximiano,</span> 
     </span>
    </p>
   </div>
   <div class='ocr_carea' id='block_1_5' title="bbox 279 1123 1172 1171">
    <p class='ocr_par' dir='ltr' id='par_1_6' title="bbox 279 1123 1172 1171">
     <span class='ocr_line' id='line_1_16' title="bbox 279 1123 1172 1171; baseline 0.001 -12"><span class='ocrx_word' id='word_1_90' title='bbox 279 1125 433 1166; x_wconf 80' lang='lat' dir='ltr'>ordinato</span> <span class='ocrx_word' id='word_1_91' title='bbox 456 1127 489 1160; x_wconf 88' lang='lat' dir='ltr'>in</span> <span class='ocrx_word' id='word_1_92' title='bbox 508 1126 625 1165; x_wconf 75' lang='lat' dir='ltr'>iocum</span> <span class='ocrx_word' id='word_1_93' title='bbox 647 1126 813 1165; x_wconf 70' lang='lat' dir='ltr'>Nestorii,-</span> <span class='ocrx_word' id='word_1_94' title='bbox 840 1123 986 1171; x_wconf 76' lang='lat' dir='ltr'>Proinde</span> <span class='ocrx_word' id='word_1_95' title='bbox 995 1125 1172 1168; x_wconf 73' lang='lat' dir='ltr'>liberaliter</span> 
     </span>
    </p>
   </div>
   <div class='ocr_carea' id='block_1_6' title="bbox 273 1170 1170 1560">
    <p class='ocr_par' dir='ltr' id='par_1_7' title="bbox 273 1170 1170 1560">
     <span class='ocr_line' id='line_1_17' title="bbox 277 1170 1170 1218; baseline 0.003 -11"><span class='ocrx_word' id='word_1_96' title='bbox 277 1170 332 1213; x_wconf 78' lang='lat' dir='ltr'>hic</span> <span class='ocrx_word' id='word_1_97' title='bbox 358 1175 525 1218; x_wconf 86' lang='lat' dir='ltr'>loquitur,</span> <span class='ocrx_word' id='word_1_98' title='bbox 553 1186 589 1217; x_wconf 78' lang='lat' dir='ltr'>ut</span> <span class='ocrx_word' id='word_1_99' title='bbox 601 1174 828 1218; x_wconf 77' lang='lat' dir='ltr'>Alexandrum</span> <span class='ocrx_word' id='word_1_100' title='bbox 842 1184 1045 1218; x_wconf 84' lang='lat' dir='ltr'>componat,</span> <span class='ocrx_word' id='word_1_101' title='bbox 1074 1186 1112 1210; x_wconf 88' lang='lat' dir='ltr'>ae</span> <span class='ocrx_word' id='word_1_102' title='bbox 1125 1176 1170 1210; x_wconf 87' lang='lat' dir='ltr'>ita</span> 
     </span>
     <span class='ocr_line' id='line_1_18' title="bbox 276 1225 1169 1272; baseline 0.002 -15"><span class='ocrx_word' id='word_1_103' title='bbox 276 1225 416 1266; x_wconf 83' lang='lat' dir='ltr'>suaviter</span> <span class='ocrx_word' id='word_1_104' title='bbox 438 1225 545 1268; x_wconf 84' lang='lat' dir='ltr'>capiat</span> <span class='ocrx_word' id='word_1_105' title='bbox 564 1249 572 1257; x_wconf 90' lang='lat'><strong>.</strong></span> <span class='ocrx_word' id='word_1_106' title='bbox 598 1226 711 1272; x_wconf 84' lang='lat' dir='ltr'>Qare</span> <span class='ocrx_word' id='word_1_107' title='bbox 737 1225 877 1260; x_wconf 83' lang='lat' dir='ltr'>Irenaeus</span> <span class='ocrx_word' id='word_1_108' title='bbox 896 1225 1039 1270; x_wconf 82' lang='lat' dir='ltr'>graviter</span> <span class='ocrx_word' id='word_1_109' title='bbox 1061 1235 1169 1268; x_wconf 86' lang='lat' dir='ltr'>errat,</span> 
     </span>
     <span class='ocr_line' id='line_1_19' title="bbox 275 1274 1168 1320; baseline 0.001 -12"><span class='ocrx_word' id='word_1_110' title='bbox 275 1275 364 1316; x_wconf 89' lang='lat' dir='ltr'>quod</span> <span class='ocrx_word' id='word_1_111' title='bbox 375 1287 430 1319; x_wconf 91' lang='lat' dir='ltr'>per</span> <span class='ocrx_word' id='word_1_112' title='bbox 441 1275 527 1310; x_wconf 88' lang='lat' dir='ltr'>hanc</span> <span class='ocrx_word' id='word_1_113' title='bbox 540 1275 685 1318; x_wconf 74' lang='lat' dir='ltr'>epistolam</span> <span class='ocrx_word' id='word_1_114' title='bbox 693 1281 855 1319; x_wconf 64' lang='lat' dir='ltr'>premittur</span> <span class='ocrx_word' id='word_1_115' title='bbox 878 1274 1142 1320; x_wconf 59' lang='lat' dir='ltr'>anathematizare</span> <span class='ocrx_word' id='word_1_116' title='bbox 1157 1300 1168 1317; x_wconf 88' lang='grc'>,</span> 
     </span>
     <span class='ocr_line' id='line_1_20' title="bbox 276 1324 1167 1374; baseline 0.001 -16"><span class='ocrx_word' id='word_1_117' title='bbox 276 1336 344 1366; x_wconf 83' lang='lat' dir='ltr'>quae</span> <span class='ocrx_word' id='word_1_118' title='bbox 353 1331 431 1364; x_wconf 77' lang='lat' dir='ltr'>circa</span> <span class='ocrx_word' id='word_1_119' title='bbox 436 1330 469 1374; x_wconf 88' lang='lat' dir='ltr'><em>J</em></span> <span class='ocrx_word' id='word_1_120' title='bbox 470 1332 576 1360; x_wconf 84' lang='lat' dir='ltr'>oannis</span> <span class='ocrx_word' id='word_1_121' title='bbox 584 1325 719 1372; x_wconf 69' lang='lat' dir='ltr'>personae</span> <span class='ocrx_word' id='word_1_122' title='bbox 729 1326 896 1369; x_wconf 70' lang='lat' dir='ltr'>doc‘lrirram</span> <span class='ocrx_word' id='word_1_123' title='bbox 913 1350 925 1367; x_wconf 90' lang='lat'>‚</span> <span class='ocrx_word' id='word_1_124' title='bbox 953 1337 1004 1369; x_wconf 65' lang='lat' dir='ltr'>net·</span> <span class='ocrx_word' id='word_1_125' title='bbox 1013 1324 1076 1369; x_wconf 84' lang='lat' dir='ltr'>ipse</span> <span class='ocrx_word' id='word_1_126' title='bbox 1082 1331 1167 1369; x_wconf 67' lang='lat' dir='ltr'>pari·</span> 
     </span>
     <span class='ocr_line' id='line_1_21' title="bbox 274 1374 1166 1420; baseline 0.004 -14"><span class='ocrx_word' id='word_1_127' title='bbox 274 1380 320 1408; x_wconf 83' lang='lat' dir='ltr'>ter</span> <span class='ocrx_word' id='word_1_128' title='bbox 329 1387 427 1409; x_wconf 85' lang='lat' dir='ltr'>eorum</span> <span class='ocrx_word' id='word_1_129' title='bbox 439 1382 663 1419; x_wconf 73' lang='lat' dir='ltr'>communicator</span> <span class='ocrx_word' id='word_1_130' title='bbox 677 1377 796 1418; x_wconf 77' lang='lat' dir='ltr'>extstere</span> <span class='ocrx_word' id='word_1_131' title='bbox 810 1401 817 1409; x_wconf 93' lang='lat'><em>.</em></span> <span class='ocrx_word' id='word_1_132' title='bbox 845 1376 981 1420; x_wconf 80' lang='lat' dir='ltr'>Etenim</span> <span class='ocrx_word' id='word_1_133' title='bbox 1005 1374 1166 1419; x_wconf 87' lang='lat' dir='ltr'>Theodo-</span> 
     </span>
     <span class='ocr_line' id='line_1_22' title="bbox 273 1427 1166 1472; baseline 0.002 -15"><span class='ocrx_word' id='word_1_134' title='bbox 273 1434 360 1460; x_wconf 87' lang='lat' dir='ltr'>retus</span> <span class='ocrx_word' id='word_1_135' title='bbox 371 1427 448 1462; x_wconf 86' lang='lat' dir='ltr'>fidei</span> <span class='ocrx_word' id='word_1_136' title='bbox 461 1427 688 1472; x_wconf 79' lang='lat' dir='ltr'>profeffionem</span> <span class='ocrx_word' id='word_1_137' title='bbox 701 1451 711 1467; x_wconf 92' lang='lat'><em>‚</em></span> <span class='ocrx_word' id='word_1_138' title='bbox 731 1438 831 1471; x_wconf 88' lang='lat' dir='ltr'>quam</span> <span class='ocrx_word' id='word_1_139' title='bbox 845 1427 1166 1470; x_wconf 34' lang='lat' dir='ltr'>Joannesvadcyril-</span> 
     </span>
     <span class='ocr_line' id='line_1_23' title="bbox 273 1473 1164 1559; baseline 0.002 -51"><span class='ocrx_word' id='word_1_140' title='bbox 273 1473 346 1559; x_wconf 45' lang='lat' dir='ltr'>{um</span> <span class='ocrx_word' id='word_1_141' title='bbox 367 1478 474 1519; x_wconf 87' lang='lat' dir='ltr'>mifit,</span> <span class='ocrx_word' id='word_1_142' title='bbox 501 1478 536 1519; x_wconf 73' lang='grc' dir='ltr'>ἀ</span> <span class='ocrx_word' id='word_1_143' title='bbox 558 1488 657 1521; x_wconf 85' lang='lat' dir='ltr'>quam</span> <span class='ocrx_word' id='word_1_144' title='bbox 668 1477 815 1530; x_wconf 74' lang='lat' dir='ltr'>Cyrillus</span> <span class='ocrx_word' id='word_1_145' title='bbox 828 1477 1004 1526; x_wconf 47' lang='lat' dir='ltr'>probavit?</span> <span class='ocrx_word' id='word_1_146' title='bbox 1030 1486 1164 1525; x_wconf 83' lang='lat' dir='ltr'>compo-</span> 
     </span>
     <span class='ocr_line' id='line_1_24' title="bbox 288 1533 401 1560; baseline 0.027 -3"><span class='ocrx_word' id='word_1_147' title='bbox 288 1533 378 1560; x_wconf 88' lang='lat' dir='ltr'>uerat</span> <span class='ocrx_word' id='word_1_148' title='bbox 392 1549 401 1559; x_wconf 83' lang='lat'><strong>.</strong></span> 
     </span>
    </p>
   </div>
   <div class='ocr_carea' id='block_1_7' title="bbox 282 1721 849 1736">
    <p class='ocr_par' dir='ltr' id='par_1_8' title="bbox 282 1721 849 1736">
     <span class='ocr_line' id='line_1_25' title="bbox 282 1721 849 1736; baseline 0.007 -7"><span class='ocrx_word' id='word_1_149' title='bbox 282 1721 849 1736; x_wconf 29' lang='lat' dir='ltr'><strong>&amp;ww—.-</strong></span> 
     </span>
    </p>
   </div>
   <div class='ocr_carea' id='block_1_8' title="bbox 526 1870 1155 1928">
    <p class='ocr_par' dir='ltr' id='par_1_9' title="bbox 526 1870 1155 1928">
     <span class='ocr_line' id='line_1_26' title="bbox 526 1870 1155 1928; baseline -0.014 0"><span class='ocrx_word' id='word_1_150' title='bbox 526 1870 794 1928; x_wconf 76' lang='lat' dir='ltr'>CAPUT</span> <span class='ocrx_word' id='word_1_151' title='bbox 831 1875 890 1924; x_wconf 59' lang='lat' dir='ltr'>C,</span> <span class='ocrx_word' id='word_1_152' title='bbox 1014 1873 1155 1920; x_wconf 81' lang='lat'><em>.--188</em></span> 
     </span>
    </p>
   </div>
   <div class='ocr_carea' id='block_1_9' title="bbox 407 2059 820 2134">
    <p class='ocr_par' dir='ltr' id='par_1_10' title="bbox 407 2059 820 2134">
     <span class='ocr_line' id='line_1_27' title="bbox 407 2059 820 2134; baseline -0.012 -23"><span class='ocrx_word' id='word_1_153' title='bbox 407 2059 609 2134; x_wconf 58' lang='lat' dir='ltr'>Ejusdem</span> <span class='ocrx_word' id='word_1_154' title='bbox 645 2061 794 2124; x_wconf 79' lang='lat' dir='ltr'>Irenaei</span> <span class='ocrx_word' id='word_1_155' title='bbox 806 2092 820 2110; x_wconf 71' lang='grc'><strong>.</strong></span> 
     </span>
    </p>
   </div>
   <div class='ocr_carea' id='block_1_10' title="bbox 266 2225 1157 2634">
    <p class='ocr_par' dir='ltr' id='par_1_11' title="bbox 266 2225 1157 2634">
     <span class='ocr_line' id='line_1_28' title="bbox 266 2225 1157 2303; baseline -0.012 -22"><span class='ocrx_word' id='word_1_156' title='bbox 266 2231 440 2303; x_wconf 66' lang='lat' dir='ltr'>Epistola</span> <span class='ocrx_word' id='word_1_157' title='bbox 455 2267 468 2292; x_wconf 86' lang='lat'>,</span> <span class='ocrx_word' id='word_1_158' title='bbox 506 2230 652 2298; x_wconf 86' lang='lat' dir='ltr'>inquit</span> <span class='ocrx_word' id='word_1_159' title='bbox 667 2264 681 2290; x_wconf 85' lang='lat'>‚</span> <span class='ocrx_word' id='word_1_160' title='bbox 719 2225 937 2277; x_wconf 78' lang='lat' dir='ltr'>Alexandri</span> <span class='ocrx_word' id='word_1_161' title='bbox 961 2227 1014 2275; x_wconf 78' lang='lat' dir='ltr'>ad</span> <span class='ocrx_word' id='word_1_162' title='bbox 1028 2225 1157 2274; x_wconf 68' lang='lat' dir='ltr'>Theo-</span> 
     </span>
     <span class='ocr_line' id='line_1_29' title="bbox 336 2293 1156 2370; baseline -0.006 -21"><span class='ocrx_word' id='word_1_163' title='bbox 336 2302 529 2365; x_wconf 74' lang='lat' dir='ltr'>domum,</span> <span class='ocrx_word' id='word_1_164' title='bbox 560 2316 629 2370; x_wconf 79' lang='lat' dir='ltr'>per</span> <span class='ocrx_word' id='word_1_165' title='bbox 660 2316 782 2365; x_wconf 77' lang='lat' dir='ltr'>quam</span> <span class='ocrx_word' id='word_1_166' title='bbox 806 2293 927 2362; x_wconf 61' lang='lat' dir='ltr'>fisum</span> <span class='ocrx_word' id='word_1_167' title='bbox 964 2295 1038 2344; x_wconf 82' lang='lat' dir='ltr'>tali</span> <span class='ocrx_word' id='word_1_168' title='bbox 1072 2316 1156 2345; x_wconf 79' lang='lat' dir='ltr'>con-</span> 
     </span>
     <span class='ocr_line' id='line_1_30' title="bbox 337 2367 1155 2441; baseline -0.009 -20"><span class='ocrx_word' id='word_1_169' title='bbox 337 2373 467 2421; x_wconf 80' lang='lat' dir='ltr'>ditione</span> <span class='ocrx_word' id='word_1_170' title='bbox 498 2371 672 2441; x_wconf 79' lang='lat' dir='ltr'>promifit</span> <span class='ocrx_word' id='word_1_171' title='bbox 697 2367 932 2427; x_wconf 75' lang='lat' dir='ltr'>adventum,</span> <span class='ocrx_word' id='word_1_172' title='bbox 983 2387 998 2413; x_wconf 82' lang='grc' dir='ltr'><em>ι</em></span> <span class='ocrx_word' id='word_1_173' title='bbox 1022 2371 1071 2415; x_wconf 78' lang='lat' dir='ltr'>eis</span> <span class='ocrx_word' id='word_1_174' title='bbox 1087 2385 1155 2437; x_wconf 81' lang='lat' dir='ltr'>per</span> 
     </span>
     <span class='ocr_line' id='line_1_31' title="bbox 336 2435 1155 2509; baseline -0.007 -17"><span class='ocrx_word' id='word_1_175' title='bbox 336 2443 483 2492; x_wconf 77' lang='lat' dir='ltr'><em>litteras</em></span> <span class='ocrx_word' id='word_1_176' title='bbox 522 2439 729 2509; x_wconf 76' lang='lat' dir='ltr'>fhtisfieret</span> <span class='ocrx_word' id='word_1_177' title='bbox 776 2437 818 2486; x_wconf 82' lang='lat' dir='ltr'>de</span> <span class='ocrx_word' id='word_1_178' title='bbox 866 2435 922 2486; x_wconf 80' lang='lat' dir='ltr'>his</span> <span class='ocrx_word' id='word_1_179' title='bbox 938 2472 953 2496; x_wconf 83' lang='lat'>‚</span> <span class='ocrx_word' id='word_1_180' title='bbox 1002 2454 1155 2507; x_wconf 79' lang='lat' dir='ltr'>propter</span> 
     </span>
     <span class='ocr_line' id='line_1_32' title="bbox 335 2508 1154 2581; baseline -0.004 -19"><span class='ocrx_word' id='word_1_181' title='bbox 335 2533 414 2581; x_wconf 76' lang='lat' dir='ltr'>quae</span> <span class='ocrx_word' id='word_1_182' title='bbox 451 2512 757 2581; x_wconf 62' lang='lat' dir='ltr'>sbtisfhilionem</span> <span class='ocrx_word' id='word_1_183' title='bbox 804 2508 1007 2561; x_wconf 63' lang='lat' dir='ltr'>nitebatur</span> <span class='ocrx_word' id='word_1_184' title='bbox 1027 2513 1154 2577; x_wconf 58' lang='lat' dir='ltr'>exige-</span> 
     </span>
     <span class='ocr_line' id='line_1_33' title="bbox 335 2604 396 2634; baseline 0.016 -1"><span class='ocrx_word' id='word_1_185' title='bbox 335 2604 396 2634; x_wconf 87' lang='lat' dir='ltr'>re.</span> 
     </span>
    </p>
   </div>
   <div class='ocr_carea' id='block_1_11' title="bbox 269 2769 1153 3318">
    <p class='ocr_par' dir='ltr' id='par_1_12' title="bbox 349 2769 1153 2866">
     <span class='ocr_line' id='line_1_34' title="bbox 349 2769 1153 2817; baseline -0.004 -8"><span class='ocrx_word' id='word_1_186' title='bbox 349 2774 388 2809; x_wconf 84' lang='grc' dir='ltr'><strong>Τ</strong></span> <span class='ocrx_word' id='word_1_187' title='bbox 403 2769 677 2817; x_wconf 73' lang='lat' dir='ltr'>tuaikeligiofitas</span> <span class='ocrx_word' id='word_1_188' title='bbox 699 2770 794 2807; x_wconf 87' lang='lat' dir='ltr'>novit</span> <span class='ocrx_word' id='word_1_189' title='bbox 805 2793 816 2810; x_wconf 88' lang='lat'><strong>,</strong></span> <span class='ocrx_word' id='word_1_190' title='bbox 842 2770 931 2814; x_wconf 87' lang='lat' dir='ltr'>quod</span> <span class='ocrx_word' id='word_1_191' title='bbox 943 2778 1074 2816; x_wconf 88' lang='lat' dir='ltr'>propter</span> <span class='ocrx_word' id='word_1_192' title='bbox 1084 2772 1153 2816; x_wconf 70' lang='lat' dir='ltr'>eius</span> 
     </span>
     <span class='ocr_line' id='line_1_35' title="bbox 376 2821 1151 2866; baseline -0.003 -7"><span class='ocrx_word' id='word_1_193' title='bbox 376 2826 495 2862; x_wconf 65' lang='lat' dir='ltr'>restam</span> <span class='ocrx_word' id='word_1_194' title='bbox 510 2823 604 2866; x_wconf 70' lang='lat' dir='ltr'>fidem</span> <span class='ocrx_word' id='word_1_195' title='bbox 624 2822 725 2857; x_wconf 88' lang='lat' dir='ltr'>etiam</span> <span class='ocrx_word' id='word_1_196' title='bbox 741 2821 831 2855; x_wconf 77' lang='lat' dir='ltr'>nolim</span> <span class='ocrx_word' id='word_1_197' title='bbox 852 2821 886 2855; x_wconf 64' lang='grc' dir='ltr'>Θ·</span> <span class='ocrx_word' id='word_1_198' title='bbox 907 2833 996 2857; x_wconf 89' lang='lat' dir='ltr'>nunc</span> <span class='ocrx_word' id='word_1_199' title='bbox 1020 2823 1151 2864; x_wconf 88' lang='lat' dir='ltr'>venire,</span> 
     </span>
    </p>

    <p class='ocr_par' dir='ltr' id='par_1_13' title="bbox 269 2870 1153 3318">
     <span class='ocr_line' id='line_1_36' title="bbox 270 2870 1152 2917; baseline -0.002 -7"><span class='ocrx_word' id='word_1_200' title='bbox 270 2876 306 2910; x_wconf 67' lang='grc' dir='ltr'>ἐν</span> <span class='ocrx_word' id='word_1_201' title='bbox 317 2874 448 2910; x_wconf 63' lang='lat' dir='ltr'>traam</span> <span class='ocrx_word' id='word_1_202' title='bbox 455 2873 626 2909; x_wconf 80' lang='lat' dir='ltr'>vobiscum</span> <span class='ocrx_word' id='word_1_203' title='bbox 638 2872 679 2908; x_wconf 91' lang='lat' dir='ltr'>de</span> <span class='ocrx_word' id='word_1_204' title='bbox 691 2870 742 2905; x_wconf 91' lang='lat' dir='ltr'>his</span> <span class='ocrx_word' id='word_1_205' title='bbox 752 2881 824 2914; x_wconf 78' lang='lat' dir='ltr'>quae</span> <span class='ocrx_word' id='word_1_206' title='bbox 835 2880 978 2915; x_wconf 79' lang='lat' dir='ltr'>aguntur</span> <span class='ocrx_word' id='word_1_207' title='bbox 998 2882 1035 2907; x_wconf 91' lang='lat' dir='ltr'>ut</span> <span class='ocrx_word' id='word_1_208' title='bbox 1045 2874 1132 2917; x_wconf 81' lang='lat' dir='ltr'>paria</span> <span class='ocrx_word' id='word_1_209' title='bbox 1145 2898 1152 2909; x_wconf 83' lang='lat'>.</span> 
     </span>
     <span class='ocr_line' id='line_1_37' title="bbox 269 2920 1151 2972; baseline -0.003 -10"><span class='ocrx_word' id='word_1_210' title='bbox 269 2924 444 2972; x_wconf 77' lang='lat' dir='ltr'>Qoniam</span> <span class='ocrx_word' id='word_1_211' title='bbox 455 2923 536 2961; x_wconf 74' lang='lat' dir='ltr'>vero</span> <span class='ocrx_word' id='word_1_212' title='bbox 546 2922 690 2969; x_wconf 82' lang='lat' dir='ltr'>cognovi</span> <span class='ocrx_word' id='word_1_213' title='bbox 700 2920 741 2959; x_wconf 88' lang='lat' dir='ltr'>de</span> <span class='ocrx_word' id='word_1_214' title='bbox 751 2920 879 2964; x_wconf 83' lang='lat' dir='ltr'>reliquo</span> <span class='ocrx_word' id='word_1_215' title='bbox 886 2945 898 2962; x_wconf 93' lang='lat'>,</span> <span class='ocrx_word' id='word_1_216' title='bbox 924 2933 992 2967; x_wconf 79' lang='lat' dir='ltr'>quae</span> <span class='ocrx_word' id='word_1_217' title='bbox 1002 2922 1067 2966; x_wconf 82' lang='lat' dir='ltr'>jam</span> <span class='ocrx_word' id='word_1_218' title='bbox 1077 2922 1151 2961; x_wconf 78' lang='lat' dir='ltr'>data</span> 
     </span>
     <span class='ocr_line' id='line_1_38' title="bbox 270 2970 1151 3018; baseline -0.005 -5"><span class='ocrx_word' id='word_1_219' title='bbox 270 2978 311 3013; x_wconf 87' lang='lat' dir='ltr'>fit</span> <span class='ocrx_word' id='word_1_220' title='bbox 320 2977 363 3012; x_wconf 90' lang='lat' dir='ltr'>ab</span> <span class='ocrx_word' id='word_1_221' title='bbox 373 2976 418 3011; x_wconf 89' lang='lat' dir='ltr'>eis</span> <span class='ocrx_word' id='word_1_222' title='bbox 428 2977 534 3013; x_wconf 81' lang='lat' dir='ltr'>forma</span> <span class='ocrx_word' id='word_1_223' title='bbox 546 2970 770 3012; x_wconf 82' lang='lat' dir='ltr'>damnationis</span> <span class='ocrx_word' id='word_1_224' title='bbox 780 2970 850 3018; x_wconf 76' lang='lat' dir='ltr'>ejus</span> <span class='ocrx_word' id='word_1_225' title='bbox 861 2973 1004 3015; x_wconf 75' lang='lat' dir='ltr'>personae</span> <span class='ocrx_word' id='word_1_226' title='bbox 1014 2998 1025 3015; x_wconf 89' lang='lat'>‚</span> <span class='ocrx_word' id='word_1_227' title='bbox 1052 2975 1151 3009; x_wconf 86' lang='lat' dir='ltr'>nimis</span> 
     </span>
     <span class='ocr_line' id='line_1_39' title="bbox 270 3020 1151 3068; baseline -0.002 -7"><span class='ocrx_word' id='word_1_228' title='bbox 270 3027 356 3061; x_wconf 87' lang='lat' dir='ltr'>mihi</span> <span class='ocrx_word' id='word_1_229' title='bbox 370 3026 548 3062; x_wconf 80' lang='lat' dir='ltr'>ridiculum</span> <span class='ocrx_word' id='word_1_230' title='bbox 559 3024 689 3060; x_wconf 80' lang='lat' dir='ltr'>videtur</span> <span class='ocrx_word' id='word_1_231' title='bbox 699 3020 1005 3059; x_wconf 80' lang='lat' dir='ltr'>anathematismum</span> <span class='ocrx_word' id='word_1_232' title='bbox 1016 3022 1151 3068; x_wconf 84' lang='lat' dir='ltr'>Capitu-</span> 
     </span>
     <span class='ocr_line' id='line_1_40' title="bbox 273 3072 1150 3124; baseline -0.001 -14"><span class='ocrx_word' id='word_1_233' title='bbox 273 3076 382 3112; x_wconf 87' lang='lat' dir='ltr'>lorum</span> <span class='ocrx_word' id='word_1_234' title='bbox 403 3086 510 3124; x_wconf 82' lang='lat' dir='ltr'>petere</span> <span class='ocrx_word' id='word_1_235' title='bbox 530 3076 549 3114; x_wconf 73' lang='grc' dir='ltr'>ὲ,</span> <span class='ocrx_word' id='word_1_236' title='bbox 562 3075 632 3111; x_wconf 89' lang='lat' dir='ltr'>viro</span> <span class='ocrx_word' id='word_1_237' title='bbox 643 3099 654 3117; x_wconf 88' lang='lat'>‚</span> <span class='ocrx_word' id='word_1_238' title='bbox 681 3074 738 3119; x_wconf 87' lang='lat' dir='ltr'>qui</span> <span class='ocrx_word' id='word_1_239' title='bbox 749 3072 983 3109; x_wconf 79' lang='lat' dir='ltr'>orthodoxum</span> <span class='ocrx_word' id='word_1_240' title='bbox 1004 3085 1081 3108; x_wconf 91' lang='lat' dir='ltr'>cum</span> <span class='ocrx_word' id='word_1_241' title='bbox 1093 3075 1150 3109; x_wconf 92' lang='lat' dir='ltr'>suo</span> 
     </span>
     <span class='ocr_line' id='line_1_41' title="bbox 273 3122 1151 3169; baseline 0 -10"><span class='ocrx_word' id='word_1_242' title='bbox 273 3125 428 3169; x_wconf 88' lang='lat' dir='ltr'>dogmate</span> <span class='ocrx_word' id='word_1_243' title='bbox 449 3125 685 3162; x_wconf 88' lang='lat' dir='ltr'>condemnavit</span> <span class='ocrx_word' id='word_1_244' title='bbox 708 3149 715 3157; x_wconf 93' lang='lat'><strong>.</strong></span> <span class='ocrx_word' id='word_1_245' title='bbox 743 3123 789 3157; x_wconf 87' lang='lat' dir='ltr'>Et</span> <span class='ocrx_word' id='word_1_246' title='bbox 822 3122 966 3159; x_wconf 73' lang='lat' dir='ltr'>maxime</span> <span class='ocrx_word' id='word_1_247' title='bbox 992 3124 1068 3167; x_wconf 85' lang='lat' dir='ltr'>quia</span> <span class='ocrx_word' id='word_1_248' title='bbox 1087 3134 1151 3159; x_wconf 82' lang='lat' dir='ltr'>tuae</span> 
     </span>
     <span class='ocr_line' id='line_1_42' title="bbox 275 3172 1151 3220; baseline 0.002 -12"><span class='ocrx_word' id='word_1_249' title='bbox 275 3175 409 3218; x_wconf 88' lang='lat' dir='ltr'>quidem</span> <span class='ocrx_word' id='word_1_250' title='bbox 432 3175 653 3220; x_wconf 83' lang='lat' dir='ltr'>Religiofitati</span> <span class='ocrx_word' id='word_1_251' title='bbox 675 3173 801 3210; x_wconf 89' lang='lat' dir='ltr'>videtur</span> <span class='ocrx_word' id='word_1_252' title='bbox 821 3172 1033 3210; x_wconf 88' lang='lat' dir='ltr'>immutatum</span> <span class='ocrx_word' id='word_1_253' title='bbox 1058 3174 1151 3210; x_wconf 78' lang='lat' dir='ltr'>fuisse</span> 
     </span>
     <span class='ocr_line' id='line_1_43' title="bbox 275 3221 1151 3268; baseline 0.001 -10"><span class='ocrx_word' id='word_1_254' title='bbox 275 3222 460 3268; x_wconf 84' lang='lat' dir='ltr'>Cyrillum.</span> <span class='ocrx_word' id='word_1_255' title='bbox 490 3225 533 3261; x_wconf 87' lang='lat' dir='ltr'>Et</span> <span class='ocrx_word' id='word_1_256' title='bbox 547 3221 631 3257; x_wconf 88' lang='lat' dir='ltr'>nihil</span> <span class='ocrx_word' id='word_1_257' title='bbox 641 3223 739 3258; x_wconf 88' lang='lat' dir='ltr'>distat</span> <span class='ocrx_word' id='word_1_258' title='bbox 751 3247 762 3263; x_wconf 91' lang='lat'><strong>,</strong></span> <span class='ocrx_word' id='word_1_259' title='bbox 773 3235 815 3260; x_wconf 89' lang='lat' dir='ltr'>an</span> <span class='ocrx_word' id='word_1_260' title='bbox 829 3224 903 3268; x_wconf 86' lang='lat' dir='ltr'>quis</span> <span class='ocrx_word' id='word_1_261' title='bbox 914 3231 945 3259; x_wconf 92' lang='lat' dir='ltr'>te</span> <span class='ocrx_word' id='word_1_262' title='bbox 956 3223 1151 3259; x_wconf 84' lang='lat' dir='ltr'>condemna-</span> 
     </span>
     <span class='ocr_line' id='line_1_44' title="bbox 275 3273 1153 3318; baseline -0.001 -10"><span class='ocrx_word' id='word_1_263' title='bbox 275 3284 311 3309; x_wconf 75' lang='lat' dir='ltr'>re</span> <span class='ocrx_word' id='word_1_264' title='bbox 320 3273 495 3317; x_wconf 85' lang='lat' dir='ltr'>compellat</span> <span class='ocrx_word' id='word_1_265' title='bbox 506 3298 517 3314; x_wconf 87' lang='lat'>,</span> <span class='ocrx_word' id='word_1_266' title='bbox 541 3273 565 3305; x_wconf 89' lang='lat' dir='ltr'><strong>fi</strong></span> <span class='ocrx_word' id='word_1_267' title='bbox 576 3273 872 3311; x_wconf 87' lang='lat' dir='ltr'>communicaveris</span> <span class='ocrx_word' id='word_1_268' title='bbox 880 3274 909 3308; x_wconf 90' lang='lat' dir='ltr'>ei</span> <span class='ocrx_word' id='word_1_269' title='bbox 921 3298 932 3315; x_wconf 90' lang='lat'><strong>,</strong></span> <span class='ocrx_word' id='word_1_270' title='bbox 954 3274 1012 3318; x_wconf 91' lang='lat' dir='ltr'>qui</span> <span class='ocrx_word' id='word_1_271' title='bbox 1022 3273 1153 3310; x_wconf 87' lang='lat' dir='ltr'>damna.</span> 
     </span>
    </p>
   </div>
   <div class='ocr_carea' id='block_1_12' title="bbox 1161 1405 1194 2562">
    <p class='ocr_par' dir='ltr' id='par_1_14' title="bbox 1161 1405 1194 2562">
     <span class='ocr_line' id='line_1_45' title="bbox 1161 1405 1194 2562; baseline 0 0"><span class='ocrx_word' id='word_1_272' title='bbox 1161 1405 1194 2562; x_wconf 95' lang='lat' dir='ltr'> </span> 
     </span>
    </p>
   </div>
   <div class='ocr_carea' id='block_1_13' title="bbox 683 139 1747 202">
    <p class='ocr_par' dir='ltr' id='par_1_15' title="bbox 683 139 1747 202">
     <span class='ocr_line' id='line_1_46' title="bbox 683 139 1747 202; baseline 0.003 -15"><span class='ocrx_word' id='word_1_273' title='bbox 683 141 1052 187; x_wconf 65' lang='lat' dir='ltr'>‘VARIORU‘M</span> <span class='ocrx_word' id='word_1_274' title='bbox 1086 139 1693 202; x_wconf 57' lang='lat' dir='ltr'>Pmnunflmsrorae,</span> <span class='ocrx_word' id='word_1_275' title='bbox 1744 156 1747 161; x_wconf 85' lang='lat'>&#39;</span> 
     </span>
    </p>
   </div>
   <div class='ocr_carea' id='block_1_14' title="bbox 1218 222 2128 2507">
    <p class='ocr_par' dir='ltr' id='par_1_16' title="bbox 1234 222 2128 1008">
     <span class='ocr_line' id='line_1_47' title="bbox 1249 222 2126 273; baseline 0.015 -18"><span class='ocrx_word' id='word_1_276' title='bbox 1249 231 1329 256; x_wconf 84' lang='lat' dir='ltr'>tunc</span> <span class='ocrx_word' id='word_1_277' title='bbox 1349 222 1384 256; x_wconf 90' lang='lat' dir='ltr'>in</span> <span class='ocrx_word' id='word_1_278' title='bbox 1406 222 1590 262; x_wconf 87' lang='lat' dir='ltr'>Antiochia</span> <span class='ocrx_word' id='word_1_279' title='bbox 1614 228 1699 264; x_wconf 88' lang='lat' dir='ltr'>inter</span> <span class='ocrx_word' id='word_1_280' title='bbox 1721 240 1784 264; x_wconf 86' lang='lat' dir='ltr'>nos</span> <span class='ocrx_word' id='word_1_281' title='bbox 1803 228 1962 265; x_wconf 88' lang='lat' dir='ltr'>collocuti</span> <span class='ocrx_word' id='word_1_282' title='bbox 1992 231 2126 273; x_wconf 88' lang='lat' dir='ltr'>sumus,</span> 
     </span>
     <span class='ocr_line' id='line_1_48' title="bbox 1249 272 2127 321; baseline 0.014 -16"><span class='ocrx_word' id='word_1_283' title='bbox 1249 272 1393 306; x_wconf 87' lang='lat' dir='ltr'>dicentes</span> <span class='ocrx_word' id='word_1_284' title='bbox 1408 298 1419 315; x_wconf 91' lang='lat'>‚</span> <span class='ocrx_word' id='word_1_285' title='bbox 1445 274 1547 319; x_wconf 86' lang='lat' dir='ltr'>Qod</span> <span class='ocrx_word' id='word_1_286' title='bbox 1567 277 1591 309; x_wconf 81' lang='lat' dir='ltr'>si</span> <span class='ocrx_word' id='word_1_287' title='bbox 1616 278 1762 321; x_wconf 86' lang='lat' dir='ltr'>Cyrillus</span> <span class='ocrx_word' id='word_1_288' title='bbox 1783 280 1876 315; x_wconf 85' lang='lat' dir='ltr'>illam</span> <span class='ocrx_word' id='word_1_289' title='bbox 1899 280 2127 316; x_wconf 88' lang='lat' dir='ltr'>conditionem</span> 
     </span>
     <span class='ocr_line' id='line_1_49' title="bbox 1249 322 2126 375; baseline 0.014 -20"><span class='ocrx_word' id='word_1_290' title='bbox 1249 323 1443 368; x_wconf 84' lang='lat' dir='ltr'>susceperit,</span> <span class='ocrx_word' id='word_1_291' title='bbox 1467 322 1684 372; x_wconf 86' lang='lat' dir='ltr'>abjeceritque</span> <span class='ocrx_word' id='word_1_292' title='bbox 1702 327 1856 374; x_wconf 82' lang='lat' dir='ltr'>Capitula</span> <span class='ocrx_word' id='word_1_293' title='bbox 1879 354 1891 371; x_wconf 92' lang='lat'>‚</span> <span class='ocrx_word' id='word_1_294' title='bbox 1918 343 2030 375; x_wconf 84' lang='lat' dir='ltr'>pacem</span> <span class='ocrx_word' id='word_1_295' title='bbox 2054 333 2126 366; x_wconf 86' lang='lat' dir='ltr'>fieri</span> 
     </span>
     <span class='ocr_line' id='line_1_50' title="bbox 1245 373 2128 422; baseline 0.012 -17"><span class='ocrx_word' id='word_1_296' title='bbox 1245 373 1423 413; x_wconf 88' lang='lat' dir='ltr'>convenit,</span> <span class='ocrx_word' id='word_1_297' title='bbox 1442 373 1584 411; x_wconf 62' lang='lat' dir='ltr'>,scientes</span> <span class='ocrx_word' id='word_1_298' title='bbox 1601 373 1756 410; x_wconf 82' lang='lat' dir='ltr'>videlieet</span> <span class='ocrx_word' id='word_1_299' title='bbox 1773 376 1854 411; x_wconf 78' lang='lat' dir='ltr'>illud</span> <span class='ocrx_word' id='word_1_300' title='bbox 1874 378 1946 416; x_wconf 51' lang='lat' dir='ltr'>heca</span> <span class='ocrx_word' id='word_1_301' title='bbox 1959 382 2128 422; x_wconf 83' lang='lat' dir='ltr'>diximus,</span> 
     </span>
     <span class='ocr_line' id='line_1_51' title="bbox 1245 421 2127 470; baseline 0.003 -15"><span class='ocrx_word' id='word_1_302' title='bbox 1245 422 1333 464; x_wconf 89' lang='lat' dir='ltr'>quod</span> <span class='ocrx_word' id='word_1_303' title='bbox 1353 421 1580 460; x_wconf 83' lang='lat' dir='ltr'>haereticorum</span> <span class='ocrx_word' id='word_1_304' title='bbox 1592 424 1823 467; x_wconf 79' lang='lat' dir='ltr'>Capitulorum</span> <span class='ocrx_word' id='word_1_305' title='bbox 1845 426 1957 470; x_wconf 54' lang='lat' dir='ltr'>ejectio</span> <span class='ocrx_word' id='word_1_306' title='bbox 1978 432 2015 465; x_wconf 75' lang='lat' dir='ltr'>sit</span> <span class='ocrx_word' id='word_1_307' title='bbox 2034 432 2127 466; x_wconf 78' lang='lat' dir='ltr'>&amp;re-</span> 
     </span>
     <span class='ocr_line' id='line_1_52' title="bbox 1243 472 2126 525; baseline 0.01 -18"><span class='ocrx_word' id='word_1_308' title='bbox 1243 473 1298 507; x_wconf 65' lang='lat' dir='ltr'>‹stae</span> <span class='ocrx_word' id='word_1_309' title='bbox 1309 472 1385 513; x_wconf 83' lang='lat' dir='ltr'>fidei</span> <span class='ocrx_word' id='word_1_310' title='bbox 1408 474 1526 515; x_wconf 89' lang='lat' dir='ltr'>robur,</span> <span class='ocrx_word' id='word_1_311' title='bbox 1553 475 1793 518; x_wconf 65' lang='lat' dir='ltr'>&amp;eorumquae</span> <span class='ocrx_word' id='word_1_312' title='bbox 1812 486 1927 511; x_wconf 79' lang='lat' dir='ltr'>contra</span> <span class='ocrx_word' id='word_1_313' title='bbox 1948 479 2036 515; x_wconf 86' lang='lat' dir='ltr'>illam</span> <span class='ocrx_word' id='word_1_314' title='bbox 2058 492 2126 525; x_wconf 86' lang='lat' dir='ltr'>per-</span> 
     </span>
     <span class='ocr_line' id='line_1_53' title="bbox 1242 522 2125 575; baseline 0.009 -20"><span class='ocrx_word' id='word_1_315' title='bbox 1242 522 1357 556; x_wconf 90' lang='lat' dir='ltr'>sonam</span> <span class='ocrx_word' id='word_1_316' title='bbox 1375 525 1450 558; x_wconf 89' lang='lat' dir='ltr'>sunt</span> <span class='ocrx_word' id='word_1_317' title='bbox 1471 525 1586 570; x_wconf 85' lang='lat' dir='ltr'>gesta,</span> <span class='ocrx_word' id='word_1_318' title='bbox 1612 525 1796 566; x_wconf 76' lang='lat' dir='ltr'>subversio,</span> <span class='ocrx_word' id='word_1_319' title='bbox 1820 525 2003 565; x_wconf 78' lang='lat' dir='ltr'>&amp;scandali</span> <span class='ocrx_word' id='word_1_320' title='bbox 2023 543 2125 575; x_wconf 80' lang='lat' dir='ltr'>gene-</span> 
     </span>
     <span class='ocr_line' id='line_1_54' title="bbox 1241 572 2123 627; baseline 0.007 -21"><span class='ocrx_word' id='word_1_321' title='bbox 1241 572 1317 611; x_wconf 82' lang='lat' dir='ltr'>ralis</span> <span class='ocrx_word' id='word_1_322' title='bbox 1336 573 1477 613; x_wconf 86' lang='lat' dir='ltr'>solutio.</span> <span class='ocrx_word' id='word_1_323' title='bbox 1503 575 1594 623; x_wconf 80' lang='lat' dir='ltr'>Qia</span> <span class='ocrx_word' id='word_1_324' title='bbox 1616 574 1852 620; x_wconf 86' lang='lat' dir='ltr'>igiturcertum</span> <span class='ocrx_word' id='word_1_325' title='bbox 1881 574 2009 619; x_wconf 87' lang='lat' dir='ltr'>habeo,</span> <span class='ocrx_word' id='word_1_326' title='bbox 2033 582 2123 627; x_wconf 65' lang='lat' dir='ltr'>quod</span> 
     </span>
     <span class='ocr_line' id='line_1_55' title="bbox 1241 620 2123 674; baseline 0.006 -15"><span class='ocrx_word' id='word_1_327' title='bbox 1241 620 1361 667; x_wconf 79' lang='lat' dir='ltr'>impius</span> <span class='ocrx_word' id='word_1_328' title='bbox 1374 625 1521 668; x_wconf 88' lang='lat' dir='ltr'>Cyrillus</span> <span class='ocrx_word' id='word_1_329' title='bbox 1544 626 1651 674; x_wconf 82' lang='lat' dir='ltr'>magis</span> <span class='ocrx_word' id='word_1_330' title='bbox 1663 625 1784 669; x_wconf 85' lang='lat' dir='ltr'>impius</span> <span class='ocrx_word' id='word_1_331' title='bbox 1794 622 1979 670; x_wconf 82' lang='lat' dir='ltr'>apparuerit</span> <span class='ocrx_word' id='word_1_332' title='bbox 1995 639 2037 663; x_wconf 69' lang='lat' dir='ltr'>eit</span> <span class='ocrx_word' id='word_1_333' title='bbox 2050 628 2123 671; x_wconf 81' lang='lat' dir='ltr'>his,</span> 
     </span>
     <span class='ocr_line' id='line_1_56' title="bbox 1239 675 2119 722; baseline 0.008 -16"><span class='ocrx_word' id='word_1_334' title='bbox 1239 675 1420 716; x_wconf 78' lang='lat' dir='ltr'>quaemodo</span> <span class='ocrx_word' id='word_1_335' title='bbox 1432 677 1507 711; x_wconf 90' lang='lat' dir='ltr'>sunt</span> <span class='ocrx_word' id='word_1_336' title='bbox 1517 676 1655 720; x_wconf 81' lang='lat' dir='ltr'>scripta,</span> <span class='ocrx_word' id='word_1_337' title='bbox 1681 675 1876 720; x_wconf 80' lang='lat' dir='ltr'>&amp;ipsenon</span> <span class='ocrx_word' id='word_1_338' title='bbox 1898 687 2041 717; x_wconf 79' lang='lat' dir='ltr'>mutatus</span> <span class='ocrx_word' id='word_1_339' title='bbox 2061 678 2119 722; x_wconf 81' lang='lat' dir='ltr'>fit,</span> 
     </span>
     <span class='ocr_line' id='line_1_57' title="bbox 1239 721 2122 773; baseline 0.009 -18"><span class='ocrx_word' id='word_1_340' title='bbox 1239 721 1291 757; x_wconf 88' lang='lat' dir='ltr'>sed</span> <span class='ocrx_word' id='word_1_341' title='bbox 1302 734 1380 766; x_wconf 88' lang='lat' dir='ltr'>eos,</span> <span class='ocrx_word' id='word_1_342' title='bbox 1406 727 1464 773; x_wconf 85' lang='lat' dir='ltr'>qui</span> <span class='ocrx_word' id='word_1_343' title='bbox 1490 726 1520 761; x_wconf 88' lang='lat' dir='ltr'>ei</span> <span class='ocrx_word' id='word_1_344' title='bbox 1534 726 1647 769; x_wconf 67' lang='lat' dir='ltr'>adjecti</span> <span class='ocrx_word' id='word_1_345' title='bbox 1669 727 1764 767; x_wconf 85' lang='lat' dir='ltr'>sunt,</span> <span class='ocrx_word' id='word_1_346' title='bbox 1791 735 1828 761; x_wconf 89' lang='lat' dir='ltr'>ut</span> <span class='ocrx_word' id='word_1_347' title='bbox 1851 728 1926 765; x_wconf 86' lang='lat' dir='ltr'>suos</span> <span class='ocrx_word' id='word_1_348' title='bbox 1946 729 2122 772; x_wconf 85' lang='lat' dir='ltr'>receperit,</span> 
     </span>
     <span class='ocr_line' id='line_1_58' title="bbox 1238 774 2123 825; baseline 0.006 -18"><span class='ocrx_word' id='word_1_349' title='bbox 1238 774 1472 816; x_wconf 72' lang='lat' dir='ltr'>quomodo&#39;est</span> <span class='ocrx_word' id='word_1_350' title='bbox 1496 775 1646 825; x_wconf 73' lang='lat' dir='ltr'>possibile</span> <span class='ocrx_word' id='word_1_351' title='bbox 1657 800 1667 820; x_wconf 81' lang='lat'>‚</span> <span class='ocrx_word' id='word_1_352' title='bbox 1692 787 1729 810; x_wconf 91' lang='lat' dir='ltr'>ut</span> <span class='ocrx_word' id='word_1_353' title='bbox 1753 788 1817 822; x_wconf 87' lang='lat' dir='ltr'>ego</span> <span class='ocrx_word' id='word_1_354' title='bbox 1829 777 1869 816; x_wconf 90' lang='lat' dir='ltr'>ab</span> <span class='ocrx_word' id='word_1_355' title='bbox 1880 789 1922 811; x_wconf 92' lang='lat' dir='ltr'>eo</span> <span class='ocrx_word' id='word_1_356' title='bbox 1934 777 2123 815; x_wconf 66' lang='lat' dir='ltr'>marl-ema·-</span> 
     </span>
     <span class='ocr_line' id='line_1_59' title="bbox 1235 823 2124 873; baseline 0.006 -16"><span class='ocrx_word' id='word_1_357' title='bbox 1235 823 1367 864; x_wconf 86' lang='lat' dir='ltr'>tismum</span> <span class='ocrx_word' id='word_1_358' title='bbox 1380 824 1613 871; x_wconf 85' lang='lat' dir='ltr'>Capitulorum</span> <span class='ocrx_word' id='word_1_359' title='bbox 1626 838 1735 870; x_wconf 81' lang='lat' dir='ltr'>petam</span> <span class='ocrx_word' id='word_1_360' title='bbox 1745 850 1756 867; x_wconf 93' lang='lat'>‚</span> <span class='ocrx_word' id='word_1_361' title='bbox 1780 827 1838 871; x_wconf 81' lang='lat' dir='ltr'>qui</span> <span class='ocrx_word' id='word_1_362' title='bbox 1851 839 1907 871; x_wconf 85' lang='lat' dir='ltr'>per</span> <span class='ocrx_word' id='word_1_363' title='bbox 1921 827 2022 873; x_wconf 78' lang='lat' dir='ltr'>ipsam</span> <span class='ocrx_word' id='word_1_364' title='bbox 2030 840 2124 862; x_wconf 88' lang='lat' dir='ltr'>com-</span> 
     </span>
     <span class='ocr_line' id='line_1_60' title="bbox 1237 874 2122 922; baseline 0.005 -14"><span class='ocrx_word' id='word_1_365' title='bbox 1237 875 1433 910; x_wconf 86' lang='lat' dir='ltr'>munionem</span> <span class='ocrx_word' id='word_1_366' title='bbox 1457 887 1533 911; x_wconf 89' lang='lat' dir='ltr'>cum</span> <span class='ocrx_word' id='word_1_367' title='bbox 1545 874 1676 920; x_wconf 88' lang='lat' dir='ltr'>Cyrillo</span> <span class='ocrx_word' id='word_1_368' title='bbox 1698 877 1816 912; x_wconf 83' lang='lat' dir='ltr'>initam</span> <span class='ocrx_word' id='word_1_369' title='bbox 1839 876 1874 911; x_wconf 72' lang='grc' dir='ltr'>ὃ(</span> <span class='ocrx_word' id='word_1_370' title='bbox 1885 879 2055 922; x_wconf 84' lang='lat' dir='ltr'>personam</span> <span class='ocrx_word' id='word_1_371' title='bbox 2067 878 2122 911; x_wconf 84' lang='lat' dir='ltr'>de-</span> 
     </span>
     <span class='ocr_line' id='line_1_61' title="bbox 1237 925 2122 998; baseline 0.008 -41"><span class='ocrx_word' id='word_1_372' title='bbox 1237 925 1344 998; x_wconf 47' lang='lat' dir='ltr'>posuit</span> <span class='ocrx_word' id='word_1_373' title='bbox 1364 949 1376 974; x_wconf 71' lang='lat'><em>?</em></span> <span class='ocrx_word' id='word_1_374' title='bbox 1415 938 1454 966; x_wconf 87' lang='lat' dir='ltr'>ac</span> <span class='ocrx_word' id='word_1_375' title='bbox 1476 927 1612 968; x_wconf 86' lang='lat' dir='ltr'>damnat</span> <span class='ocrx_word' id='word_1_376' title='bbox 1634 951 1646 976; x_wconf 59' lang='lat'><em>2</em></span> <span class='ocrx_word' id='word_1_377' title='bbox 1681 926 1764 967; x_wconf 84' lang='lat' dir='ltr'>ficut</span> <span class='ocrx_word' id='word_1_378' title='bbox 1790 927 2001 979; x_wconf 67' lang='lat' dir='ltr'>integerrime</span> <span class='ocrx_word' id='word_1_379' title='bbox 2021 926 2122 964; x_wconf 79' lang='lat' dir='ltr'>credi-</span> 
     </span>
     <span class='ocr_line' id='line_1_62' title="bbox 1234 983 1529 1008; baseline 0.007 -2"><span class='ocrx_word' id='word_1_380' title='bbox 1234 983 1323 1008; x_wconf 89' lang='lat' dir='ltr'>mus.</span> <span class='ocrx_word' id='word_1_381' title='bbox 1525 986 1529 988; x_wconf 79' lang='grc'><strong>’</strong></span> 
     </span>
    </p>

    <p class='ocr_par' dir='ltr' id='par_1_17' title="bbox 1218 1023 2120 2507">
     <span class='ocr_line' id='line_1_63' title="bbox 1283 1023 2120 1072; baseline 0.005 -14"><span class='ocrx_word' id='word_1_382' title='bbox 1283 1023 1457 1065; x_wconf 77' lang='lat' dir='ltr'>Continuo</span> <span class='ocrx_word' id='word_1_383' title='bbox 1476 1037 1618 1071; x_wconf 89' lang='lat' dir='ltr'>namque</span> <span class='ocrx_word' id='word_1_384' title='bbox 1642 1027 1801 1067; x_wconf 83' lang='lat' dir='ltr'>veraciter</span> <span class='ocrx_word' id='word_1_385' title='bbox 1833 1029 1867 1064; x_wconf 73' lang='grc' dir='ltr'>ὃ(</span> <span class='ocrx_word' id='word_1_386' title='bbox 1887 1028 2063 1072; x_wconf 85' lang='lat' dir='ltr'>opprobrio</span> <span class='ocrx_word' id='word_1_387' title='bbox 2085 1028 2120 1066; x_wconf 71' lang='grc' dir='ltr'>ὅς</span> 
     </span>
     <span class='ocr_line' id='line_1_64' title="bbox 1234 1072 2119 1121; baseline 0.008 -15"><span class='ocrx_word' id='word_1_388' title='bbox 1234 1072 1376 1109; x_wconf 88' lang='lat' dir='ltr'>ridiculo</span> <span class='ocrx_word' id='word_1_389' title='bbox 1398 1074 1541 1116; x_wconf 83' lang='lat' dir='ltr'>erimus,</span> <span class='ocrx_word' id='word_1_390' title='bbox 1568 1076 1592 1114; x_wconf 83' lang='lat' dir='ltr'><strong>fi</strong></span> <span class='ocrx_word' id='word_1_391' title='bbox 1613 1077 1787 1121; x_wconf 86' lang='lat' dir='ltr'>postquam</span> <span class='ocrx_word' id='word_1_392' title='bbox 1805 1077 2046 1121; x_wconf 81' lang='lat' dir='ltr'>prodiderimus</span> <span class='ocrx_word' id='word_1_393' title='bbox 2057 1079 2119 1113; x_wconf 84' lang='lat' dir='ltr'>Or-</span> 
     </span>
     <span class='ocr_line' id='line_1_65' title="bbox 1233 1120 2118 1168; baseline 0.008 -12"><span class='ocrx_word' id='word_1_394' title='bbox 1233 1120 1415 1166; x_wconf 78' lang='lat' dir='ltr'>thodoxam</span> <span class='ocrx_word' id='word_1_395' title='bbox 1442 1123 1572 1168; x_wconf 79' lang='lat' dir='ltr'>fidem,</span> <span class='ocrx_word' id='word_1_396' title='bbox 1598 1135 1687 1160; x_wconf 88' lang='lat' dir='ltr'>nunc</span> <span class='ocrx_word' id='word_1_397' title='bbox 1708 1128 1900 1163; x_wconf 83' lang='lat' dir='ltr'>derisoriam</span> <span class='ocrx_word' id='word_1_398' title='bbox 1930 1128 2118 1166; x_wconf 63' lang='lat' dir='ltr'>satisfastio-</span> 
     </span>
     <span class='ocr_line' id='line_1_66' title="bbox 1232 1173 2117 1220; baseline 0.008 -15"><span class='ocrx_word' id='word_1_399' title='bbox 1232 1183 1307 1207; x_wconf 87' lang='lat' dir='ltr'>nem</span> <span class='ocrx_word' id='word_1_400' title='bbox 1324 1173 1522 1209; x_wconf 85' lang='lat' dir='ltr'>voluerimus</span> <span class='ocrx_word' id='word_1_401' title='bbox 1530 1174 1660 1220; x_wconf 83' lang='lat' dir='ltr'>exigere</span> <span class='ocrx_word' id='word_1_402' title='bbox 1673 1199 1681 1208; x_wconf 86' lang='lat'><strong>.</strong></span> <span class='ocrx_word' id='word_1_403' title='bbox 1709 1176 1792 1212; x_wconf 82' lang='lat' dir='ltr'>Haec</span> <span class='ocrx_word' id='word_1_404' title='bbox 1802 1176 1978 1213; x_wconf 71' lang='lat' dir='ltr'>necessario</span> <span class='ocrx_word' id='word_1_405' title='bbox 1986 1177 2117 1214; x_wconf 83' lang='lat' dir='ltr'>arbitra-</span> 
     </span>
     <span class='ocr_line' id='line_1_67' title="bbox 1231 1224 2118 1272; baseline 0.008 -16"><span class='ocrx_word' id='word_1_406' title='bbox 1231 1231 1282 1257; x_wconf 87' lang='lat' dir='ltr'>tus</span> <span class='ocrx_word' id='word_1_407' title='bbox 1303 1224 1375 1258; x_wconf 89' lang='lat' dir='ltr'>sum</span> <span class='ocrx_word' id='word_1_408' title='bbox 1397 1224 1602 1265; x_wconf 80' lang='lat' dir='ltr'>innotescere</span> <span class='ocrx_word' id='word_1_409' title='bbox 1621 1235 1685 1262; x_wconf 78' lang='lat' dir='ltr'>ruae</span> <span class='ocrx_word' id='word_1_410' title='bbox 1705 1224 1948 1272; x_wconf 79' lang='lat' dir='ltr'>Religiofitati,</span> <span class='ocrx_word' id='word_1_411' title='bbox 1974 1236 2011 1263; x_wconf 89' lang='lat' dir='ltr'>ut</span> <span class='ocrx_word' id='word_1_412' title='bbox 2031 1225 2118 1266; x_wconf 78' lang='lat' dir='ltr'>mihi</span> 
     </span>
     <span class='ocr_line' id='line_1_68' title="bbox 1230 1271 2117 1321; baseline 0.006 -14"><span class='ocrx_word' id='word_1_413' title='bbox 1230 1271 1285 1307; x_wconf 83' lang='lat' dir='ltr'>des</span> <span class='ocrx_word' id='word_1_414' title='bbox 1299 1273 1430 1310; x_wconf 77' lang='lat' dir='ltr'>veniam</span> <span class='ocrx_word' id='word_1_415' title='bbox 1450 1298 1463 1315; x_wconf 89' lang='lat'><strong>,</strong></span> <span class='ocrx_word' id='word_1_416' title='bbox 1487 1274 1578 1319; x_wconf 80' lang='lat' dir='ltr'>quod</span> <span class='ocrx_word' id='word_1_417' title='bbox 1597 1277 1757 1321; x_wconf 84' lang='lat' dir='ltr'>nusquam</span> <span class='ocrx_word' id='word_1_418' title='bbox 1777 1276 1896 1321; x_wconf 83' lang='lat' dir='ltr'>fatiger</span> <span class='ocrx_word' id='word_1_419' title='bbox 1913 1299 1923 1309; x_wconf 78' lang='grc'><strong>.</strong></span> <span class='ocrx_word' id='word_1_420' title='bbox 1950 1275 1986 1313; x_wconf 85' lang='lat' dir='ltr'>si</span> <span class='ocrx_word' id='word_1_421' title='bbox 2005 1287 2117 1314; x_wconf 82' lang='lat' dir='ltr'>autem</span> 
     </span>
     <span class='ocr_line' id='line_1_69' title="bbox 1229 1324 2114 1372; baseline 0.008 -17"><span class='ocrx_word' id='word_1_422' title='bbox 1229 1333 1299 1366; x_wconf 70' lang='lat' dir='ltr'>qua».</span> <span class='ocrx_word' id='word_1_423' title='bbox 1310 1324 1445 1359; x_wconf 73' lang='lat' dir='ltr'>dictavit</span> <span class='ocrx_word' id='word_1_424' title='bbox 1455 1325 1666 1370; x_wconf 78' lang='lat' dir='ltr'>Religiofiras</span> <span class='ocrx_word' id='word_1_425' title='bbox 1687 1337 1766 1370; x_wconf 79' lang='lat' dir='ltr'>tua,</span> <span class='ocrx_word' id='word_1_426' title='bbox 1792 1326 1932 1363; x_wconf 87' lang='lat' dir='ltr'>voluerit</span> <span class='ocrx_word' id='word_1_427' title='bbox 1951 1326 2114 1372; x_wconf 82' lang='lat' dir='ltr'>dirigere,</span> 
     </span>
     <span class='ocr_line' id='line_1_70' title="bbox 1228 1372 2118 1420; baseline 0.006 -12"><span class='ocrx_word' id='word_1_428' title='bbox 1228 1373 1263 1407; x_wconf 75' lang='lat' dir='ltr'>dc</span> <span class='ocrx_word' id='word_1_429' title='bbox 1279 1372 1416 1413; x_wconf 71' lang='lat' dir='ltr'>addatur</span> <span class='ocrx_word' id='word_1_430' title='bbox 1435 1376 1535 1411; x_wconf 88' lang='lat' dir='ltr'>etiam</span> <span class='ocrx_word' id='word_1_431' title='bbox 1557 1375 1598 1411; x_wconf 90' lang='lat' dir='ltr'>de</span> <span class='ocrx_word' id='word_1_432' title='bbox 1609 1376 1677 1420; x_wconf 80' lang='lat' dir='ltr'>ipsa</span> <span class='ocrx_word' id='word_1_433' title='bbox 1701 1377 1857 1420; x_wconf 83' lang='lat' dir='ltr'>persona,</span> <span class='ocrx_word' id='word_1_434' title='bbox 1883 1384 1921 1413; x_wconf 82' lang='lat' dir='ltr'>ut</span> <span class='ocrx_word' id='word_1_435' title='bbox 1930 1375 2118 1414; x_wconf 50' lang='lat' dir='ltr'>Antioche,</span> 
     </span>
     <span class='ocr_line' id='line_1_71' title="bbox 1228 1423 2114 1472; baseline 0.006 -17"><span class='ocrx_word' id='word_1_436' title='bbox 1228 1434 1290 1456; x_wconf 76' lang='lat' dir='ltr'>nus</span> <span class='ocrx_word' id='word_1_437' title='bbox 1301 1435 1354 1466; x_wconf 85' lang='lat' dir='ltr'>per</span> <span class='ocrx_word' id='word_1_438' title='bbox 1363 1426 1422 1459; x_wconf 88' lang='lat' dir='ltr'>sua</span> <span class='ocrx_word' id='word_1_439' title='bbox 1434 1425 1532 1458; x_wconf 79' lang='lat' dir='ltr'>nobis</span> <span class='ocrx_word' id='word_1_440' title='bbox 1541 1426 1667 1472; x_wconf 84' lang='lat' dir='ltr'>Scripta</span> <span class='ocrx_word' id='word_1_441' title='bbox 1677 1425 1854 1465; x_wconf 87' lang='lat' dir='ltr'>satisfaciat</span> <span class='ocrx_word' id='word_1_442' title='bbox 1865 1424 1907 1462; x_wconf 89' lang='lat' dir='ltr'>de</span> <span class='ocrx_word' id='word_1_443' title='bbox 1919 1423 2114 1464; x_wconf 75' lang='lat' dir='ltr'>anathema·</span> 
     </span>
     <span class='ocr_line' id='line_1_72' title="bbox 1227 1472 2116 1520; baseline 0.006 -14"><span class='ocrx_word' id='word_1_444' title='bbox 1227 1483 1258 1507; x_wconf 88' lang='lat' dir='ltr'>te</span> <span class='ocrx_word' id='word_1_445' title='bbox 1280 1472 1415 1510; x_wconf 82' lang='lat' dir='ltr'>illorum</span> <span class='ocrx_word' id='word_1_446' title='bbox 1439 1473 1671 1519; x_wconf 78' lang='lat' dir='ltr'>capitulorum</span> <span class='ocrx_word' id='word_1_447' title='bbox 1693 1499 1705 1516; x_wconf 92' lang='lat'><strong>,</strong></span> <span class='ocrx_word' id='word_1_448' title='bbox 1743 1476 1778 1514; x_wconf 69' lang='grc' dir='ltr'>ὃς</span> <span class='ocrx_word' id='word_1_449' title='bbox 1799 1475 1874 1520; x_wconf 87' lang='lat' dir='ltr'>quia</span> <span class='ocrx_word' id='word_1_450' title='bbox 1896 1473 2116 1516; x_wconf 59' lang='lat' dir='ltr'>Orthodotiae</span> 
     </span>
     <span class='ocr_line' id='line_1_73' title="bbox 1226 1522 2116 1568; baseline 0.009 -13"><span class='ocrx_word' id='word_1_451' title='bbox 1226 1522 1477 1560; x_wconf 83' lang='lat' dir='ltr'>Praedicatorem</span> <span class='ocrx_word' id='word_1_452' title='bbox 1487 1536 1548 1564; x_wconf 81' lang='lat' dir='ltr'>nec</span> <span class='ocrx_word' id='word_1_453' title='bbox 1568 1525 1635 1568; x_wconf 85' lang='lat' dir='ltr'>ipse</span> <span class='ocrx_word' id='word_1_454' title='bbox 1645 1526 1779 1563; x_wconf 77' lang='lat' dir='ltr'>damnat</span> <span class='ocrx_word' id='word_1_455' title='bbox 1789 1542 1812 1567; x_wconf 56' lang='lat'>‚&gt;</span> <span class='ocrx_word' id='word_1_456' title='bbox 1824 1526 1861 1566; x_wconf 71' lang='grc' dir='ltr'>ὅς</span> <span class='ocrx_word' id='word_1_457' title='bbox 1873 1525 1952 1564; x_wconf 80' lang='lat' dir='ltr'>nobi</span> <span class='ocrx_word' id='word_1_458' title='bbox 1957 1527 2047 1565; x_wconf 80' lang='lat' dir='ltr'>scum</span> <span class='ocrx_word' id='word_1_459' title='bbox 2065 1536 2116 1566; x_wconf 65' lang='lat' dir='ltr'>⁴re·</span> 
     </span>
     <span class='ocr_line' id='line_1_74' title="bbox 1224 1572 2115 1623; baseline 0.009 -18"><span class='ocrx_word' id='word_1_460' title='bbox 1224 1572 1302 1610; x_wconf 79' lang='lat' dir='ltr'>[istit</span> <span class='ocrx_word' id='word_1_461' title='bbox 1325 1575 1426 1618; x_wconf 84' lang='lat' dir='ltr'>usque</span> <span class='ocrx_word' id='word_1_462' title='bbox 1445 1574 1487 1612; x_wconf 84' lang='lat' dir='ltr'>ad</span> <span class='ocrx_word' id='word_1_463' title='bbox 1507 1585 1650 1613; x_wconf 85' lang='lat' dir='ltr'>mortem</span> <span class='ocrx_word' id='word_1_464' title='bbox 1670 1577 1719 1613; x_wconf 88' lang='lat' dir='ltr'>eis</span> <span class='ocrx_word' id='word_1_465' title='bbox 1737 1597 1749 1613; x_wconf 89' lang='lat'><strong>,</strong></span> <span class='ocrx_word' id='word_1_466' title='bbox 1773 1576 1829 1623; x_wconf 80' lang='lat' dir='ltr'>qui</span> <span class='ocrx_word' id='word_1_467' title='bbox 1860 1585 2020 1618; x_wconf 67' lang='lat' dir='ltr'>expetunt</span> <span class='ocrx_word' id='word_1_468' title='bbox 2044 1575 2115 1619; x_wconf 63' lang='lat' dir='ltr'>eius</span> 
     </span>
     <span class='ocr_line' id='line_1_75' title="bbox 1223 1619 2114 1673; baseline 0.001 -16"><span class='ocrx_word' id='word_1_469' title='bbox 1223 1619 1643 1668; x_wconf 78' lang='lat' dir='ltr'>condemnationem(non</span> <span class='ocrx_word' id='word_1_470' title='bbox 1665 1633 1798 1673; x_wconf 79' lang='lat' dir='ltr'>propter</span> <span class='ocrx_word' id='word_1_471' title='bbox 1818 1624 1998 1663; x_wconf 79' lang='lat' dir='ltr'>Personam</span> <span class='ocrx_word' id='word_1_472' title='bbox 2021 1647 2034 1665; x_wconf 89' lang='lat'>‚</span> <span class='ocrx_word' id='word_1_473' title='bbox 2059 1623 2114 1662; x_wconf 84' lang='lat' dir='ltr'>sed</span> 
     </span>
     <span class='ocr_line' id='line_1_76' title="bbox 1223 1671 2118 1720; baseline 0.001 -14"><span class='ocrx_word' id='word_1_474' title='bbox 1223 1683 1354 1719; x_wconf 86' lang='lat' dir='ltr'>propter</span> <span class='ocrx_word' id='word_1_475' title='bbox 1371 1671 1647 1714; x_wconf 76' lang='lat' dir='ltr'>Orthodoxiam,</span> <span class='ocrx_word' id='word_1_476' title='bbox 1672 1685 1773 1718; x_wconf 83' lang='lat' dir='ltr'>quam</span> <span class='ocrx_word' id='word_1_477' title='bbox 1794 1673 1946 1716; x_wconf 78' lang='lat' dir='ltr'>praedicat</span> <span class='ocrx_word' id='word_1_478' title='bbox 1969 1674 2118 1720; x_wconf 62' lang='lat' dir='ltr'>inaper-</span> 
     </span>
     <span class='ocr_line' id='line_1_77' title="bbox 1223 1721 2114 1766; baseline 0.003 -10"><span class='ocrx_word' id='word_1_479' title='bbox 1223 1722 1302 1756; x_wconf 85' lang='lat' dir='ltr'>sona</span> <span class='ocrx_word' id='word_1_480' title='bbox 1315 1722 1372 1766; x_wconf 86' lang='lat'>)&amp;</span> <span class='ocrx_word' id='word_1_481' title='bbox 1382 1721 1550 1763; x_wconf 62' lang='lat' dir='ltr'>distaveris</span> <span class='ocrx_word' id='word_1_482' title='bbox 1563 1722 1631 1761; x_wconf 87' lang='lat' dir='ltr'>haec</span> <span class='ocrx_word' id='word_1_483' title='bbox 1643 1722 1729 1762; x_wconf 82' lang='lat' dir='ltr'>mihi</span> <span class='ocrx_word' id='word_1_484' title='bbox 1740 1746 1752 1763; x_wconf 92' lang='lat'>‚</span> <span class='ocrx_word' id='word_1_485' title='bbox 1778 1733 1849 1766; x_wconf 81' lang='lat' dir='ltr'>quae</span> <span class='ocrx_word' id='word_1_486' title='bbox 1866 1723 2048 1764; x_wconf 71' lang='lat' dir='ltr'>direxeris,</span> <span class='ocrx_word' id='word_1_487' title='bbox 2074 1732 2114 1759; x_wconf 82' lang='lat' dir='ltr'>ut</span> 
     </span>
     <span class='ocr_line' id='line_1_78' title="bbox 1222 1772 2112 1818; baseline 0.006 -12"><span class='ocrx_word' id='word_1_488' title='bbox 1222 1772 1256 1806; x_wconf 79' lang='grc' dir='ltr'>δι·</span> <span class='ocrx_word' id='word_1_489' title='bbox 1277 1772 1433 1816; x_wconf 84' lang='lat' dir='ltr'>scriptum</span> <span class='ocrx_word' id='word_1_490' title='bbox 1454 1772 1645 1811; x_wconf 88' lang='lat' dir='ltr'>eorumdem</span> <span class='ocrx_word' id='word_1_491' title='bbox 1667 1773 1832 1818; x_wconf 76' lang='lat' dir='ltr'>exemplar</span> <span class='ocrx_word' id='word_1_492' title='bbox 1851 1773 2012 1817; x_wconf 78' lang='lat' dir='ltr'>accipiam</span> <span class='ocrx_word' id='word_1_493' title='bbox 2033 1783 2112 1813; x_wconf 71' lang='lat' dir='ltr'>cum</span> 
     </span>
     <span class='ocr_line' id='line_1_79' title="bbox 1222 1821 2109 1869; baseline 0.003 -13"><span class='ocrx_word' id='word_1_494' title='bbox 1222 1821 1456 1868; x_wconf 79' lang='lat' dir='ltr'>subscriptione</span> <span class='ocrx_word' id='word_1_495' title='bbox 1465 1822 1618 1859; x_wconf 87' lang='lat' dir='ltr'>omnium</span> <span class='ocrx_word' id='word_1_496' title='bbox 1629 1823 1770 1862; x_wconf 85' lang='lat' dir='ltr'>vestrum</span> <span class='ocrx_word' id='word_1_497' title='bbox 1781 1847 1791 1862; x_wconf 92' lang='lat'>‚</span> <span class='ocrx_word' id='word_1_498' title='bbox 1805 1823 1863 1869; x_wconf 84' lang='lat' dir='ltr'>qui</span> <span class='ocrx_word' id='word_1_499' title='bbox 1875 1823 1955 1862; x_wconf 70' lang='lat' dir='ltr'>estis</span> <span class='ocrx_word' id='word_1_500' title='bbox 1962 1821 2109 1867; x_wconf 76' lang='lat' dir='ltr'>ejusdem</span> 
     </span>
     <span class='ocr_line' id='line_1_80' title="bbox 1223 1871 2113 1919; baseline 0.002 -13"><span class='ocrx_word' id='word_1_501' title='bbox 1223 1872 1379 1909; x_wconf 83' lang='lat' dir='ltr'>Dioecesss</span> <span class='ocrx_word' id='word_1_502' title='bbox 1396 1874 1474 1908; x_wconf 90' lang='lat' dir='ltr'>Deo</span> <span class='ocrx_word' id='word_1_503' title='bbox 1486 1871 1686 1910; x_wconf 83' lang='lat' dir='ltr'>Amiciffimi</span> <span class='ocrx_word' id='word_1_504' title='bbox 1709 1872 1886 1919; x_wconf 78' lang='lat' dir='ltr'>Episcopi,</span> <span class='ocrx_word' id='word_1_505' title='bbox 1913 1872 2046 1917; x_wconf 78' lang='lat' dir='ltr'>insuper</span> <span class='ocrx_word' id='word_1_506' title='bbox 2054 1883 2113 1908; x_wconf 80' lang='lat' dir='ltr'>au·-</span> 
     </span>
     <span class='ocr_line' id='line_1_81' title="bbox 1223 1921 2112 1969; baseline 0.001 -13"><span class='ocrx_word' id='word_1_507' title='bbox 1223 1932 1289 1957; x_wconf 87' lang='lat' dir='ltr'>tem</span> <span class='ocrx_word' id='word_1_508' title='bbox 1309 1923 1344 1957; x_wconf 78' lang='grc' dir='ltr'>δε</span> <span class='ocrx_word' id='word_1_509' title='bbox 1356 1923 1440 1963; x_wconf 81' lang='lat' dir='ltr'>illud</span> <span class='ocrx_word' id='word_1_510' title='bbox 1463 1921 1732 1965; x_wconf 64' lang='lat' dir='ltr'>Ambendcum,</span> <span class='ocrx_word' id='word_1_511' title='bbox 1756 1922 1847 1969; x_wconf 88' lang='lat' dir='ltr'>quod</span> <span class='ocrx_word' id='word_1_512' title='bbox 1865 1921 1907 1958; x_wconf 86' lang='lat' dir='ltr'>ab</span> <span class='ocrx_word' id='word_1_513' title='bbox 1925 1922 1999 1967; x_wconf 80' lang='lat' dir='ltr'>ipso</span> <span class='ocrx_word' id='word_1_514' title='bbox 2009 1923 2112 1958; x_wconf 80' lang='lat' dir='ltr'>trans-</span> 
     </span>
     <span class='ocr_line' id='line_1_82' title="bbox 1221 1970 2108 2015; baseline 0.003 -9"><span class='ocrx_word' id='word_1_515' title='bbox 1221 1972 1366 2012; x_wconf 80' lang='lat' dir='ltr'>mittitur</span> <span class='ocrx_word' id='word_1_516' title='bbox 1390 1997 1402 2015; x_wconf 91' lang='lat'><strong>,</strong></span> <span class='ocrx_word' id='word_1_517' title='bbox 1427 1974 1451 2011; x_wconf 81' lang='lat' dir='ltr'><strong>fi</strong></span> <span class='ocrx_word' id='word_1_518' title='bbox 1477 1983 1589 2008; x_wconf 84' lang='lat' dir='ltr'>tamen</span> <span class='ocrx_word' id='word_1_519' title='bbox 1609 1970 1965 2012; x_wconf 68' lang='lat' dir='ltr'>volueritratisfacere</span> <span class='ocrx_word' id='word_1_520' title='bbox 1990 1971 2108 2014; x_wconf 83' lang='lat' dir='ltr'>nobis,</span> 
     </span>
     <span class='ocr_line' id='line_1_83' title="bbox 1221 2022 2109 2068; baseline 0.006 -13"><span class='ocrx_word' id='word_1_521' title='bbox 1221 2033 1291 2056; x_wconf 90' lang='lat' dir='ltr'>non</span> <span class='ocrx_word' id='word_1_522' title='bbox 1304 2023 1450 2058; x_wconf 78' lang='lat' dir='ltr'>abnuam</span> <span class='ocrx_word' id='word_1_523' title='bbox 1462 2023 1615 2068; x_wconf 83' lang='lat' dir='ltr'>fatigari.</span> <span class='ocrx_word' id='word_1_524' title='bbox 1641 2024 1810 2063; x_wconf 87' lang='lat' dir='ltr'>Dominus</span> <span class='ocrx_word' id='word_1_525' title='bbox 1833 2024 1923 2059; x_wconf 78' lang='lat' dir='ltr'>enlm</span> <span class='ocrx_word' id='word_1_526' title='bbox 1934 2022 2109 2061; x_wconf 71' lang='lat' dir='ltr'>Nestorius</span> 
     </span>
     <span class='ocr_line' id='line_1_84' title="bbox 1221 2072 2108 2113; baseline 0.005 -11"><span class='ocrx_word' id='word_1_527' title='bbox 1221 2080 1290 2103; x_wconf 91' lang='lat' dir='ltr'>non</span> <span class='ocrx_word' id='word_1_528' title='bbox 1304 2081 1434 2113; x_wconf 86' lang='lat' dir='ltr'>propter</span> <span class='ocrx_word' id='word_1_529' title='bbox 1445 2073 1639 2113; x_wconf 84' lang='lat' dir='ltr'>pravitatem</span> <span class='ocrx_word' id='word_1_530' title='bbox 1657 2074 1731 2107; x_wconf 72' lang='lat' dir='ltr'>vitae</span> <span class='ocrx_word' id='word_1_531' title='bbox 1740 2074 1826 2106; x_wconf 85' lang='lat' dir='ltr'>circa</span> <span class='ocrx_word' id='word_1_532' title='bbox 1844 2084 1902 2107; x_wconf 86' lang='lat' dir='ltr'>eos</span> <span class='ocrx_word' id='word_1_533' title='bbox 1920 2072 1968 2106; x_wconf 86' lang='lat' dir='ltr'>est</span> <span class='ocrx_word' id='word_1_534' title='bbox 1987 2072 2108 2106; x_wconf 57' lang='lat' dir='ltr'>cond&amp;</span> 
     </span>
     <span class='ocr_line' id='line_1_85' title="bbox 1221 2115 2108 2164; baseline -0.001 -9"><span class='ocrx_word' id='word_1_535' title='bbox 1221 2115 1374 2160; x_wconf 67' lang='lat' dir='ltr'>mnatus,&#39;</span> <span class='ocrx_word' id='word_1_536' title='bbox 1399 2119 1453 2157; x_wconf 86' lang='lat' dir='ltr'>sed</span> <span class='ocrx_word' id='word_1_537' title='bbox 1466 2129 1595 2164; x_wconf 85' lang='lat' dir='ltr'>propter</span> <span class='ocrx_word' id='word_1_538' title='bbox 1615 2118 1802 2157; x_wconf 71' lang='lat' dir='ltr'>haereticam</span> <span class='ocrx_word' id='word_1_539' title='bbox 1814 2119 1989 2158; x_wconf 77' lang='lat' dir='ltr'>damnatus</span> <span class='ocrx_word' id='word_1_540' title='bbox 2009 2119 2054 2159; x_wconf 74' lang='lat' dir='ltr'>est</span> <span class='ocrx_word' id='word_1_541' title='bbox 2065 2120 2108 2158; x_wconf 75' lang='lat' dir='ltr'>fi·-</span> 
     </span>
     <span class='ocr_line' id='line_1_86' title="bbox 1218 2168 2108 2217; baseline -0.001 -10"><span class='ocrx_word' id='word_1_542' title='bbox 1218 2168 1295 2207; x_wconf 82' lang='lat' dir='ltr'>dem</span> <span class='ocrx_word' id='word_1_543' title='bbox 1310 2193 1318 2206; x_wconf 71' lang='lat'><em>.</em></span> <span class='ocrx_word' id='word_1_544' title='bbox 1344 2170 1416 2217; x_wconf 79' lang='lat' dir='ltr'>Qi</span> <span class='ocrx_word' id='word_1_545' title='bbox 1430 2169 1533 2217; x_wconf 82' lang='lat' dir='ltr'>igitur</span> <span class='ocrx_word' id='word_1_546' title='bbox 1543 2170 1857 2210; x_wconf 23' lang='lat' dir='ltr'>eumrcondemnat,</span> <span class='ocrx_word' id='word_1_547' title='bbox 1881 2169 1994 2217; x_wconf 72' lang='lat' dir='ltr'>&amp;ejus</span> <span class='ocrx_word' id='word_1_548' title='bbox 2006 2168 2108 2206; x_wconf 83' lang='lat' dir='ltr'>fidem</span> 
     </span>
     <span class='ocr_line' id='line_1_87' title="bbox 1220 2217 2109 2265; baseline 0.004 -13"><span class='ocrx_word' id='word_1_549' title='bbox 1220 2219 1339 2261; x_wconf 87' lang='lat' dir='ltr'>pariter</span> <span class='ocrx_word' id='word_1_550' title='bbox 1348 2217 1501 2254; x_wconf 88' lang='lat' dir='ltr'>damnat.</span> <span class='ocrx_word' id='word_1_551' title='bbox 1534 2219 1611 2264; x_wconf 79' lang='lat' dir='ltr'>Ego</span> <span class='ocrx_word' id='word_1_552' title='bbox 1633 2219 1736 2265; x_wconf 83' lang='lat' dir='ltr'>igitur</span> <span class='ocrx_word' id='word_1_553' title='bbox 1759 2218 1933 2263; x_wconf 80' lang='lat' dir='ltr'>dupliciter</span> <span class='ocrx_word' id='word_1_554' title='bbox 1951 2218 2109 2259; x_wconf 78' lang='lat' dir='ltr'>scandali-</span> 
     </span>
     <span class='ocr_line' id='line_1_88' title="bbox 1219 2267 2107 2316; baseline 0 -13"><span class='ocrx_word' id='word_1_555' title='bbox 1219 2279 1274 2305; x_wconf 86' lang='lat' dir='ltr'>zor</span> <span class='ocrx_word' id='word_1_556' title='bbox 1295 2268 1332 2302; x_wconf 90' lang='lat' dir='ltr'>in</span> <span class='ocrx_word' id='word_1_557' title='bbox 1354 2267 1508 2303; x_wconf 90' lang='lat' dir='ltr'>Domino</span> <span class='ocrx_word' id='word_1_558' title='bbox 1530 2269 1675 2313; x_wconf 79' lang='lat' dir='ltr'>Joanne,</span> <span class='ocrx_word' id='word_1_559' title='bbox 1700 2278 1858 2314; x_wconf 86' lang='lat' dir='ltr'>tanquam</span> <span class='ocrx_word' id='word_1_560' title='bbox 1876 2274 1930 2316; x_wconf 71' lang='lat' dir='ltr'>qul</span> <span class='ocrx_word' id='word_1_561' title='bbox 1949 2269 1984 2304; x_wconf 78' lang='grc' dir='ltr'>δε</span> <span class='ocrx_word' id='word_1_562' title='bbox 2005 2268 2107 2304; x_wconf 86' lang='lat' dir='ltr'>fidem</span> 
     </span>
     <span class='ocr_line' id='line_1_89' title="bbox 1222 2315 2106 2363; baseline 0 -11"><span class='ocrx_word' id='word_1_563' title='bbox 1222 2315 1403 2363; x_wconf 89' lang='lat' dir='ltr'>prodiderit</span> <span class='ocrx_word' id='word_1_564' title='bbox 1425 2342 1437 2359; x_wconf 92' lang='lat'>‚</span> <span class='ocrx_word' id='word_1_565' title='bbox 1464 2318 1499 2353; x_wconf 87' lang='lat'>&amp;</span> <span class='ocrx_word' id='word_1_566' title='bbox 1522 2318 1726 2357; x_wconf 86' lang='lat' dir='ltr'>damnaverit</span> <span class='ocrx_word' id='word_1_567' title='bbox 1751 2330 1828 2353; x_wconf 86' lang='lat' dir='ltr'>eum</span> <span class='ocrx_word' id='word_1_568' title='bbox 1847 2343 1859 2361; x_wconf 95' lang='lat'>‚</span> <span class='ocrx_word' id='word_1_569' title='bbox 1893 2329 1990 2363; x_wconf 87' lang='lat' dir='ltr'>quem</span> <span class='ocrx_word' id='word_1_570' title='bbox 2010 2318 2106 2355; x_wconf 87' lang='lat' dir='ltr'>novit</span> 
     </span>
     <span class='ocr_line' id='line_1_90' title="bbox 1223 2365 2106 2413; baseline 0.001 -11"><span class='ocrx_word' id='word_1_571' title='bbox 1223 2365 1484 2409; x_wconf 82' lang='lat' dir='ltr'>orthodoxum,</span> <span class='ocrx_word' id='word_1_572' title='bbox 1509 2378 1586 2406; x_wconf 81' lang='lat' dir='ltr'>cum</span> <span class='ocrx_word' id='word_1_573' title='bbox 1607 2368 1735 2413; x_wconf 86' lang='lat' dir='ltr'>propria</span> <span class='ocrx_word' id='word_1_574' title='bbox 1755 2367 1820 2404; x_wconf 84' lang='lat' dir='ltr'>fide</span> <span class='ocrx_word' id='word_1_575' title='bbox 1834 2393 1842 2400; x_wconf 89' lang='lat'>.</span> <span class='ocrx_word' id='word_1_576' title='bbox 1869 2367 1905 2402; x_wconf 90' lang='lat' dir='ltr'>Si</span> <span class='ocrx_word' id='word_1_577' title='bbox 1927 2378 2034 2403; x_wconf 86' lang='lat' dir='ltr'>autem</span> <span class='ocrx_word' id='word_1_578' title='bbox 2046 2379 2106 2407; x_wconf 80' lang='lat' dir='ltr'>vos</span> 
     </span>
     <span class='ocr_line' id='line_1_91' title="bbox 1219 2417 2107 2468; baseline 0.003 -17"><span class='ocrx_word' id='word_1_579' title='bbox 1219 2418 1314 2453; x_wconf 85' lang='lat' dir='ltr'>nullo</span> <span class='ocrx_word' id='word_1_580' title='bbox 1334 2417 1438 2452; x_wconf 90' lang='lat' dir='ltr'>modo</span> <span class='ocrx_word' id='word_1_581' title='bbox 1461 2417 1527 2451; x_wconf 87' lang='lat' dir='ltr'>haec</span> <span class='ocrx_word' id='word_1_582' title='bbox 1549 2417 1726 2452; x_wconf 84' lang='lat' dir='ltr'>offendunt</span> <span class='ocrx_word' id='word_1_583' title='bbox 1750 2442 1763 2464; x_wconf 78' lang='lat'>,</span> <span class='ocrx_word' id='word_1_584' title='bbox 1798 2417 1956 2466; x_wconf 72' lang='lat' dir='ltr'>superflue</span> <span class='ocrx_word' id='word_1_585' title='bbox 1976 2429 2042 2468; x_wconf 86' lang='lat' dir='ltr'>ego</span> <span class='ocrx_word' id='word_1_586' title='bbox 2065 2418 2107 2456; x_wconf 75' lang='lat' dir='ltr'>de</span> 
     </span>
     <span class='ocr_line' id='line_1_92' title="bbox 1219 2467 1729 2507; baseline 0 -3"><span class='ocrx_word' id='word_1_587' title='bbox 1219 2478 1337 2507; x_wconf 74' lang='lat' dir='ltr'>caetero</span> <span class='ocrx_word' id='word_1_588' title='bbox 1357 2467 1529 2506; x_wconf 85' lang='lat' dir='ltr'>vobiscum</span> <span class='ocrx_word' id='word_1_589' title='bbox 1542 2467 1708 2507; x_wconf 90' lang='lat' dir='ltr'>convenio</span> <span class='ocrx_word' id='word_1_590' title='bbox 1721 2492 1729 2504; x_wconf 81' lang='lat'><strong>.</strong></span> 
     </span>
    </p>
   </div>
   <div class='ocr_carea' id='block_1_15' title="bbox 1205 240 1244 1715">
    <p class='ocr_par' dir='ltr' id='par_1_18' title="bbox 1205 240 1244 1715">
     <span class='ocr_line' id='line_1_93' title="bbox 1219 240 1244 745; baseline 0 -93"><span class='ocrx_word' id='word_1_591' title='bbox 1219 240 1244 745; x_wconf 95' lang='lat' dir='ltr'>      </span> 
     </span>
     <span class='ocr_line' id='line_1_94' title="bbox 1211 745 1233 1200; baseline 0 -104"><span class='ocrx_word' id='word_1_592' title='bbox 1211 745 1233 1200; x_wconf 95' lang='lat' dir='ltr'>   </span> 
     </span>
     <span class='ocr_line' id='line_1_95' title="bbox 1205 1200 1229 1715; baseline 0 -415"><span class='ocrx_word' id='word_1_593' title='bbox 1205 1200 1229 1715; x_wconf 95' lang='lat' dir='ltr'>     </span> 
     </span>
    </p>
   </div>
   <div class='ocr_carea' id='block_1_16' title="bbox 1408 2623 1907 2669">
    <p class='ocr_par' dir='ltr' id='par_1_19' title="bbox 1408 2623 1907 2669">
     <span class='ocr_line' id='line_1_96' title="bbox 1408 2623 1907 2669; baseline -0.002 0"><span class='ocrx_word' id='word_1_594' title='bbox 1408 2623 1907 2669; x_wconf 63' lang='lat' dir='ltr'>Senotrou.</span> 
     </span>
    </p>
   </div>
   <div class='ocr_carea' id='block_1_17' title="bbox 1216 2764 2103 3320">
    <p class='ocr_par' dir='ltr' id='par_1_20' title="bbox 1216 2764 2103 3320">
     <span class='ocr_line' id='line_1_97' title="bbox 1328 2764 2103 2811; baseline 0 -8"><span class='ocrx_word' id='word_1_595' title='bbox 1328 2767 1397 2806; x_wconf 82' lang='lat' dir='ltr'>AEc</span> <span class='ocrx_word' id='word_1_596' title='bbox 1416 2765 1552 2811; x_wconf 86' lang='lat' dir='ltr'>epistola</span> <span class='ocrx_word' id='word_1_597' title='bbox 1574 2765 1704 2801; x_wconf 89' lang='lat' dir='ltr'>videtur</span> <span class='ocrx_word' id='word_1_598' title='bbox 1727 2776 1798 2801; x_wconf 89' lang='lat' dir='ltr'>non</span> <span class='ocrx_word' id='word_1_599' title='bbox 1818 2764 1861 2802; x_wconf 84' lang='lat' dir='ltr'>ad</span> <span class='ocrx_word' id='word_1_600' title='bbox 1873 2764 1976 2802; x_wconf 89' lang='lat' dir='ltr'>solam</span> <span class='ocrx_word' id='word_1_601' title='bbox 1989 2776 2103 2810; x_wconf 66' lang='lat' dir='ltr'>prace-</span> 
     </span>
     <span class='ocr_line' id='line_1_98' title="bbox 1350 2816 2103 2864; baseline -0.003 -10"><span class='ocrx_word' id='word_1_602' title='bbox 1350 2818 1501 2860; x_wconf 84' lang='lat' dir='ltr'>dentem,</span> <span class='ocrx_word' id='word_1_603' title='bbox 1525 2816 1579 2853; x_wconf 88' lang='lat' dir='ltr'>sed</span> <span class='ocrx_word' id='word_1_604' title='bbox 1590 2818 1720 2864; x_wconf 85' lang='lat' dir='ltr'>insuper</span> <span class='ocrx_word' id='word_1_605' title='bbox 1729 2816 1771 2853; x_wconf 79' lang='lat' dir='ltr'>ad</span> <span class='ocrx_word' id='word_1_606' title='bbox 1783 2816 1959 2859; x_wconf 84' lang='lat' dir='ltr'>quamdam</span> <span class='ocrx_word' id='word_1_607' title='bbox 1978 2817 2078 2852; x_wconf 87' lang='lat' dir='ltr'>aliam</span> <span class='ocrx_word' id='word_1_608' title='bbox 2089 2841 2103 2859; x_wconf 88' lang='lat'><strong>,</strong></span> 
     </span>
     <span class='ocr_line' id='line_1_99' title="bbox 1216 2865 2102 2913; baseline -0.007 -4"><span class='ocrx_word' id='word_1_609' title='bbox 1216 2869 1465 2909; x_wconf 61' lang='lat' dir='ltr'>&amp;Theodoreto</span> <span class='ocrx_word' id='word_1_610' title='bbox 1485 2868 1639 2913; x_wconf 87' lang='lat' dir='ltr'>scriptam</span> <span class='ocrx_word' id='word_1_611' title='bbox 1660 2866 1701 2903; x_wconf 88' lang='lat' dir='ltr'>de</span> <span class='ocrx_word' id='word_1_612' title='bbox 1720 2865 1832 2904; x_wconf 86' lang='lat' dir='ltr'>eadem</span> <span class='ocrx_word' id='word_1_613' title='bbox 1853 2868 1987 2903; x_wconf 76' lang='lat' dir='ltr'>materia</span> <span class='ocrx_word' id='word_1_614' title='bbox 2000 2891 2012 2908; x_wconf 92' lang='lat'>,</span> <span class='ocrx_word' id='word_1_615' title='bbox 2038 2868 2102 2903; x_wconf 81' lang='lat' dir='ltr'>ros-</span> 
     </span>
     <span class='ocr_line' id='line_1_100' title="bbox 1218 2915 2102 2967; baseline -0.007 -10"><span class='ocrx_word' id='word_1_616' title='bbox 1218 2920 1360 2967; x_wconf 76' lang='lat' dir='ltr'>pondere</span> <span class='ocrx_word' id='word_1_617' title='bbox 1371 2944 1379 2955; x_wconf 82' lang='lat'><strong>.</strong></span> <span class='ocrx_word' id='word_1_618' title='bbox 1407 2919 1542 2955; x_wconf 87' lang='lat' dir='ltr'>Etenim</span> <span class='ocrx_word' id='word_1_619' title='bbox 1553 2918 1726 2963; x_wconf 88' lang='lat' dir='ltr'>respondet</span> <span class='ocrx_word' id='word_1_620' title='bbox 1736 2918 1777 2953; x_wconf 89' lang='lat' dir='ltr'>ad</span> <span class='ocrx_word' id='word_1_621' title='bbox 1790 2917 1929 2963; x_wconf 69' lang='lat' dir='ltr'>quedam</span> <span class='ocrx_word' id='word_1_622' title='bbox 1941 2942 1953 2958; x_wconf 94' lang='lat'>,</span> <span class='ocrx_word' id='word_1_623' title='bbox 1976 2915 2018 2951; x_wconf 87' lang='lat' dir='ltr'>de</span> <span class='ocrx_word' id='word_1_624' title='bbox 2029 2917 2102 2960; x_wconf 86' lang='lat' dir='ltr'>qui-</span> 
     </span>
     <span class='ocr_line' id='line_1_101' title="bbox 1218 2967 2099 3016; baseline -0.007 -8"><span class='ocrx_word' id='word_1_625' title='bbox 1218 2972 1278 3008; x_wconf 83' lang='lat' dir='ltr'>bus</span> <span class='ocrx_word' id='word_1_626' title='bbox 1296 2969 1474 3016; x_wconf 71' lang='lat' dir='ltr'>praecedens</span> <span class='ocrx_word' id='word_1_627' title='bbox 1497 2969 1634 3014; x_wconf 88' lang='lat' dir='ltr'>epistola</span> <span class='ocrx_word' id='word_1_628' title='bbox 1655 2967 1780 3004; x_wconf 77' lang='lat' dir='ltr'>nullam</span> <span class='ocrx_word' id='word_1_629' title='bbox 1791 2968 1871 3005; x_wconf 78' lang='lat' dir='ltr'>facit</span> <span class='ocrx_word' id='word_1_630' title='bbox 1882 2968 2079 3004; x_wconf 84' lang='lat' dir='ltr'>memoriam</span> <span class='ocrx_word' id='word_1_631' title='bbox 2090 2993 2099 3002; x_wconf 88' lang='lat'><em>.</em></span> 
     </span>
     <span class='ocr_line' id='line_1_102' title="bbox 1218 3016 2100 3065; baseline -0.003 -8"><span class='ocrx_word' id='word_1_632' title='bbox 1218 3024 1326 3058; x_wconf 89' lang='lat' dir='ltr'>Docet</span> <span class='ocrx_word' id='word_1_633' title='bbox 1346 3031 1408 3056; x_wconf 83' lang='lat' dir='ltr'>nos</span> <span class='ocrx_word' id='word_1_634' title='bbox 1428 3020 1516 3055; x_wconf 85' lang='lat' dir='ltr'>varia</span> <span class='ocrx_word' id='word_1_635' title='bbox 1539 3046 1548 3053; x_wconf 89' lang='lat'>.</span> <span class='ocrx_word' id='word_1_636' title='bbox 1574 3018 1691 3057; x_wconf 74' lang='lat' dir='ltr'>Primo</span> <span class='ocrx_word' id='word_1_637' title='bbox 1711 3043 1722 3060; x_wconf 89' lang='lat'><strong>,</strong></span> <span class='ocrx_word' id='word_1_638' title='bbox 1748 3017 1837 3065; x_wconf 87' lang='lat' dir='ltr'>quod</span> <span class='ocrx_word' id='word_1_639' title='bbox 1859 3016 2100 3054; x_wconf 85' lang='lat' dir='ltr'>Theodoretus</span> 
     </span>
     <span class='ocr_line' id='line_1_103' title="bbox 1218 3067 2103 3114; baseline -0.007 -7"><span class='ocrx_word' id='word_1_640' title='bbox 1218 3069 1405 3108; x_wconf 81' lang='lat' dir='ltr'>Alexandro</span> <span class='ocrx_word' id='word_1_641' title='bbox 1428 3080 1465 3104; x_wconf 93' lang='lat' dir='ltr'>ut</span> <span class='ocrx_word' id='word_1_642' title='bbox 1485 3071 1593 3114; x_wconf 83' lang='lat' dir='ltr'>ipsum</span> <span class='ocrx_word' id='word_1_643' title='bbox 1614 3070 1655 3105; x_wconf 87' lang='lat' dir='ltr'>ad</span> <span class='ocrx_word' id='word_1_644' title='bbox 1673 3080 1785 3113; x_wconf 84' lang='lat' dir='ltr'>pacem</span> <span class='ocrx_word' id='word_1_645' title='bbox 1796 3067 1975 3105; x_wconf 67' lang='lat' dir='ltr'>inflecteret</span> <span class='ocrx_word' id='word_1_646' title='bbox 1989 3091 2000 3108; x_wconf 87' lang='lat'><em>‚</em></span> <span class='ocrx_word' id='word_1_647' title='bbox 2027 3078 2103 3113; x_wconf 84' lang='lat' dir='ltr'>pro-</span> 
     </span>
     <span class='ocr_line' id='line_1_104' title="bbox 1216 3117 2101 3168; baseline -0.007 -10"><span class='ocrx_word' id='word_1_648' title='bbox 1216 3122 1336 3159; x_wconf 84' lang='lat' dir='ltr'>miserit</span> <span class='ocrx_word' id='word_1_649' title='bbox 1354 3120 1518 3166; x_wconf 88' lang='lat' dir='ltr'>Cyrillum</span> <span class='ocrx_word' id='word_1_650' title='bbox 1529 3131 1648 3168; x_wconf 86' lang='lat' dir='ltr'>cogere</span> <span class='ocrx_word' id='word_1_651' title='bbox 1658 3120 1699 3155; x_wconf 87' lang='lat' dir='ltr'>ad</span> <span class='ocrx_word' id='word_1_652' title='bbox 1712 3117 2021 3155; x_wconf 78' lang='lat' dir='ltr'>anathematizanda</span> <span class='ocrx_word' id='word_1_653' title='bbox 2043 3118 2101 3152; x_wconf 83' lang='lat' dir='ltr'>sua</span> 
     </span>
     <span class='ocr_line' id='line_1_105' title="bbox 1217 3166 2102 3218; baseline -0.01 -8"><span class='ocrx_word' id='word_1_654' title='bbox 1217 3172 1378 3218; x_wconf 84' lang='lat' dir='ltr'>Capitula.</span> <span class='ocrx_word' id='word_1_655' title='bbox 1389 3170 1521 3206; x_wconf 90' lang='lat' dir='ltr'>Etenim</span> <span class='ocrx_word' id='word_1_656' title='bbox 1534 3173 1603 3206; x_wconf 88' lang='lat' dir='ltr'>fine</span> <span class='ocrx_word' id='word_1_657' title='bbox 1615 3169 1681 3206; x_wconf 85' lang='lat' dir='ltr'>hoc</span> <span class='ocrx_word' id='word_1_658' title='bbox 1690 3169 1897 3207; x_wconf 83' lang='lat' dir='ltr'>anathemate</span> <span class='ocrx_word' id='word_1_659' title='bbox 1906 3166 2102 3205; x_wconf 78' lang='lat' dir='ltr'>Alexander</span> 
     </span>
     <span class='ocr_line' id='line_1_106' title="bbox 1216 3215 2102 3270; baseline -0.01 -11"><span class='ocrx_word' id='word_1_660' title='bbox 1216 3224 1302 3270; x_wconf 84' lang='lat' dir='ltr'>pacis</span> <span class='ocrx_word' id='word_1_661' title='bbox 1315 3232 1436 3258; x_wconf 89' lang='lat' dir='ltr'>nomen</span> <span class='ocrx_word' id='word_1_662' title='bbox 1462 3234 1522 3258; x_wconf 90' lang='lat' dir='ltr'>nec</span> <span class='ocrx_word' id='word_1_663' title='bbox 1533 3221 1711 3259; x_wconf 85' lang='lat' dir='ltr'>sustinebat</span> <span class='ocrx_word' id='word_1_664' title='bbox 1731 3220 1843 3256; x_wconf 87' lang='lat' dir='ltr'>audire</span> <span class='ocrx_word' id='word_1_665' title='bbox 1853 3245 1860 3253; x_wconf 96' lang='lat'>.</span> <span class='ocrx_word' id='word_1_666' title='bbox 1890 3219 1934 3253; x_wconf 89' lang='lat' dir='ltr'>Et</span> <span class='ocrx_word' id='word_1_667' title='bbox 1946 3218 2025 3254; x_wconf 89' lang='lat' dir='ltr'>hinc</span> <span class='ocrx_word' id='word_1_668' title='bbox 2041 3215 2102 3251; x_wconf 82' lang='lat' dir='ltr'>res-</span> 
     </span>
     <span class='ocr_line' id='line_1_107' title="bbox 1219 3265 2098 3320; baseline -0.008 -11"><span class='ocrx_word' id='word_1_669' title='bbox 1219 3273 1342 3320; x_wconf 81' lang='lat' dir='ltr'>pondet</span> <span class='ocrx_word' id='word_1_670' title='bbox 1362 3271 1448 3307; x_wconf 84' lang='lat' dir='ltr'>hanc</span> <span class='ocrx_word' id='word_1_671' title='bbox 1468 3274 1673 3308; x_wconf 73' lang='lat' dir='ltr'>exaffionem</span> <span class='ocrx_word' id='word_1_672' title='bbox 1690 3271 1757 3315; x_wconf 83' lang='lat' dir='ltr'>jam</span> <span class='ocrx_word' id='word_1_673' title='bbox 1766 3269 1828 3305; x_wconf 79' lang='lat' dir='ltr'>effe</span> <span class='ocrx_word' id='word_1_674' title='bbox 1839 3269 1963 3308; x_wconf 89' lang='lat' dir='ltr'>seram,</span> <span class='ocrx_word' id='word_1_675' title='bbox 1990 3265 2098 3304; x_wconf 72' lang='lat' dir='ltr'>immo</span> 
     </span>
    </p>
   </div>
   <div class='ocr_carea' id='block_1_18' title="bbox 275 3313 2099 3372">
    <p class='ocr_par' dir='ltr' id='par_1_21' title="bbox 275 3313 2099 3372">
     <span class='ocr_line' id='line_1_108' title="bbox 275 3313 2099 3372; baseline -0.005 -10"><span class='ocrx_word' id='word_1_676' title='bbox 275 3324 324 3362; x_wconf 84' lang='lat' dir='ltr'>vit</span> <span class='ocrx_word' id='word_1_677' title='bbox 333 3322 531 3362; x_wconf 79' lang='lat' dir='ltr'>Orthodoxa</span> <span class='ocrx_word' id='word_1_678' title='bbox 551 3321 799 3366; x_wconf 72' lang='lat' dir='ltr'>praedicantem.</span> <span class='ocrx_word' id='word_1_679' title='bbox 826 3323 1061 3362; x_wconf 85' lang='lat' dir='ltr'>Verumtamen</span> <span class='ocrx_word' id='word_1_680' title='bbox 1084 3336 1153 3372; x_wconf 86' lang='lat' dir='ltr'>quae</span> <span class='ocrx_word' id='word_1_681' title='bbox 1218 3327 1254 3364; x_wconf 73' lang='grc' dir='ltr'>ἀ</span> <span class='ocrx_word' id='word_1_682' title='bbox 1274 3323 1462 3361; x_wconf 84' lang='lat' dir='ltr'>ridiculam.</span> <span class='ocrx_word' id='word_1_683' title='bbox 1490 3323 1627 3361; x_wconf 87' lang='lat' dir='ltr'>Etenim</span> <span class='ocrx_word' id='word_1_684' title='bbox 1651 3333 1715 3371; x_wconf 86' lang='lat' dir='ltr'>qua</span> <span class='ocrx_word' id='word_1_685' title='bbox 1736 3322 1813 3367; x_wconf 82' lang='lat' dir='ltr'>spe,</span> <span class='ocrx_word' id='word_1_686' title='bbox 1838 3330 1895 3357; x_wconf 86' lang='lat' dir='ltr'>aut</span> <span class='ocrx_word' id='word_1_687' title='bbox 1916 3330 1980 3365; x_wconf 85' lang='lat' dir='ltr'>qua</span> <span class='ocrx_word' id='word_1_688' title='bbox 1991 3313 2099 3361; x_wconf 79' lang='lat' dir='ltr'>specie</span> 
     </span>
    </p>
   </div>
   <div class='ocr_carea' id='block_1_19' title="bbox 1940 3368 2051 3414">
    <p class='ocr_par' dir='ltr' id='par_1_22' title="bbox 1940 3368 2051 3414">
     <span class='ocr_line' id='line_1_109' title="bbox 1940 3368 2051 3414; baseline 0.009 -12"><span class='ocrx_word' id='word_1_689' title='bbox 1940 3368 2051 3414; x_wconf 60' lang='lat' dir='ltr'>postm-</span> 
     </span>
    </p>
   </div>
  </div>
 </body>
</html>
