2320 3730
37 996 111 1035 Cap.
129 1005 155 1033 5.

615 164 926 219 Seuerus,
962 175 1025 205 ετ
1059 157 1259 204 Νοτιε
1293 168 1686 206 ittusrRATAE.

216 251 274 287 Ad
285 261 400 287 omnes
413 249 490 283 istos
513 255 576 281 tres
593 247 747 281 articulos
759 245 868 280 studio
880 243 1027 280 addidit:
1054 244 1098 276 Se-

217 303 342 336 cundum
361 302 532 340 Scripturas
546 322 553 329 .
582 297 712 340 Nempe
735 308 770 331 ut
791 296 849 331 ista
865 296 952 339 quasi
964 292 1100 328 incredi-

216 352 294 386 bilia
314 349 380 382 Dei
400 347 563 382 mirabilia
574 348 758 382 ostenderet
770 358 837 381 non
852 347 912 380 efle
926 342 1101 388 Apostolo-

214 411 284 436 rum
295 397 484 439 novam,sed
495 398 650 432 vetustam
661 409 697 432 ac
709 407 897 441 perpetuam
906 392 1101 438 praedicatio-

213 457 291 484 nem
310 448 547 493 Prophetarum
561 474 572 489 ,
599 449 632 491 &
655 449 808 482 omniurn
839 446 1099 488 Scripturarum,

212 509 311 543 atque
335 499 381 533 ita
405 499 567 533 evinceret
587 497 775 532 credibilem
790 494 1028 530 &credendam
1042 517 1049 524 .

264 549 310 583 Et
328 548 408 583 hinc
432 548 490 583 ista
512 549 691 592 propositio
714 547 819 581 varios
840 546 962 595 semper
985 541 1102 577 habuit

211 597 444 637 Adversarios,
468 600 640 642 variosque
659 598 738 631 item
760 596 958 630 Defensores
977 618 988 635 ,
1018 594 1103 627 inter

212 659 297 693 quos
322 650 455 683 fuerunt
466 661 535 684 non
549 649 667 693 pauci,
695 657 778 688 quos
792 643 1105 694 Sacer-psalmusap-

213 699 333 743 pellat:
363 703 497 733 Inmites
517 695 747 741 &defhnfores.
775 696 894 744 Qiea
907 692 1039 739 pessime
1051 692 1104 726 ab·

213 748 391 783 utebantur
405 774 415 790 ,
436 761 476 784 ac
495 750 594 793 ipsam
605 745 843 791 detorquebant
861 747 896 779 in
908 743 1012 779 foedos
1021 753 1104 777 erro-

213 809 264 833 res
284 823 290 831 .
318 799 415 834 Talis
437 799 500 835 fuit
522 798 588 842 ipse
606 797 761 832 Marcion
786 822 796 838 ‚
823 798 890 830 idea
918 796 1058 838 paffiones
1085 793 1105 824 ἃ

214 848 330 888 cbristo
349 861 408 883 non
426 848 593 892 rescindens
609 872 619 887 ‚
643 853 715 889 quia
725 856 759 881 ut
768 845 956 890 phantasma
969 843 1099 880 vacabat

214 897 330 941 asenfic
339 909 440 932 earum
454 924 461 931 .
487 898 584 933 Talis
596 899 673 938 suit,
684 899 717 932 &
730 897 830 931 Arius
841 897 882 931 de
893 908 961 941 quo
972 895 1007 928 in
1020 893 1105 927 libro

214 959 330 984 contra
353 949 498 983 Arianos
521 949 698 992 Gregorius
710 948 946 981 Illiberriranus
973 944 1106 987 Episco-

213 1009 283 1043 pus:
295 1003 385 1033 Arius
393 998 614 1038 Anti-christus
627 999 695 1030 vult
704 995 800 1043 ipsum
811 1000 1001 1039 Untgenitum
1011 992 1107 1032 Filia,

214 1054 266 1091 qui
276 1049 314 1087 est
325 1048 453 1081 Verbum
464 1049 499 1080 o·
510 1049 668 1088 sapientia
680 1049 739 1079 Dei
748 1070 760 1086 ,
786 1047 847 1088 qua
861 1047 957 1079 Deum
966 1069 977 1085 ‚
1005 1045 1039 1078 (θ’
1051 1054 1106 1077 non

215 1097 277 1141 qud
288 1095 455 1135 bominem,
479 1096 673 1138 crucifixum.
700 1095 899 1130 Talesitem
921 1095 1054 1130 fuerunt
1066 1105 1107 1126 ex

214 1146 518 1190 ApollinariiSedia
540 1145 703 1179 Polemon
728 1157 766 1179 ac
786 1142 1010 1186 Timotheus,
1036 1143 1108 1177 alii·

215 1191 280 1241 que
290 1207 406 1231 omnes
417 1195 672 1230 Dominicarum
696 1204 885 1230 naturarum
898 1195 1088 1229 confusores
1098 1217 1109 1233 ‚

216 1247 414 1281 blaterantes
424 1246 613 1280 Dominum
627 1246 661 1278 in
675 1245 734 1279 ista
748 1245 846 1278 unica
857 1269 868 1285 ,
898 1245 975 1278 licet
987 1254 1110 1286 tempe·

215 1307 284 1331 rata
305 1294 339 1331 ὅτ
362 1297 490 1336 mixta,
515 1294 588 1330 vere
615 1294 727 1330 tamen
738 1294 887 1335 Divina,
913 1305 1028 1328 natura
1044 1293 1111 1336 pas-

215 1348 289 1381 sum
302 1371 313 1387 ,
338 1346 529 1380 crucifixum
545 1368 556 1385 ,
582 1355 681 1388 atque
701 1345 847 1380 occisum
861 1370 868 1376 .
894 1343 1019 1379 Eadem
1032 1342 1111 1377 blas-

216 1394 352 1440 phemia
377 1395 501 1440 placuit
522 1396 579 1439 ipsi
600 1395 699 1429 etiam
711 1394 944 1439 Apollinario.
972 1393 1107 1428 Etenim

217 1446 333 1480 Deum
357 1445 492 1479 verbum
514 1445 602 1479 dixit
614 1444 708 1479 fuisse
720 1445 796 1480 loco
809 1444 960 1479 humanae
970 1443 1090 1478 mentis
1101 1467 1112 1483 ‚

217 1495 363 1539 ideoque
383 1496 528 1538 patiente
559 1505 655 1529 carne
685 1495 779 1529 fuisse
801 1495 1004 1538 compassum
1029 1519 1038 1526 .
1064 1493 1114 1527 Ita

217 1544 320 1580 habes
330 1546 367 1579 in
385 1545 586 1580 duodecimo
598 1542 874 1578 anathematismo
885 1546 995 1579 Sancti
1007 1545 1114 1588 Quin-

217 1595 302 1630 tiani
326 1594 482 1637 Episcopi
512 1619 521 1625 .
545 1593 639 1640 Qid
660 1591 782 1627 delirus
802 1591 971 1636 Eutyches
993 1592 1065 1627 hac)
1079 1593 1113 1626 in

215 1655 252 1679 re
262 1643 416 1685 senserit,
442 1654 513 1677 non
525 1640 777 1685 pieneconstat.
806 1643 887 1686 Ejus
910 1642 1042 1677 interim
1063 1645 1116 1677 Se·

220 1695 273 1728 &a
295 1694 360 1728 fuit
386 1693 491 1736 hydra
504 1692 618 1727 decem
629 1693 796 1737 capitum:
823 1694 868 1728 Et
881 1694 965 1728 inter
977 1692 1042 1728 haec
1054 1693 1117 1727 fuit

217 1744 336 1779 Petrus
358 1743 458 1778 Fullo
473 1767 485 1783 ,
511 1742 568 1786 qui
594 1743 695 1787 ipsam
717 1743 751 1776 in
773 1743 927 1777 Domino
947 1743 1116 1779 Deitatem

219 1793 315 1829 fuisse
348 1795 467 1837 passam
491 1791 726 1836 blasphemavit
760 1793 842 1827 adeo
869 1793 1018 1836 proterve
1037 1817 1047 1832 ‚
1082 1803 1117 1827 ut

219 1844 435 1879 sacrosancto
473 1842 661 1887 Tris-Agio
708 1843 891 1877 facinorose
927 1842 1087 1878 addiderit
1108 1867 1119 1883 ‚

222 1895 289 1936 ‚Qui
304 1893 406 1936 paffus
427 1891 464 1931 est
481 1899 536 1933 pro
562 1893 647 1924 nobis
677 1915 687 1931 ,
723 1893 852 1935 sperans
874 1891 940 1926 hoc
966 1894 1118 1927 scelerato

222 1952 324 1979 cantu
364 1943 399 1976 δε
422 1942 558 1975 Clerum
596 1943 631 1975 δε
654 1940 819 1984 Populum
845 1944 1041 1986 compellere
1078 1943 1118 1977 ad

225 1991 455 2036 quotidianam
493 1991 723 2034 professionem
760 1991 854 2026 istius
887 1992 1094 2037 blasphemiae
1110 2018 1120 2034 ,

224 2053 326 2086 atque
355 2042 399 2076 ita
437 2041 538 2086 ipsam
565 2040 709 2079 stabilire
747 2043 783 2075 in
809 2042 963 2078 omnium
1005 2043 1118 2077 cordi-

222 2092 305 2127 bus.

274 2140 446 2176 Manifesti
466 2152 503 2176 ac
520 2142 648 2187 professi
660 2142 751 2178 istius
763 2142 996 2187 propositionis
1006 2142 1115 2178 hostes

222 2193 358 2228 fuerunt
378 2191 489 2225 Ebion
513 2216 524 2232 ‚
552 2194 736 2235 Artemon,
762 2193 967 2228 Theodorus
989 2195 1118 2236 Byzan·

223 2242 337 2282 tinus,
363 2239 485 2274 Paulus
496 2242 749 2282 Samosatensis‚
776 2242 966 2277 Tharsensis
988 2242 1117 2276 Diodo-

224 2302 279 2325 rus
296 2316 307 2332 ‚
350 2289 555 2325 Theodorus
584 2291 849 2336 Mopsuestienfis
871 2317 882 2333 ,
922 2292 1119 2332 Nestorius,

223 2342 404 2383 omnesque
425 2340 492 2382 ejus
514 2353 584 2376 non
606 2342 776 2376 dumtaxat
787 2342 974 2386 dogmatis,
1003 2342 1059 2376 sed
1076 2352 1119 2377 et·

225 2391 293 2424 iam
314 2391 413 2423 solius
436 2392 575 2432 personae
592 2392 797 2425 defensores.
824 2393 935 2434 Hujus
960 2392 1048 2425 enim
1064 2403 1119 2435 po-

226 2439 349 2472 ssremae
371 2439 525 2473 factionis
545 2439 609 2472 fuit
630 2439 885 2474 Theodoretus.
913 2442 1060 2475 Forsitan
1084 2442 1118 2474 &

227 2487 407 2523 Eutherius
434 2512 440 2519 .
480 2488 600 2521 Cuncti
631 2490 754 2531 priores
791 2491 925 2524 fuerunt
957 2490 1114 2525 divisores

226 2537 417 2572 Dominicae
439 2536 652 2580 hypostaseos
665 2563 677 2579 ‚
703 2539 746 2572 de
772 2539 891 2581 quibus
903 2539 1023 2584 scripsit
1035 2541 1117 2574 San-

225 2589 296 2621 {tus
307 2585 659 2630 JoannesApostolus:
688 2587 997 2632 ,QutsiilvttJesum‚
1024 2590 1069 2623 bic
1080 2590 1117 2630 est

226 2635 468 2676 Anti-cbristus.
499 2636 577 2669 Dici
601 2637 796 2679 voluerunt,
823 2637 960 2678 christus
982 2639 1018 2679 est
1043 2652 1118 2673 mor-

226 2695 298 2720 tuus
323 2698 333 2728 3
362 2686 504 2720 nostram
528 2687 784 2730 propositionem
807 2685 1011 2722 hostilissime
1030 2701 1117 2724 aver-

228 2736 307 2770 sati.
335 2736 428 2770 Hinc
451 2736 517 2779 ipsa
539 2737 638 2771 etiam
650 2737 735 2780 apud
747 2736 942 2772 Catholicos
957 2739 1116 2774 Doctores

228 2787 351 2820 variam
365 2786 481 2819 sortem
494 2784 610 2819 subiit.
639 2786 770 2821 Etenim
795 2799 863 2822 non
884 2788 969 2823 solus
980 2791 1114 2824 Sanetus

229 2835 396 2879 Cyrinus,
423 2837 458 2869 δε
481 2843 645 2879 quotquot
656 2836 912 2873 aliiNestorium
923 2847 978 2873 aut
999 2839 1115 2874 Nesto·

227 2885 337 2921 rianos
349 2896 579 2929 expugnarunt
594 2911 604 2927 ,
631 2886 685 2920 sed
706 2887 804 2921 etiam
817 2889 951 2924 Sanstus
970 2889 1113 2925 Athana-

228 2937 312 2975 sius,
335 2936 370 2970 &
387 2946 552 2980 quotquot
574 2936 630 2970 alii
644 2936 751 2971 Patres
762 2937 901 2973 Paulum
913 2942 1113 2975 Samosaten-

229 2983 296 3018 fem
317 2996 355 3018 ac
375 2987 459 3019 alios
476 2987 610 3019 Divinae
622 2985 769 3021 Personae
790 2998 869 3024 tunc
891 2990 1046 3025 divisores
1066 2992 1111 3025 in-

229 3035 399 3075 vaserunt,
426 3036 501 3069 sunt
527 3036 629 3079 ipsam
651 3037 834 3074 zelosiffime
844 3042 957 3075 tutati.
983 3042 1037 3075 Ex
1049 3041 1112 3075 hoc

229 3083 300 3117 zelo
317 3108 329 3124 ,
354 3094 422 3117 nou
441 3096 482 3119 ex
506 3084 715 3128 Eutychiana
737 3089 856 3132 Spiritu
877 3092 1020 3135 Joannes
1040 3092 1112 3125 Ma-

230 3134 363 3169 xentius
374 3134 407 3167 in
420 3134 484 3168 suis
494 3146 606 3169 contra
618 3137 831 3173 Nestorianos
848 3140 1013 3186 Capitulis
1023 3142 1109 3184 scrip·

230 3185 285 3218 fit:
312 3184 342 3216 5}
352 3189 420 3225 qun
437 3185 510 3217 dicit
522 3184 669 3224 Christum
674 3191 787 3230 passum
799 3201 885 3224 carne
897 3214 907 3231 ,
932 3195 1028 3225 Deum
1040 3194 1111 3225 verb

228 3234 342 3277 passum
349 3244 438 3266 carne
448 3235 539 3268 dicere
551 3246 608 3268 non
617 3237 861 3281 acquiefiit‚quod
867 3240 965 3284 ipsum
975 3243 1109 3285 intelligi·-

231 3295 281 3318 ταν
292 3283 437 3323 Christum
443 3284 557 3327 passum
566 3297 665 3327 carne,
679 3288 836 3322 anathema
841 3290 888 3332 fit.
902 3291 943 3325 Et
957 3293 990 3326 in
1003 3293 1109 3327 secun—

228 3335 273 3379 da
289 3333 362 3368 fidei
375 3335 568 3377 professione
580 3336 715 3380 scripsit:
743 3340 941 3383 ,Quamobrem
945 3342 1109 3386 fatendum

294 3409 298 3412 .
330 3383 434 3427 christ.
449 3388 528 3429 Lupi
540 3390 638 3431 Opera
651 3389 758 3422 T.VII.

1877 177 1904 209 2
1913 174 1977 217 09

1160 242 1198 284 est
1208 244 1305 276 Deum
1315 251 1420 276 natum
1430 252 1469 275 ex
1471 241 1604 283 foemina
1616 268 1626 283 ‚
1648 256 1706 277 mn
1719 246 1880 288 secundum
1891 251 2048 285 Divinita-

1163 301 1234 334 tem‚
1243 291 1468 336 sedsecundum
1478 291 1713 326 humanitatem.
1727 299 1821 329 Deum
1823 300 1947 342 jacuiffi·
1957 304 1988 332 in
1999 311 2049 334 cu.

1163 349 1222 384 m's,
1230 341 1407 385 pannosum,
1415 341 1583 386 sordidum,
1594 345 1761 377 involutum
1776 357 1782 376 ε
1797 350 1924 391 Creviffe
1938 351 1972 384 ὁ·
1980 358 2048 392 pr&

1156 393 1255 436 secisse
1264 402 1355 428 aetate
1369 395 1403 427 (9⁶
1409 392 1730 437 sapientia‚secundum
1742 393 1959 431 humanitatem
1967 424 1978 439 ‚
1989 411 2048 433 non

1158 441 1321 486 secundum
1348 447 1550 477 Divinitatem
1571 469 1578 476 .
1615 448 1711 479 Deum
1739 442 1860 487 esuriiffe
1879 470 1889 486 ,
1908 447 2050 493 sitivisse,

1163 494 1263 536 lassum
1285 506 1321 528 ex
1344 500 1450 528 itinere
1461 495 1618 538 quieviffe:
1643 499 1717 528 Non
1723 493 1886 538 secundum
1897 499 2053 530 Divinita-

1165 553 1224 576 tem
1244 568 1254 583 ,
1275 543 1335 588 sed
1349 543 1511 588 secundum
1534 545 1755 580 humanitatem
1774 570 1781 578 .
1808 548 1907 580 Deum
1926 554 2052 588 compre-

1164 592 1285 635 hensum
1297 595 1434 628 manibus
1444 601 1601 638 impiorum
1612 621 1624 638 ‚
1646 598 1836 638 J‘udi'catum,
1863 597 2054 636 damnatum,

1164 643 1334 685 crucifixum
1360 668 1371 684 ,
1396 646 1478 679 latus
1499 647 1604 680 lancea
1621 647 1831 689 perforatum:
1859 650 1933 679 Non
1950 645 2056 689 secun-

1166 694 1239 725 dum
1266 697 1469 728 Divinitatem
1498 721 1509 736 ,
1540 695 1598 740 ftd
1615 695 1778 739 secundum
1814 695 2054 730 humanitatem.

1168 746 1264 776 Deum
1286 752 1452 784 mortuum,
1474 744 1624 786 sepultum
1642 773 1653 787 ‚
1681 746 1880 790 resurrexisse:
1910 751 1984 780 Non
2002 745 2056 789 feu

1167 793 1292 825 cundum
1326 797 1531 826 Divinitatem
1552 795 1610 837 sed
1623 796 1786 839 secundum
1818 796 2051 830 humanitatem.

1170 843 1237 877 Uti
1259 842 1374 886 quinta
1395 842 1549 884 synodus
1571 855 1686 882 contra
1698 847 1914 882 Nestorianos
1925 846 2058 890 proscri-

1171 893 1229 936 psit
1252 891 1342 927 hunc
1363 893 1538 928 articulum
1555 917 1567 933 ‚
1591 896 1683 927 sacra
1694 901 1782 940 Virgo
1795 897 1834 938 est
1846 896 2060 939 christipara,

1169 944 1202 977 &
1224 942 1317 977 istam
1339 943 1525 978 Dominam
1549 944 1695 978 nostram
1718 947 1821 981 voluit
1843 949 1966 990 semper
1992 945 2060 980 dici

1171 992 1349 1037 Deiparam
1373 1017 1385 1034 ,
1411 993 1457 1027 ita
1480 993 1649 1028 adversum
1670 994 1801 1029 eosdem
1824 995 1965 1037 Ioannes
1988 997 2062 1030 Ma-

1172 1044 1304 1077 xentius
1312 1055 1349 1078 ac
1358 1043 1415 1078 alii
1427 1043 1533 1087 plures
1545 1041 1610 1077 dici
1623 1044 1798 1079 voluerunt
1811 1056 1879 1079 non
1893 1044 2062 1080 Christum

1173 1094 1295 1137 paffum
1307 1117 1318 1133 ,
1345 1093 1399 1128 sed
1423 1092 1593 1128 dumtaxat
1604 1093 1718 1128 Deum
1730 1118 1738 1126 .
1766 1095 1897 1136 Nempe
1917 1094 1983 1128 haec
1995 1106 2064 1138 pro·

1174 1144 1313 1187 positio,
1341 1141 1491 1177 Christus
1514 1144 1558 1177 est
1571 1145 1695 1188 paffus,
1725 1141 1803 1178 licet
1818 1141 2014 1186 Apostolica
2025 1155 2063 1177 ac

1174 1194 1274 1238 longe
1303 1193 1578 1228 orthodoxiffima
1609 1193 1647 1228 fit
1662 1219 1674 1235 ‚
1701 1192 1764 1227 isto
1785 1204 1897 1228 tamen
1919 1202 2067 1237 tempore

1174 1245 1274 1278 etiam
1298 1243 1339 1277 ad
1362 1243 1546 1288 tegendos,
1572 1255 1610 1278 ac
1633 1243 1670 1278 in
1692 1244 1765 1279 ovis
1786 1244 1928 1288 speciem
1944 1243 2069 1278 transfi-

1175 1291 1340 1338 gurandos
1362 1293 1457 1338 lupos
1478 1303 1547 1329 erat
1569 1303 1644 1338 apta
1668 1294 1764 1336 lana,
1791 1294 1931 1338 ideoque
1949 1293 2070 1338 praefati

1178 1346 1339 1379 Doctores
1360 1346 1559 1379 censuerunt
1583 1345 1685 1388 ipsam
1712 1343 2068 1384 circumscribendam,

1177 1404 1273 1439 atque
1295 1394 1342 1428 ita
1362 1394 1484 1430 dolosis
1507 1393 1654 1430 Nestorii
1681 1395 1901 1431 Sestatoribus
1922 1395 2070 1430 auserem

1177 1446 1257 1479 dum
1274 1444 1359 1478 istud
1371 1444 1547 1480 latibulum
1561 1470 1569 1478 .

1228 1493 1277 1528 At
1300 1494 1376 1529 vero
1397 1494 1660 1538 Eutychianistis
1680 1495 1784 1531 simile
1800 1496 1975 1531 latibulum
1988 1519 2000 1536 ‚
2027 1494 2069 1527 si*-

1179 1545 1330 1588 milisque
1343 1546 1417 1580 lana
1427 1545 1568 1581 fuithaec
1584 1547 1761 1591 propositio
1775 1560 1786 1580 .-
1813 1549 1896 1580 Deus
1918 1545 1956 1585 est
1967 1545 2069 1587 passus

1179 1606 1214 1628 ac
1224 1602 1355 1628 mortuus
1365 1621 1372 1629 .
1400 1596 1495 1630 Hinc
1509 1596 1610 1640 ipsam
1621 1596 1745 1630 laudati
1756 1595 1894 1630 Faustus
1907 1618 1917 1634 ,
1926 1605 1963 1627 ac
1975 1594 2072 1627 Pam-

1181 1643 1289 1688 philus
1300 1643 1469 1679 adversum
1483 1645 1561 1679 istos
1572 1646 1749 1690 grassantes
1765 1646 1819 1687 3&
1829 1645 2002 1679 abutentes
2012 1643 2071 1676 Er-

1181 1706 1267 1729 rores
1289 1695 1485 1730 censuerunt
1512 1695 1575 1730 isto
1602 1705 1749 1738 tempore
1776 1693 2041 1739 supprimendam
2062 1717 2071 1726 .

1181 1745 1262 1779 Non
1276 1745 1323 1779 uti
1336 1745 1452 1781 salsam
1462 1770 1474 1786 ,
1500 1745 1553 1780 sed
1569 1745 1618 1780 uti
1629 1744 1864 1789 periculosam,
1890 1756 1927 1779 ac
1940 1743 2072 1779 scanda-

1183 1796 1284 1828 losam
1296 1807 1303 1827 :
1333 1795 1468 1838 Utpote
1480 1807 1551 1839 quae
1560 1795 1658 1829 Petro
1669 1797 1696 1829 F
1699 1795 1804 1829 ulloni
1817 1793 1967 1839 praeberet
1979 1804 2075 1828 occa-

1181 1845 1304 1878 sionem
1328 1844 1487 1887 patiendae
1514 1856 1552 1878 ae
1575 1844 1735 1879 faciendae
1756 1845 1854 1879 ruinae
1873 1870 1881 1877 .
1912 1844 2071 1887 Ejusdem

1181 1894 1301 1929 mentis
1317 1895 1381 1928 fuit
1404 1896 1542 1928 Sandius
1552 1895 1762 1942 Qintianus
1785 1895 1986 1938 Episcopus.
2017 1894 2072 1927 Et-

1184 1946 1274 1979 enim
1300 1944 1455 1978 adversus
1475 1944 1654 1978 Fullonem
1668 1945 1776 1988 posuit
1800 1943 1866 1978 hoc
1877 1943 2070 1978 anathema:

1181 1998 1214 2028 51·
1225 2001 1291 2036 quis
1303 1993 1466 2036 confundat
1478 1995 1556 2027 duas
1571 1993 1683 2034 christi
1696 2003 1823 2028 naturas
1833 2017 1844 2033 ,
1859 1996 1961 2027 dicens
1975 1997 2072 2027 Deum

1178 2046 1295 2085 passum
1306 2055 1416 2084 carne,
1444 2045 1479 2077 (a
1501 2055 1560 2076 non
1579 2045 1696 2086 paffum
1707 2043 1857 2082 christum
1881 2055 1992 2084 carne,
2017 2046 2074 2077 daa

1181 2102 1318 2127 mnetur.
1352 2093 1620 2136 propositionem
1632 2094 1767 2127 damnat
1779 2118 1790 2133 ,
1820 2094 1909 2137 quod
1933 2094 2073 2128 Fulloni

1183 2143 1331 2186 praeberet
1344 2143 1455 2177 ansam
1467 2143 1699 2179 confundendi
1713 2143 1911 2179 Dominicas
1923 2155 2053 2179 naturas
2064 2170 2071 2177 .

1184 2194 1226 2227 Et
1249 2193 1290 2227 de
1312 2191 1375 2226 hac
1387 2193 1601 2226 damnatione
1622 2191 1806 2226 Dioscorus
1819 2193 2013 2235 Presbyter,
2039 2196 2073 2228 δε

1183 2242 1378 2275 Chaeremon
1395 2241 1515 2276 Lestor
1526 2266 1537 2282 ,
1551 2241 1789 2276 Alexandrinae
1802 2241 1950 2277 Ecclesiae
1960 2243 1995 2276 in
2007 2244 2073 2278 Re·

1182 2292 1236 2336 gia
1249 2291 1384 2326 civitate
1396 2291 1427 2325 A
1433 2292 1599 2336 poerisarii
1612 2292 1837 2337 ,disputarunt
1848 2303 1925 2327 cum
1939 2293 2072 2328 Cresco-

1183 2342 1263 2381 nio,
1291 2353 1328 2375 ac
1339 2342 1509 2376 Germano
1530 2343 1723 2387 Episcopis,
1751 2342 1911 2377 Anastasii
1935 2344 2073 2378 secundi

1183 2390 1356 2425 Pontificis
1367 2392 1453 2435 apud
1463 2392 1666 2427 Anastasium
1680 2394 1910 2439 Imperatorem
1923 2394 2071 2439 Legatis,

1181 2442 1215 2474 ὅ(
1225 2442 1419 2476 omneistud
1429 2443 1553 2477 malum
1566 2444 1745 2479 retulerunt
1757 2445 1791 2478 in
1803 2444 2069 2480 Theodoretum,

1184 2493 1308 2526 Eorum
1331 2492 1465 2535 scopum
1487 2494 1676 2536 prosecutus
1696 2494 1740 2528 est
1762 2496 1905 2539 Joannes
1926 2496 2068 2530 Maxen-

1181 2540 1244 2574 tius
1254 2565 1265 2581 ,
1291 2541 1377 2585 apud
1389 2540 1543 2576 Thraciae
1554 2543 1693 2586 Schytas
1706 2544 1877 2590 Presbyter
1901 2557 1939 2580 ac
1949 2545 2067 2581 Archi-

1182 2589 1349 2624 Mandrita
1359 2616 1370 2631 ‚
1395 2602 1472 2626 cum
1483 2592 1609 2634 aliquot
1619 2594 1798 2629 Monachis
1810 2596 1966 2631 accedens
1977 2598 2068 2631 Hor-

1180 2640 1316 2675 misdam
1340 2640 1557 2676 Pontificem.
1588 2643 1632 2677 Et
1646 2645 1805 2689 quoniam
1823 2645 1988 2681 insomnes
2000 2647 2066 2682 Re-

1179 2691 1240 2735 giae
1249 2691 1404 2725 Civitatis
1412 2691 1573 2727 Monachi
1586 2692 1651 2727 illis
1662 2693 1910 2730 adversabantur
1920 2721 1932 2738 ,
1958 2697 2065 2732 modi-

1179 2752 1216 2775 ca
1227 2740 1392 2775 discordiae
1404 2742 1545 2777 scintilla
1559 2745 1699 2787 profecit
1712 2745 1747 2780 in
1761 2746 1940 2781 maximum
1953 2747 2065 2782 incen-

1179 2792 1288 2825 dium.
1316 2791 1406 2826 Nam
1419 2792 1451 2826 &
1462 2793 1594 2828 Sanstus
1610 2795 1825 2840 Fulgentius,
1852 2798 1885 2830 δε
1899 2798 2061 2832 istiusmo-

1178 2842 1212 2874 di
1235 2842 1339 2885 plures
1361 2842 1396 2875 in
1406 2843 1591 2879 Occidente
1603 2845 1774 2880 doctissimi
1798 2846 1953 2890 Episcopi
1977 2846 2061 2883 fave-

1179 2890 1258 2924 bant
1279 2892 1459 2928 -Maxentio
1472 2918 1479 2925 .
1510 2894 1622 2939 Quare
1634 2896 1766 2930 tandem
1791 2896 1831 2929 ad
1858 2894 1926 2929 haec
1945 2898 2060 2933 omnia

1180 2941 1333 2985 sopienda
1357 2943 1536 2986 Imperator
1560 2946 1759 2988 Justinianus
1780 2944 1821 2980 ad
1846 2945 2005 2988 {loannem
2015 2950 2058 2982 se-

1177 2992 1324 3027 cundum
1334 2991 1532 3028 Pontificem
1545 2995 1662 3039 legavit
1684 2996 1834 3030 laudatos
1846 2996 2033 3040 Hypatium
2044 3022 2058 3039 ,

1177 3054 1214 3077 ac
1236 3043 1446 3078 Demetrium
1474 3045 1674 3088 Episcopos‚
1702 3045 1885 3090 supplicans
1911 3047 2058 3089 quaestio·

1177 3103 1252 3126 nem
1262 3093 1408 3127 definiri.
1437 3095 1479 3128 Et
1489 3095 1630 3137 Ioannes
1638 3095 1788 3130 definivit
1800 3098 2057 3141 propositionem

1178 3144 1238 3176 effe
1250 3155 1436 3187 perpetuam
1448 3145 1606 3179 Romana:
1617 3146 1768 3182 Ecclefiae
1779 3147 1878 3182 fidem
1891 3172 1902 3188 ‚
1917 3147 2057 3192 Aposto-

1175 3192 1269 3226 licam
1282 3194 1545 3237 praedicationem
1556 3218 1566 3233 ,
1578 3208 1616 3229 ac
1628 3197 1802 3244 articulum
1815 3198 1945 3232 Nicaeni
1956 3199 2056 3242 Sym·-

1175 3241 1261 3278 boli.
1291 3244 1343 3277 Ex
1357 3255 1423 3288 quo
1437 3254 1521 3287 patet
1534 3246 1604 3279 falli
1624 3246 1724 3286 illos,
1748 3248 1805 3292 qui
1826 3249 1961 3283 credunt
1982 3260 2055 3282 eam

1175 3293 1353 3338 aliquando
1374 3294 1465 3328 fuisse
1477 3297 1755 3340 circumscriptam
1781 3298 1800 3331 a
1813 3298 1967 3332 Romana
1993 3299 2055 3332 Εσ-

1175 3342 1276 3380 clefia.
1304 3344 1348 3379 Et
1360 3345 1536 3388 Imperator
1548 3345 1749 3391 Iustinianus
1759 3347 1987 3384 definitionem
2000 3347 2052 3380 fir·

1607 3397 1629 3431 S
1679 3408 1699 3446 3
1900 3395 2000 3432 mavit
