2320 3730
365 218 460 265 154

705 190 1044 251 {santonum
1082 203 1324 247 Paruum
1361 200 1688 270 Epami&

288 291 422 336 scopos.
451 285 612 334 Qodita
638 288 678 323 fit
689 288 797 334 palam
809 290 1027 333 praevaricatus
1038 287 1162 320 sextum
1227 286 1275 321 illi
1285 287 1371 323 milit
1381 298 1436 331 per
1446 290 1572 324 Rufum
1589 293 1785 339 Gontiana,
1806 292 2103 339 &perorientallc

287 339 664 380 Nicaenum,Canonem‚
691 341 889 374 sancientem
914 336 1002 381 quod
1014 336 1164 370 Alexan-

285 390 384 429 drino
395 388 587 424 patriarcha
608 389 692 424 nihil
713 388 883 432 potestatis
904 387 942 421 sit
965 386 998 419 in
1014 385 1164 420 Orienta-

284 439 352 481 lem
373 440 571 476 Dioecefim.
601 441 682 474 Haec
705 438 872 472 calamitas
884 436 1009 470 duravit
1021 433 1061 468 ab
1073 447 1162 473 anno

283 490 530 535 quadragesimo
549 500 663 534 quarto
684 489 784 532 usque
826 487 867 521 ad
888 485 1161 530 quadragesimum

281 541 475 584 septimum.
684 572 686 574 ,

331 591 376 626 Et
386 592 471 626 certe
483 589 593 623 afflicti
607 588 827 624 Orientalium
840 586 995 630 Episcopi
1006 585 1074 631 quo
1085 598 1160 621 con-

279 640 464 686 fugissent?
493 639 627 673 Etenim
657 636 824 680 Eutyches
846 661 856 677 ,
883 647 979 680 quem
1006 639 1160 678 Domnus

279 688 465 726 Parriarcha
486 700 636 731 potenter
657 687 818 722 accusarat
840 710 852 727 ,
876 697 914 720 ac
945 686 990 721 ita
1024 689 1160 732 sperarat

280 738 550 783 compescendum
571 760 582 776 ‚
609 736 703 780 plene
725 737 756 770 se
776 736 964 781 expurgavit
985 738 1070 781 apud
1084 739 1161 772 San-

280 793 366 830 fi'um
396 786 551 822 Proclum
570 811 580 827 ,
610 787 782 829 professum
805 786 980 822 Theodori
1012 787 1159 829 hostem,

278 848 375 883 atque
388 839 431 873 ita
439 837 507 881 ejus
520 846 611 871 aures
624 836 847 871 Orientalibus
858 837 950 880 plene
962 838 1087 872 clausit.
1117 838 1161 871 Et

277 889 386 923 omnis
408 887 521 931 Regiae
539 886 678 922 civitatis
701 886 845 922 Ecclesia
867 887 978 922 oderat
1000 888 1159 936 Theodo-

275 950 346 973 rum
367 961 373 968 .
401 935 557 971 Tandem
585 948 690 971 annus
716 938 980 982 quadragesimus
1006 939 1160 982 septimus

274 988 427 1023 Sanctum
448 986 604 1022 Proclum
627 989 777 1022 evocavit
789 988 829 1022 ad
851 988 1021 1022 meliorem
1039 989 1137 1022 vitam
1149 1013 1157 1029 ‚

273 1038 306 1075 βε
319 1036 430 1079 rejesto
459 1036 648 1081 Eutychete
669 1036 760 1071 dedit
784 1037 832 1072 illi
852 1039 1072 1076 Succefforem
1083 1040 1157 1072 Sau-

273 1090 361 1121 iium
391 1087 603 1122 Flavianum.
633 1088 677 1122 Et
687 1087 764 1122 huic
776 1101 844 1123 non
859 1089 1159 1133 solus'competitor

270 1135 440 1181 Eutyches
462 1136 687 1173 adversabatur
709 1163 719 1179 ,
745 1138 800 1172 sed
820 1138 920 1172 etiam
957 1139 1155 1172 Dioscorus.

270 1188 426 1231 ,Optimus
448 1188 538 1222 enirn
560 1187 737 1222 Flavianus
749 1189 853 1222 sancti
869 1186 1157 1231 Cyrillinepotes‚

271 1235 290 1270 a
302 1238 467 1281 Dioccoro
488 1238 671 1282 expuam,
699 1239 733 1271 &
757 1239 790 1271 in
806 1237 912 1283 Regia
925 1238 1059 1272 civitate
1069 1246 1158 1271 men-

269 1288 416 1322 dicantes
440 1311 452 1328 ,
478 1287 585 1323 statim
617 1288 715 1331 coepit
747 1287 963 1330 eleemosynis
988 1286 1157 1330 adjuvare,

269 1348 368 1382 atque
393 1339 440 1372 ita
468 1338 566 1373 istum
593 1338 798 1373 Pharaonem
832 1338 973 1383 graviter
999 1337 1158 1372 offendit.

267 1387 366 1422 Hinc
388 1388 504 1422 auxilii
527 1390 615 1432 spem
636 1398 856 1432 conceperunt
877 1388 1063 1422 Orientales
1084 1387 1157 1429 Epi-

266 1438 381 1481 scopi,
407 1440 515 1482 ipsum
538 1440 704 1482 sperarunt
725 1438 824 1473 etiam
844 1438 1006 1472 offensum
1028 1436 1158 1471 duobus

265 1486 336 1520 istis
347 1486 552 1527 turbinibus,
577 1497 676 1530 atque
687 1489 732 1521 ita
749 1499 800 1531 per
812 1486 1067 1522 Theodoretum
1082 1498 1156 1520 con-

263 1536 419 1581 fugerunt
442 1536 483 1570 ad
508 1537 603 1570 illum
620 1562 631 1578 ,
656 1537 907 1581 &postularunt
920 1537 1006 1571 duo:
1035 1537 1157 1573 Defen-

265 1587 391 1620 sionem
403 1584 610 1622 orthodoxae
621 1586 698 1620 fidei
713 1611 724 1627 ,
751 1587 784 1621 δε
797 1587 1035 1622 observantiam
1047 1588 1156 1622 Sacro·

265 1646 340 1670 rum
350 1636 551 1669 Canonum.
579 1636 815 1671 Defenfionem
829 1638 908 1671 fidei
918 1634 1032 1672 cohtra
1056 1636 1157 1679 Euty-

259 1685 395 1721 chetem
419 1686 453 1720 &
465 1685 533 1728 ejus
543 1686 732 1730 Complices
742 1710 753 1727 ‚
780 1698 863 1730 quos
882 1687 948 1730 jam
961 1687 1044 1734 olim
1056 1686 1160 1720 Patri-

263 1735 361 1776 archa
387 1737 544 1771 Domnus
566 1746 606 1770 ex
626 1736 729 1770 firmis
753 1736 980 1771 fundamentis
995 1737 1156 1771 accusave-

261 1797 313 1823 rat
325 1810 337 1827 ‚
364 1787 398 1820 &
419 1797 503 1829 quos
526 1796 616 1820 nunc
629 1785 805 1829 adjuvabat
823 1787 1020 1828 Dioscorus;
1049 1787 1156 1821 Cano-

261 1847 346 1872 num
371 1834 612 1870 observantiam
634 1843 752 1870 contra
775 1834 916 1869 eundem
933 1835 1156 1876 Dioscorum,

261 1887 322 1932 qui
338 1887 464 1920 sextum
479 1885 657 1919 Nicaenum
670 1884 845 1921 Cauonem
872 1885 1022 1928 spernens
1034 1895 1155 1919 exerce·

262 1938 320 1974 bat
341 1935 576 1980 Tyrannidem
601 1935 636 1968 in
659 1935 865 1970 orientalem
889 1935 1085 1969 Dioecesim.
1114 1935 1157 1970 Et

263 1987 403 2023 Sanetus
417 1985 592 2019 Flavianus
603 1984 729 2018 admifit
742 1995 872 2027 preceS‚
897 1984 932 2020 &
955 1983 1082 2020 addixit
1105 1996 1157 2027 pa-

263 2034 447 2072 trocinium
458 2059 465 2066 .
497 2032 632 2068 Etenim
645 2031 813 2076 Eutyches
824 2034 976 2075 quotidie
988 2033 1086 2066 fiebat
1096 2035 1156 2068 sus—

265 2085 390 2133 peetior
414 2095 452 2119 ac
473 2082 765 2125 manifestior-2&
792 2081 925 2116 Eusebii
949 2081 1141 2125 Doryleenfi

266 2135 426 2180 Episcopi
456 2131 607 2168 adversus
628 2143 704 2166 eum
727 2131 886 2166 clamores
905 2129 1058 2166 videntur
1078 2141 1157 2166 tunc
1182 2130 1195 2143 Χ

265 2184 444 2229 incepisse.
470 2182 570 2218 Certe
592 2183 701 2217 Sansti
713 2182 865 2216 Flaviani
886 2190 1000 2218 contra
1014 2192 1092 2216 eum
1101 2182 1157 2225 Sy-

265 2236 375 2272 nodus
399 2232 446 2267 est
468 2232 532 2266 isto
555 2232 626 2274 ipso
648 2241 739 2265 anno
759 2232 865 2271 fasta,
891 2231 946 2266 die
969 2232 1062 2266 sexto
1081 2231 1157 2266 Idus

266 2282 489 2321 Novembris.
517 2281 636 2316 Novus
648 2280 750 2326 igitur
762 2278 992 2322 haeresiarcha,
1012 2280 1053 2317 ad
1064 2282 1157 2317 suum

266 2332 491 2372 Patriarcham
515 2341 583 2366 non
608 2330 731 2367 habens
757 2331 941 2378 refugium,
971 2331 1156 2372 recurritad

267 2387 435 2431 Magnum
459 2384 608 2419 Leonem
631 2380 829 2419 Pontificem
851 2406 862 2423 ,
890 2382 1072 2418 lamentans
1092 2383 1158 2418 Ne-

274 2436 452 2471 ssorianam
477 2432 619 2467 haeresim
641 2432 660 2466 ὲ
681 2431 874 2476 quibusdam
885 2432 1087 2468 resuscitari.-
1115 2433 1158 2467 Et

270 2487 432 2531 resurgere
456 2507 463 2515 .
492 2483 546 2518 Ex
566 2482 618 2518 his
645 2482 736 2518 vides
760 2482 866 2527 ipsum
889 2483 988 2517 etiam
1008 2483 1159 2518 adversus

269 2538 410 2585 primam
423 2534 554 2569 Domni
566 2533 810 2573 accusationem
820 2533 1007 2568 nullatenus
1017 2534 1156 2570 tacuisse.

322 2587 367 2621 Et
389 2585 474 2620 inter
497 2583 576 2617 istos
596 2582 854 2617 Resuscitatores
873 2593 942 2616 non
964 2582 1031 2617 fine
1043 2584 1158 2618 funda·

272 2646 388 2675 mento
411 2633 592 2670 numeravit
613 2631 868 2669 Theodoretum
891 2657 898 2667 .
925 2632 996 2666 Hic
1017 2643 1159 2677 namque

273 2687 463 2724 Diodorum
489 2695 528 2719 ac
548 2681 771 2718 Theodorum
792 2682 1040 2727 pertinaciffime
1050 2682 1160 2718 defen·

278 2737 378 2774 debat
390 2762 400 2777 ,
427 2733 577 2770 &Sansti
592 2732 720 2777 Cyrilli
743 2744 857 2768 contra
869 2732 1013 2776 ipsorum
1024 2733 1160 2779 dogma·

278 2798 313 2823 ta
325 2787 424 2821 libros
435 2787 628 2821 refutaverat
643 2801 653 2816 .=
678 2783 726 2817 Ita
738 2783 805 2826 ipse
818 2783 986 2827 profitetur
997 2783 1031 2818 δε
1042 2784 1161 2828 gloria-

277 2848 331 2873 tur
343 2838 377 2871 in
392 2833 638 2881 supra-adductis
650 2833 767 2868 litteris
777 2833 818 2867 ad
830 2833 1077 2878 IrenaeumTyri
1087 2833 1163 2878 Epi·

278 2890 414 2931 :scopum
427 2900 434 2920 ε
464 2887 506 2921 Et
519 2885 653 2920 istorum
668 2883 825 2920 librorum
838 2884 1020 2927 fragmenta
1033 2883 1161 2919 exstant

281 2937 317 2972 in
330 2936 418 2971 Astis
431 2936 538 2981 quinti
550 2934 698 2970 Concilii
712 2958 718 2966 .
748 2934 793 2968 Et
804 2942 919 2968 contra
930 2933 1007 2968 istos
1022 2934 1164 2969 Errones

282 2986 413 3021 tandem
424 2986 586 3022 emanavit
599 2985 652 3021 lex
664 3010 675 3026 ‚
688 2996 751 3028 qua
759 2983 943 3028 Imperator
953 2982 1165 3019 Theodosius

283 3037 392 3071 datam
415 3036 566 3076 adversus
589 3035 735 3070 Nestorii
756 3034 880 3077 Scripta
900 3034 1006 3077 legem
1016 3035 1164 3070 extendit

284 3088 384 3120 etiarn
407 3088 446 3121 ad
461 3087 602 3121 Diodori
627 3096 664 3120 ac
675 3083 853 3119 Theodori
875 3084 1019 3126 Scripta,
1046 3085 1080 3118 δε
1098 3083 1164 3129 ipsa

290 3134 490 3180 ubicumque
522 3146 641 3180 reperta
664 3136 749 3179 juffit
768 3133 861 3169 exuri
882 3159 889 3165 .
917 3133 987 3167 Lex
1006 3133 1108 3169 exstat
1130 3136 1164 3169 in

286 3186 406 3225 quinto
430 3187 587 3220 Concilio
610 3210 617 3217 .
644 3185 807 3231 Qaeritur
835 3184 903 3227 ejus
925 3191 1054 3227 tempus
1079 3210 1086 3216 .
1112 3186 1166 3219 Et·

288 3232 380 3266 enim
399 3233 546 3268 adversus
571 3233 825 3269 Theodoretum
839 3234 964 3267 exstant
988 3235 1048 3267 tria
1061 3235 1167 3279 Regia

289 3280 405 3322 Edista
418 3306 424 3312 .
454 3281 600 3317 Primum
611 3283 656 3317 est
669 3284 747 3318 illud
758 3283 990 3326 circumscripti
1006 3283 1090 3318 intra
1104 3285 1171 3329 Cy·

290 3331 414 3372 pensem
437 3330 603 3366 civitatem
623 3332 1030 3370 exiliiCommonitorium
1043 3358 1053 3373 ‚
1079 3335 1168 3377 quod

294 3379 472 3434 Imperator
482 3379 691 3416 Theodosius
701 3385 828 3435 propria
839 3394 939 3420 manu
956 3382 1169 3430 subscriptum

1230 338 1356 371 mihtiae
1376 337 1571 383 Magistrum
1591 340 1786 383 jux-{tulisti
1805 344 1840 378 in
1850 346 2100 381 executionem

1227 390 1376 431 ,Quoniam
1388 389 1436 422 ille
1456 390 1534 423 illius
1555 393 1689 427 civitatis
1699 390 1860 435 Bfflfiwut
1869 396 1975 436 affidua‘
1987 407 2104 441 congre-

1221 448 1277 483 gat
1288 440 1412 485 Synodus
1426 464 1437 480 ,
1461 440 1619 483 turbatque
1640 452 1675 475 ea
1696 452 1746 475 res
1757 442 1959 488 orthodoxos,
1988 448 2029 480 da
2040 454 2102 489 ope-

1225 501 1292 523 ram
1301 495 1468 533 &agrigenti
1480 492 1675 526 moderatione
1687 502 1721 524 ac
1728 493 1895 534 prudentia
1904 518 1916 535 ,
1939 505 1973 529 ut
1978 502 2011 531 is
2030 501 2104 536 cyro

1220 538 1254 582 se
1274 546 1421 575 contineat
1432 564 1444 581 ,
1470 552 1521 575 mc
1539 542 1584 574 ad
1601 545 1694 576 altam
1714 547 1869 576 civitatem
1882 543 2082 588 proficissaetur
2095 571 2103 580 .
2123 568 2143 598 Ε
2169 569 2275 604 7930,

1225 588 1413 625 Videantur
1432 589 1501 632 ejus
1510 592 1625 626 litterae
1636 593 1678 627 ad
1691 591 1888 628 Anatolium
1900 594 2100 638 Patricium,

1225 638 1265 672 ad
1288 639 1501 675 Eutrechium
1526 641 1711 676 Praefestum
1731 667 1742 684 ,
1769 643 1804 676 &
1827 642 1868 678 ad
1895 644 1978 679 alios
1995 669 2003 677 .
2029 645 2106 681 lstas

1225 689 1367 724 turbidas
1389 691 1543 733 Synodus
1562 691 1706 738 agitabat
1729 692 1786 727 sub
1809 693 1948 730 Domno
1968 695 2108 730 Patriar-

1225 739 1286 773 cha
1309 750 1368 783 pro
1389 742 1555 777 Dioscoro
1567 755 1605 777 ac
1616 743 1823 778 Theodoro:
1851 744 1974 780 Earum
1993 746 2059 790 ipse
2069 756 2108 781 os
2127 758 2209 798 Epist.
2231 759 2279 795 33,

1224 790 1255 823 &
1278 790 1410 834 lingua.
1438 791 1506 825 Ad>
1520 793 1719 828 Dioscorum
1741 794 1951 830 Alexandria
1971 795 2110 831 Patriar-

1224 839 1320 877 cham
1342 838 1450 880 scribit
1475 851 1555 876 tunc
1569 840 1707 878 ‘fluxisse
1729 845 1900 888 septimum
1912 846 2109 880 Domnian·

1226 901 1320 924 num.
1350 889 1428 924 Erat
1449 891 1539 926 istius
1551 893 1654 926 saeculi
1666 904 1771 928 annus
1788 894 2052 940 quadragesimus
2064 896 2108 930 se·

1225 941 1365 983 primus.
1394 941 1551 986 lsteipse,
1579 953 1646 986 quo
1667 942 1834 987 Eutyches
1858 946 2110 981 eumaccusa-vit

1224 991 1307 1034 apud
1335 991 1482 1026 Leonem
1510 991 1710 1028 Pontificem
1739 1016 1746 1026 .
1776 994 1928 1038 Epistola¹
1948 996 2039 1030 enim
2065 995 2108 1030 ad

1224 1040 1420 1077 Dioscorum
1439 1041 1568 1076 videtur
1591 1055 1660 1077 non
1680 1044 1738 1076 nisi
1761 1043 1851 1086 lapso
1867 1045 1936 1088 post
1946 1045 2108 1083 inflictum

1224 1090 1362 1123 exilium
1382 1091 1472 1125 an'no
1495 1093 1631 1134 scripta.
1659 1094 1707 1127 Ita
1727 1092 1917 1136 Eutyches,
1941 1096 1998 1138 qui
2021 1094 2108 1139 apud

1224 1139 1376 1172 San&um
1388 1138 1584 1174 Flavianum
1596 1140 1681 1174 nihil
1694 1139 1840 1184 poterat,v
1868 1153 1996 1186 poterat
2006 1145 2110 1181 multa,

1224 1189 1308 1231 apud
1320 1186 1549 1224 Theodosium
1560 1212 1571 1229 ,
1595 1190 1630 1224 ὅ(
1644 1189 1789 1234 sperabat
1799 1191 1900 1231 etiam
1912 1194 2003 1237 posse
2019 1193 2111 1238 apud

1225 1239 1411 1272 Romanam
1426 1239 1619 1274 Ecclefiam.

1277 1288 1380 1322 Aliud
1401 1287 1559 1323 >Edictum
1579 1289 1624 1323 est
1648 1290 1790 1333 ejusdem
1812 1291 1999 1328 Theodosii
2013 1294 2110 1328 Sacra

1223 1338 1336 1380 juffio,
1362 1348 1424 1380 qua
1446 1339 1646 1373 Dioscorum
1665 1340 1893 1378 Patriarcham
1906 1344 2058 1378 evocavit
2067 1343 2112 1378 ad

1225 1389 1296 1421 secu
1303 1387 1402 1421 ndam
1417 1387 1614 1430 Ephesinam
1628 1390 1802 1431 Synodum
1820 1390 1944 1428 habeus
1954 1393 2111 1427 interea-

1224 1447 1310 1471 tera:
1339 1436 1550 1470 Theodoretum
1566 1436 1643 1481 sane*
1664 1439 1844 1483 Eplfhopum
1861 1445 1931 1482 Cyri
1948 1444 2112 1482 civltaetis',

1223 1499 1308 1531 quem
1314 1489 1437 1529 pridem
1439 1489 1575 1533 juffimus
1592 1487 1660 1531 [ιιι
1669 1488 1727 1532 soli
1738 1502 1847 1525 vacare
1858 1491 1993 1534 Ecclefiae
2005 1517 2016 1533 ‚
2037 1491 2112 1536 san·
2183 1534 2187 1536 p

1222 1544 1315 1571 cimus
1337 1549 1397 1571 non
1413 1544 1503 1579 prius
1527 1539 1573 1570 ad
1592 1538 1734 1572 sanc‘lam
1753 1542 1897 1580 synodum
1928 1547 2110 1583 convenire,

1223 1587 1280 1629 nist
1295 1585 1435 1630 universo
1454 1588 1560 1620 Samso
1574 1590 1724 1629 placuerit
1745 1594 1874 1625 concilio
1886 1593 1921 1626 ὑ·
1937 1591 2111 1635 ipsamcon-

1222 1649 1356 1676 currere,
1381 1639 1416 1671 <5
1434 1642 1550 1679 pariter
1573 1640 1718 1683 intereffe.
1746 1641 1805 1675 Est
1827 1641 1903 1676 data
1923 1641 2111 1677 Consulatu

1224 1685 1451 1722 Posthumiani
1483 1688 1517 1722 ἀ
1547 1688 1693 1723 Zenonis
1715 1715 1727 1730 ,
1752 1690 1869 1725 eodem
1889 1703 1981 1727 anno
1999 1715 2012 1732 ,
2034 1703 2111 1736 quo

1223 1738 1355 1772 sanans
1367 1737 1439 1772 Leo
1458 1738 1529 1772 suas
1541 1737 1581 1772 ad
1592 1738 1780 1783 Eutychem
1798 1741 2109 1785 rescripsitlitteras,

1222 1789 1255 1821 &
1276 1799 1342 1831 quo
1368 1788 1501 1822 sanetus
1514 1789 1688 1824 Flavianus
1699 1792 1788 1825 suam
1799 1789 1952 1834 adversus
1966 1791 2111 1828 eundem

1223 1836 1396 1871 celebravit
1408 1838 1582 1881 Syn‘odum
1593 1863 1600 1872 .
1628 1840 1672 1873 Et
1687 1839 1818 1881 quidem
1838 1841 1937 1875 tertio
1947 1839 2111 1876 calendas

1225 1885 1366 1929 Aprilis.
1395 1887 1444 1920 At
1469 1885 1544 1921 vero
1568 1886 1635 1922 haec
1654 1888 1799 1932 Epistola
1810 1889 1884 1924 data
1896 1889 1942 1924 est
1953 1886 2112 1925 Calendis

1224 1936 1312 1979 Junii
1327 1960 1337 1976 ,
1363 1935 1421 1970 ista
1446 1937 1522 1971 vero
1545 1938 1699 1981 Synodus
1717 1941 1818 1984 coepit
1841 1940 1933 1975 sexto
1948 1940 2026 1975 Idus
2037 1940 2112 1975 No*

1224 1985 1366 2020 vembris
1379 2011 1386 2018 .
1412 1985 1517 2021 Porro*
1533 1986 1617 2021 istud
1641 1988 1840 2032 Ephefinum
1853 1990 2032 2024 Concilum
2042 1990 2110 2024 fult

1225 2036 1381 2067 indictum
1405 2034 1445 2068 ad
1458 2038 1698 2072 retra-standum
1710 2039 1798 2073 illius
1812 2039 1939 2083 Synodi
1952 2041 1994 2075 de
2005 2041 2113 2084 Euty·

1223 2080 1318 2116 chete
1343 2082 1525 2126 Judicium.
1553 2087 1648 2120 Hinc
1676 2090 1854 2131 quaeritur,
1879 2091 2052 2133 quomodo
2073 2090 2112 2124 il-

1220 2132 1287 2180 lius
1308 2132 1444 2168 indictio
1456 2133 1550 2178 poffit
1571 2134 1663 2169 istius
1680 2136 1933 2174 celebrationem
1947 2139 2111 2183 praeceffis·

1224 2181 1255 2217 se
1273 2182 1315 2218 ad
1338 2182 1485 2218 medium
1506 2187 1654 2219 annum?
1682 2186 1775 2234 Qin
1788 2188 1822 2221 ἀ
1837 2188 2114 2231 EphefinumLa-

1224 2233 1402 2267 trocinium
1424 2233 1574 2269 scribitur
1601 2234 1720 2270 Aetam
1743 2234 1860 2272 eodem
1878 2248 1969 2272 anno
1979 2238 2114 2284 ‚zsexto

1226 2281 1302 2318 Idus
1323 2282 1463 2328 Augusti
1479 2308 1487 2317 .
1513 2283 1639 2319 Tribus
1655 2286 1815 2322 menfibus
1825 2297 1902 2321 ante
1913 2288 2114 2324 Sancti-Fla-

1225 2333 1314 2370 viani
1337 2333 1529 2376 Synodum.
1562 2334 1685 2368 Eadem
1705 2335 1752 2368 est
1774 2337 1907 2379 quaestio
1925 2337 1966 2372 de
1984 2338 2113 2373 Rescri-

1226 2392 1282 2429 pto
1304 2385 1419 2429 magni
1442 2384 1585 2419 Leonis.
1611 2384 1813 2430 Respondet>
1835 2386 1899 2426 esse
1930 2388 2110 2424 mendum.

1226 2433 1330 2469 Aliud
1342 2435 1454 2470 nescio
1467 2461 1474 2470 .
2028 2439 2030 2441 ’
2044 2457 2050 2477 x

1274 2484 1431 2520 Tettium
1449 2484 1590 2521 edictum
1612 2487 1658 2524 est
1676 2486 1818 2532 ejusdem
1841 2488 2112 2533 PrincipisSacta

1226 2535 1324 2580 Juffio
1335 2559 1346 2577 ,
1372 2547 1436 2580 qua
1450 2537 1605 2579 Ephefini
1616 2538 1787 2572 Latrocini
1815 2537 1897 2572 Asta
1909 2534 2112 2576 confirmans

1225 2585 1378 2620 stabilivit
1398 2585 1497 2618 etiam
1525 2584 1732 2620 Theodoreti
1752 2586 2053 2631 degradationem&
2070 2600 2111 2624 ac

1224 2633 1392 2669 damnavit
1412 2633 1482 2677 ejus
1501 2633 1627 2677 Scripta
1650 2660 1658 2668 .
1687 2635 1818 2680 Nempe
1843 2637 1968 2681 Scripta
1992 2639 2110 2673 contra

1226 2682 1379 2726 Capitula
1400 2682 1510 2717 saneti
1531 2683 1671 2727 cyrilli..
1700 2686 1799 2730 Juffio
1812 2685 1882 2724 dari
1895 2699 1965 2722 non
1978 2687 2088 2732 potuit
2099 2712 2112 2729 ,

1227 2734 1285 2769 nisi
1299 2732 1340 2767 ad
1350 2733 1537 2777 sequentem
1549 2745 1691 2769 annum.
1719 2735 1814 2770 Hinc
1825 2737 1926 2781 igitur
1936 2737 2087 2779 quaemimr
2098 2761 2112 2778 ,

1227 2795 1298 2828 quae
1308 2783 1366 2823 fit,
1386 2783 1520 2827 quando
1538 2783 1612 2818 data
1624 2785 1663 2819 fit
1673 2782 1842 2820 adversum
1852 2785 2065 2824 Theodoreti
2077 2786 2115 2821 li·

1227 2834 1303 2869 bros
1313 2833 1388 2873 lex,
1416 2844 1514 2876 quam
1526 2833 1638 2868 laudat
1648 2835 1764 2878 quinta
1775 2835 1955 2880 Synodus?
2020 2867 2023 2869 .
2043 2851 2045 2853 ·
2074 2856 2076 2858 -

1278 2882 1477 2925 Respondeo
1497 2884 1560 2917 esse
1580 2895 1652 2918 eam
1664 2885 1783 2928 ipsam,
1815 2898 1884 2930 quae
1903 2887 2112 2921 confirmavit

1230 2932 1312 2969 Aeta
1336 2932 1702 2976 EphefiniLatrocinii.
1732 2934 1885 2979 Utraque
1902 2934 2001 2970 habet
2023 2935 2113 2972 idem

1230 2982 1423 3029 prooetnium
1436 3007 1446 3023 ‚
1473 2984 1507 3017 &
1521 2984 1663 3019 eundern
1680 2984 1744 3019 fere
1753 2986 1854 3019 finem
1867 3011 1875 3019 .
1905 2986 2027 3020 Earum
2037 2998 2114 3030 pnae·

1229 3034 1325 3078 cipua
1343 3033 1526 3067 differentia
1549 3034 1619 3075 est,
1646 3035 1736 3078 quod
1759 3035 1918 3079 posterior
1928 3036 2115 3080 praetermit-

1231 3092 1278 3118 tat
1289 3082 1344 3116 illa
1356 3108 1366 3124 ,
1378 3094 1447 3125 quae
1457 3086 1599 3129 tangunt
1608 3085 1762 3120 Sanctum
1771 3085 1967 3120 Flavianum
1977 3109 1997 3126 ‚.
2006 3087 2114 3121 Dora.

1233 3144 1311 3168 num
1331 3132 1585 3168 Antiochenum
1605 3157 1616 3173 ,
1641 3134 1785 3180 aliosque
1805 3136 2038 3171 latrocinaliter
2059 3136 2114 3171 de·

1234 3181 1385 3230 gradatos
1407 3182 1612 3228 Episcopos.
1641 3185 1766 3220 Nescio
1795 3187 1868 3230 quis
1902 3184 2112 3220 Theodoreti

1235 3233 1444 3268 Adversarius
1477 3234 1583 3278 legem
1603 3234 1648 3269 ita
1669 3234 1820 3270 castravit
1839 3259 1851 3276 ,
1877 3236 1912 3273 &
1942 3234 2112 3272 fabricavit

1234 3284 1320 3327 quafi
1342 3283 1535 3328 singularem
1559 3285 1594 3318 in
1607 3283 1876 3320 Theodoretum.
1907 3285 1953 3319 Et
1965 3296 2007 3320 ne
2016 3285 2112 3319 latro·

1234 3332 1348 3368 cinalis
1371 3339 1535 3377 appareret
1557 3359 1568 3375 ,
1596 3335 1817 3370 absciditilla
1836 3360 1848 3375 ,
1873 3346 1943 3377 quae
1963 3342 2055 3381 erant
2073 3332 2110 3366 in

1236 3385 1410 3422 Domuum
1422 3407 1434 3426 ,
1458 3395 1496 3420 ac
1506 3385 1674 3429 praesertim
1686 3385 1725 3421 in¹
1733 3384 1887 3422 Sanstum
1897 3384 2091 3469 Flagrlmum
2101 3406 2112 3422 2

2005 3443 2062 3474 ura
