<?xml version="1.0" encoding="UTF-8"?>
<!DOCTYPE html PUBLIC "-//W3C//DTD XHTML 1.0 Transitional//EN"
    "http://www.w3.org/TR/xhtml1/DTD/xhtml1-transitional.dtd">
<html xmlns="http://www.w3.org/1999/xhtml" xml:lang="en" lang="en">
 <head>
  <title>
</title>
<meta http-equiv="Content-Type" content="text/html;charset=utf-8" />
  <meta name='ocr-system' content='tesseract 3.04.00' />
  <meta name='ocr-capabilities' content='ocr_page ocr_carea ocr_par ocr_line ocrx_word'/>
</head>
<body>
  <div class='ocr_page' id='page_1' title='image "./operaomniastudio07lupuuoft/operaomniastudio07lupuuoft_0401.png"; bbox 0 0 2320 3730; ppageno 0'>
   <div class='ocr_carea' id='block_1_1' title="bbox 919 161 1400 207">
    <p class='ocr_par' dir='ltr' id='par_1_1' title="bbox 919 161 1400 207">
     <span class='ocr_line' id='line_1_1' title="bbox 919 161 1400 207; baseline -0.002 -1"><span class='ocrx_word' id='word_1_1' title='bbox 919 161 1400 207; x_wconf 70' lang='lat' dir='ltr'>vasroLAE.</span> 
     </span>
    </p>
   </div>
   <div class='ocr_carea' id='block_1_2' title="bbox 245 243 1131 387">
    <p class='ocr_par' dir='ltr' id='par_1_2' title="bbox 245 243 1131 387">
     <span class='ocr_line' id='line_1_2' title="bbox 245 243 1131 286; baseline 0.003 -8"><span class='ocrx_word' id='word_1_2' title='bbox 245 251 353 278; x_wconf 70' lang='lat' dir='ltr'>omne</span> <span class='ocrx_word' id='word_1_3' title='bbox 369 243 515 286; x_wconf 74' lang='lat' dir='ltr'>respuere</span> <span class='ocrx_word' id='word_1_4' title='bbox 528 262 540 283; x_wconf 88' lang='lat'><em>‚</em></span> <span class='ocrx_word' id='word_1_5' title='bbox 562 244 597 278; x_wconf 78' lang='grc' dir='ltr'>δε</span> <span class='ocrx_word' id='word_1_6' title='bbox 618 243 763 281; x_wconf 83' lang='lat' dir='ltr'>veritatis</span> <span class='ocrx_word' id='word_1_7' title='bbox 786 245 978 281; x_wconf 83' lang='lat' dir='ltr'>testimonio</span> <span class='ocrx_word' id='word_1_8' title='bbox 1002 246 1131 281; x_wconf 87' lang='lat' dir='ltr'>indubi-</span> 
     </span>
     <span class='ocr_line' id='line_1_3' title="bbox 250 292 1130 343; baseline 0.008 -17"><span class='ocrx_word' id='word_1_9' title='bbox 250 301 357 326; x_wconf 82' lang='lat' dir='ltr'>tanter</span> <span class='ocrx_word' id='word_1_10' title='bbox 368 292 472 326; x_wconf 85' lang='lat' dir='ltr'>valeat</span> <span class='ocrx_word' id='word_1_11' title='bbox 483 292 641 330; x_wconf 79' lang='lat' dir='ltr'>adhaerere</span> <span class='ocrx_word' id='word_1_12' title='bbox 653 319 660 326; x_wconf 89' lang='lat'><strong>.</strong></span> <span class='ocrx_word' id='word_1_13' title='bbox 688 296 815 331; x_wconf 87' lang='lat' dir='ltr'>Datum</span> <span class='ocrx_word' id='word_1_14' title='bbox 827 297 945 335; x_wconf 76' lang='lat' dir='ltr'>Romae</span> <span class='ocrx_word' id='word_1_15' title='bbox 953 298 1043 343; x_wconf 84' lang='lat' dir='ltr'>apud</span> <span class='ocrx_word' id='word_1_16' title='bbox 1054 297 1130 333; x_wconf 85' lang='lat' dir='ltr'>San·</span> 
     </span>
     <span class='ocr_line' id='line_1_4' title="bbox 247 341 808 387; baseline 0.007 -11"><span class='ocrx_word' id='word_1_17' title='bbox 247 344 335 377; x_wconf 63' lang='lat' dir='ltr'>&amp;um</span> <span class='ocrx_word' id='word_1_18' title='bbox 344 341 477 380; x_wconf 84' lang='lat' dir='ltr'>Petrum</span> <span class='ocrx_word' id='word_1_19' title='bbox 489 367 501 387; x_wconf 90' lang='lat'>‚</span> <span class='ocrx_word' id='word_1_20' title='bbox 527 342 687 381; x_wconf 84' lang='lat' dir='ltr'>Kalendis</span> <span class='ocrx_word' id='word_1_21' title='bbox 698 346 784 382; x_wconf 84' lang='lat' dir='ltr'>Maii</span> <span class='ocrx_word' id='word_1_22' title='bbox 798 371 808 381; x_wconf 78' lang='lat'><em>.</em></span> 
     </span>
    </p>
   </div>
   <div class='ocr_carea' id='block_1_3' title="bbox 258 463 1126 480">
    <p class='ocr_par' dir='ltr' id='par_1_3' title="bbox 258 463 1126 480">
     <span class='ocr_line' id='line_1_5' title="bbox 258 463 1126 480; baseline 0 3250"><span class='ocrx_word' id='word_1_23' title='bbox 258 463 1126 480; x_wconf 95' lang='lat' dir='ltr'> </span> 
     </span>
    </p>
   </div>
   <div class='ocr_carea' id='block_1_4' title="bbox 339 547 1035 606">
    <p class='ocr_par' dir='ltr' id='par_1_4' title="bbox 339 547 1035 606">
     <span class='ocr_line' id='line_1_6' title="bbox 339 547 1035 606; baseline 0.006 -9"><span class='ocrx_word' id='word_1_24' title='bbox 339 547 883 604; x_wconf 74' lang='lat' dir='ltr'>EPISTOLA</span> <span class='ocrx_word' id='word_1_25' title='bbox 952 559 1035 606; x_wconf 88' lang='lat' dir='ltr'>IV.</span> 
     </span>
    </p>
   </div>
   <div class='ocr_carea' id='block_1_5' title="bbox 234 690 1141 3382">
    <p class='ocr_par' dir='ltr' id='par_1_5' title="bbox 239 690 1141 1826">
     <span class='ocr_line' id='line_1_7' title="bbox 355 690 1141 739; baseline 0.003 -12"><span class='ocrx_word' id='word_1_26' title='bbox 355 690 461 727; x_wconf 73' lang='lat' dir='ltr'>Eteris</span> <span class='ocrx_word' id='word_1_27' title='bbox 481 690 634 728; x_wconf 72' lang='lat' dir='ltr'>amicitiae</span> <span class='ocrx_word' id='word_1_28' title='bbox 657 703 818 729; x_wconf 83' lang='lat' dir='ltr'>memores</span> <span class='ocrx_word' id='word_1_29' title='bbox 839 717 853 733; x_wconf 92' lang='lat'>,</span> <span class='ocrx_word' id='word_1_30' title='bbox 878 693 914 729; x_wconf 68' lang='grc' dir='ltr'>ὅ(</span> <span class='ocrx_word' id='word_1_31' title='bbox 935 693 1002 737; x_wconf 73' lang='lat' dir='ltr'>ejus</span> <span class='ocrx_word' id='word_1_32' title='bbox 1024 694 1141 739; x_wconf 71' lang='lat' dir='ltr'>praei--</span> 
     </span>
     <span class='ocr_line' id='line_1_8' title="bbox 276 741 1128 790; baseline 0.006 -16"><span class='ocrx_word' id='word_1_33' title='bbox 276 780 278 782; x_wconf 42' lang='grc'><strong>,</strong></span> <span class='ocrx_word' id='word_1_34' title='bbox 358 787 360 790; x_wconf 15' lang='lat' dir='ltr'><em>r</em></span> <span class='ocrx_word' id='word_1_35' title='bbox 378 741 462 785; x_wconf 76' lang='lat' dir='ltr'>pue,</span> <span class='ocrx_word' id='word_1_36' title='bbox 488 742 654 787; x_wconf 77' lang='lat' dir='ltr'>quaeinter</span> <span class='ocrx_word' id='word_1_37' title='bbox 674 753 706 778; x_wconf 89' lang='lat' dir='ltr'>te</span> <span class='ocrx_word' id='word_1_38' title='bbox 728 744 762 779; x_wconf 76' lang='grc' dir='ltr'>δι</span> <span class='ocrx_word' id='word_1_39' title='bbox 775 744 870 779; x_wconf 78' lang='lat' dir='ltr'>bonae</span> <span class='ocrx_word' id='word_1_40' title='bbox 889 745 1054 779; x_wconf 82' lang='lat' dir='ltr'>memoriae</span> <span class='ocrx_word' id='word_1_41' title='bbox 1065 744 1128 779; x_wconf 82' lang='lat' dir='ltr'>Pa·</span> 
     </span>
     <span class='ocr_line' id='line_1_9' title="bbox 244 791 1128 838; baseline 0.002 -12"><span class='ocrx_word' id='word_1_42' title='bbox 244 800 329 826; x_wconf 76' lang='lat' dir='ltr'>trem</span> <span class='ocrx_word' id='word_1_43' title='bbox 340 802 448 826; x_wconf 87' lang='lat' dir='ltr'>meum</span> <span class='ocrx_word' id='word_1_44' title='bbox 463 791 567 838; x_wconf 85' lang='lat' dir='ltr'>longo</span> <span class='ocrx_word' id='word_1_45' title='bbox 577 802 722 836; x_wconf 85' lang='lat' dir='ltr'>tempore</span> <span class='ocrx_word' id='word_1_46' title='bbox 732 793 840 829; x_wconf 85' lang='lat' dir='ltr'>stabili</span> <span class='ocrx_word' id='word_1_47' title='bbox 863 793 1019 830; x_wconf 83' lang='lat' dir='ltr'>firmitate</span> <span class='ocrx_word' id='word_1_48' title='bbox 1036 794 1128 829; x_wconf 89' lang='lat' dir='ltr'>dura-</span> 
     </span>
     <span class='ocr_line' id='line_1_10' title="bbox 246 840 1125 886; baseline 0.002 -12"><span class='ocrx_word' id='word_1_49' title='bbox 246 842 296 874; x_wconf 75' lang='lat' dir='ltr'>vit</span> <span class='ocrx_word' id='word_1_50' title='bbox 321 862 337 880; x_wconf 65' lang='lat'><em>2</em></span> <span class='ocrx_word' id='word_1_51' title='bbox 359 840 500 886; x_wconf 80' lang='lat' dir='ltr'>dignum</span> <span class='ocrx_word' id='word_1_52' title='bbox 525 842 679 878; x_wconf 84' lang='lat' dir='ltr'>duximus</span> <span class='ocrx_word' id='word_1_53' title='bbox 715 843 876 880; x_wconf 77' lang='lat' dir='ltr'>Nobilem</span> <span class='ocrx_word' id='word_1_54' title='bbox 913 843 1125 879; x_wconf 73' lang='lat' dir='ltr'>prudentiam</span> 
     </span>
     <span class='ocr_line' id='line_1_11' title="bbox 245 889 1127 937; baseline 0.003 -13"><span class='ocrx_word' id='word_1_55' title='bbox 245 899 339 925; x_wconf 67' lang='lat' dir='ltr'>suam</span> <span class='ocrx_word' id='word_1_56' title='bbox 361 889 453 925; x_wconf 83' lang='lat' dir='ltr'>Sedis</span> <span class='ocrx_word' id='word_1_57' title='bbox 475 891 675 937; x_wconf 78' lang='lat' dir='ltr'>Apostolicae</span> <span class='ocrx_word' id='word_1_58' title='bbox 695 892 811 927; x_wconf 86' lang='lat' dir='ltr'>litteris</span> <span class='ocrx_word' id='word_1_59' title='bbox 832 893 979 934; x_wconf 83' lang='lat' dir='ltr'>visitare,</span> <span class='ocrx_word' id='word_1_60' title='bbox 1004 894 1038 927; x_wconf 76' lang='grc' dir='ltr'>δι</span> <span class='ocrx_word' id='word_1_61' title='bbox 1055 902 1127 926; x_wconf 89' lang='lat' dir='ltr'>mu-</span> 
     </span>
     <span class='ocr_line' id='line_1_12' title="bbox 245 940 1124 988; baseline 0.003 -15"><span class='ocrx_word' id='word_1_62' title='bbox 245 948 309 974; x_wconf 72' lang='lat' dir='ltr'>tuoe</span> <span class='ocrx_word' id='word_1_63' title='bbox 327 940 507 977; x_wconf 64' lang='lat' dir='ltr'>affectionis</span> <span class='ocrx_word' id='word_1_64' title='bbox 529 942 650 978; x_wconf 75' lang='lat' dir='ltr'>foedera</span> <span class='ocrx_word' id='word_1_65' title='bbox 670 942 783 987; x_wconf 77' lang='lat' dir='ltr'>dignis</span> <span class='ocrx_word' id='word_1_66' title='bbox 802 941 1057 988; x_wconf 75' lang='lat' dir='ltr'>allegationibus</span> <span class='ocrx_word' id='word_1_67' title='bbox 1079 942 1124 976; x_wconf 88' lang='lat' dir='ltr'>in-</span> 
     </span>
     <span class='ocr_line' id='line_1_13' title="bbox 245 990 1122 1038; baseline 0.003 -15"><span class='ocrx_word' id='word_1_68' title='bbox 245 1001 370 1026; x_wconf 83' lang='lat' dir='ltr'>novare</span> <span class='ocrx_word' id='word_1_69' title='bbox 379 1014 388 1023; x_wconf 90' lang='lat'><em>.</em></span> <span class='ocrx_word' id='word_1_70' title='bbox 415 991 642 1038; x_wconf 71' lang='lat' dir='ltr'><strong>Quamobrem</strong></span> <span class='ocrx_word' id='word_1_71' title='bbox 653 992 781 1035; x_wconf 73' lang='lat' dir='ltr'>quanto</span> <span class='ocrx_word' id='word_1_72' title='bbox 789 1002 822 1028; x_wconf 89' lang='lat' dir='ltr'>te</span> <span class='ocrx_word' id='word_1_73' title='bbox 833 992 950 1028; x_wconf 65' lang='lat' dir='ltr'>actius</span> <span class='ocrx_word' id='word_1_74' title='bbox 956 990 1122 1027; x_wconf 86' lang='lat' dir='ltr'>charitatis</span> 
     </span>
     <span class='ocr_line' id='line_1_14' title="bbox 245 1037 1123 1087; baseline 0.003 -14"><span class='ocrx_word' id='word_1_75' title='bbox 245 1037 390 1073; x_wconf 82' lang='lat' dir='ltr'>brachiis</span> <span class='ocrx_word' id='word_1_76' title='bbox 407 1040 558 1081; x_wconf 65' lang='lat' dir='ltr'>cupimus</span> <span class='ocrx_word' id='word_1_77' title='bbox 577 1039 754 1082; x_wconf 84' lang='lat' dir='ltr'>amplexari</span> <span class='ocrx_word' id='word_1_78' title='bbox 777 1064 788 1081; x_wconf 89' lang='lat'>‚</span> <span class='ocrx_word' id='word_1_79' title='bbox 815 1040 909 1077; x_wconf 70' lang='lat' dir='ltr'>tanto</span> <span class='ocrx_word' id='word_1_80' title='bbox 930 1041 1123 1087; x_wconf 76' lang='lat' dir='ltr'>diligentius</span> 
     </span>
     <span class='ocr_line' id='line_1_15' title="bbox 245 1086 1124 1137; baseline 0.003 -14"><span class='ocrx_word' id='word_1_81' title='bbox 245 1087 288 1123; x_wconf 81' lang='lat' dir='ltr'>de</span> <span class='ocrx_word' id='word_1_82' title='bbox 311 1086 394 1122; x_wconf 85' lang='lat' dir='ltr'>statu</span> <span class='ocrx_word' id='word_1_83' title='bbox 417 1086 579 1123; x_wconf 83' lang='lat' dir='ltr'>Rotnanae</span> <span class='ocrx_word' id='word_1_84' title='bbox 600 1089 751 1124; x_wconf 81' lang='lat' dir='ltr'>Ecclefiae</span> <span class='ocrx_word' id='word_1_85' title='bbox 771 1113 783 1131; x_wconf 84' lang='lat'>,</span> <span class='ocrx_word' id='word_1_86' title='bbox 811 1092 865 1124; x_wconf 90' lang='lat' dir='ltr'>seu</span> <span class='ocrx_word' id='word_1_87' title='bbox 883 1091 923 1125; x_wconf 89' lang='lat' dir='ltr'>de</span> <span class='ocrx_word' id='word_1_88' title='bbox 944 1090 996 1126; x_wconf 88' lang='lat' dir='ltr'>his</span> <span class='ocrx_word' id='word_1_89' title='bbox 1016 1117 1027 1133; x_wconf 88' lang='lat'><strong>,</strong></span> <span class='ocrx_word' id='word_1_90' title='bbox 1053 1104 1124 1137; x_wconf 82' lang='lat' dir='ltr'>quae</span> 
     </span>
     <span class='ocr_line' id='line_1_16' title="bbox 244 1138 1126 1180; baseline 0.009 -11"><span class='ocrx_word' id='word_1_91' title='bbox 244 1147 346 1180; x_wconf 78' lang='lat' dir='ltr'>penes</span> <span class='ocrx_word' id='word_1_92' title='bbox 368 1147 430 1172; x_wconf 78' lang='lat' dir='ltr'>nos</span> <span class='ocrx_word' id='word_1_93' title='bbox 446 1138 521 1172; x_wconf 88' lang='lat' dir='ltr'>sunt</span> <span class='ocrx_word' id='word_1_94' title='bbox 542 1139 609 1172; x_wconf 70' lang='lat' dir='ltr'>asta</span> <span class='ocrx_word' id='word_1_95' title='bbox 622 1163 633 1179; x_wconf 88' lang='lat'><em>,</em></span> <span class='ocrx_word' id='word_1_96' title='bbox 661 1139 840 1175; x_wconf 80' lang='lat' dir='ltr'>litterarum</span> <span class='ocrx_word' id='word_1_97' title='bbox 853 1141 1032 1176; x_wconf 81' lang='lat' dir='ltr'>nostrarum</span> <span class='ocrx_word' id='word_1_98' title='bbox 1048 1143 1126 1177; x_wconf 90' lang='lat' dir='ltr'>serie</span> 
     </span>
     <span class='ocr_line' id='line_1_17' title="bbox 244 1186 1124 1227; baseline 0.01 -9"><span class='ocrx_word' id='word_1_99' title='bbox 244 1186 429 1223; x_wconf 72' lang='lat' dir='ltr'>Dilcstioni</span> <span class='ocrx_word' id='word_1_100' title='bbox 451 1197 514 1224; x_wconf 80' lang='lat' dir='ltr'>tuae</span> <span class='ocrx_word' id='word_1_101' title='bbox 544 1188 695 1223; x_wconf 88' lang='lat' dir='ltr'>intimare</span> <span class='ocrx_word' id='word_1_102' title='bbox 718 1191 903 1225; x_wconf 80' lang='lat' dir='ltr'>curavimus</span> <span class='ocrx_word' id='word_1_103' title='bbox 926 1218 933 1224; x_wconf 94' lang='lat'><em>.</em></span> <span class='ocrx_word' id='word_1_104' title='bbox 968 1193 1124 1227; x_wconf 87' lang='lat' dir='ltr'>Obeunte</span> 
     </span>
     <span class='ocr_line' id='line_1_18' title="bbox 243 1235 1126 1285; baseline 0.007 -14"><span class='ocrx_word' id='word_1_105' title='bbox 243 1235 404 1281; x_wconf 63' lang='lat' dir='ltr'>siquidem</span> <span class='ocrx_word' id='word_1_106' title='bbox 425 1237 484 1280; x_wconf 70' lang='lat' dir='ltr'>piar</span> <span class='ocrx_word' id='word_1_107' title='bbox 503 1239 670 1274; x_wconf 86' lang='lat' dir='ltr'>memoriae</span> <span class='ocrx_word' id='word_1_108' title='bbox 693 1238 780 1283; x_wconf 82' lang='lat' dir='ltr'>Papa</span> <span class='ocrx_word' id='word_1_109' title='bbox 802 1240 959 1275; x_wconf 83' lang='lat' dir='ltr'>Honorio</span> <span class='ocrx_word' id='word_1_110' title='bbox 978 1267 991 1285; x_wconf 84' lang='lat'>‚</span> <span class='ocrx_word' id='word_1_111' title='bbox 1015 1244 1126 1277; x_wconf 77' lang='lat' dir='ltr'>statres</span> 
     </span>
     <span class='ocr_line' id='line_1_19' title="bbox 244 1285 1128 1335; baseline 0.006 -13"><span class='ocrx_word' id='word_1_112' title='bbox 244 1287 347 1322; x_wconf 83' lang='lat' dir='ltr'>nostri</span> <span class='ocrx_word' id='word_1_113' title='bbox 360 1285 571 1330; x_wconf 62' lang='lat' dir='ltr'>ominales,</span> <span class='ocrx_word' id='word_1_114' title='bbox 597 1289 1026 1335; x_wconf 84' lang='lat' dir='ltr'>Presbyteri&amp;Diacones,</span> <span class='ocrx_word' id='word_1_115' title='bbox 1051 1303 1128 1327; x_wconf 90' lang='lat' dir='ltr'>cum</span> 
     </span>
     <span class='ocr_line' id='line_1_20' title="bbox 243 1336 1125 1386; baseline 0.009 -16"><span class='ocrx_word' id='word_1_116' title='bbox 243 1337 342 1373; x_wconf 76' lang='lat' dir='ltr'>omui</span> <span class='ocrx_word' id='word_1_117' title='bbox 364 1336 465 1372; x_wconf 87' lang='lat' dir='ltr'>Clero</span> <span class='ocrx_word' id='word_1_118' title='bbox 487 1338 644 1374; x_wconf 82' lang='lat' dir='ltr'>Romano</span> <span class='ocrx_word' id='word_1_119' title='bbox 664 1365 675 1379; x_wconf 93' lang='lat'>,</span> <span class='ocrx_word' id='word_1_120' title='bbox 699 1350 876 1384; x_wconf 81' lang='lat' dir='ltr'>expetente</span> <span class='ocrx_word' id='word_1_121' title='bbox 896 1342 1026 1386; x_wconf 87' lang='lat' dir='ltr'>Populo</span> <span class='ocrx_word' id='word_1_122' title='bbox 1051 1368 1063 1383; x_wconf 90' lang='lat'>‚</span> <span class='ocrx_word' id='word_1_123' title='bbox 1091 1344 1125 1377; x_wconf 73' lang='lat' dir='ltr'>«Sc</span> 
     </span>
     <span class='ocr_line' id='line_1_21' title="bbox 244 1385 1126 1432; baseline 0.008 -11"><span class='ocrx_word' id='word_1_124' title='bbox 244 1385 406 1423; x_wconf 83' lang='lat' dir='ltr'>indefeffis</span> <span class='ocrx_word' id='word_1_125' title='bbox 437 1388 575 1424; x_wconf 86' lang='lat' dir='ltr'>vocibus</span> <span class='ocrx_word' id='word_1_126' title='bbox 610 1389 777 1426; x_wconf 80' lang='lat' dir='ltr'>infistente</span> <span class='ocrx_word' id='word_1_127' title='bbox 802 1415 814 1432; x_wconf 91' lang='lat'><strong>,</strong></span> <span class='ocrx_word' id='word_1_128' title='bbox 845 1392 1126 1430; x_wconf 78' lang='lat' dir='ltr'>consentientibus</span> 
     </span>
     <span class='ocr_line' id='line_1_22' title="bbox 245 1436 1125 1484; baseline 0.005 -12"><span class='ocrx_word' id='word_1_129' title='bbox 245 1437 348 1472; x_wconf 85' lang='lat' dir='ltr'>etiam</span> <span class='ocrx_word' id='word_1_130' title='bbox 366 1436 460 1480; x_wconf 84' lang='lat' dir='ltr'>juxta</span> <span class='ocrx_word' id='word_1_131' title='bbox 476 1447 623 1474; x_wconf 88' lang='lat' dir='ltr'>tenorem</span> <span class='ocrx_word' id='word_1_132' title='bbox 635 1439 815 1476; x_wconf 87' lang='lat' dir='ltr'>Canonum</span> <span class='ocrx_word' id='word_1_133' title='bbox 836 1442 1023 1478; x_wconf 87' lang='lat' dir='ltr'>Honoratis</span> <span class='ocrx_word' id='word_1_134' title='bbox 1035 1468 1046 1484; x_wconf 93' lang='lat'>,</span> <span class='ocrx_word' id='word_1_135' title='bbox 1072 1443 1125 1477; x_wconf 91' lang='lat' dir='ltr'>de-</span> 
     </span>
     <span class='ocr_line' id='line_1_23' title="bbox 248 1486 1126 1534; baseline 0.007 -13"><span class='ocrx_word' id='word_1_136' title='bbox 248 1486 336 1521; x_wconf 86' lang='lat' dir='ltr'>votis</span> <span class='ocrx_word' id='word_1_137' title='bbox 356 1486 499 1528; x_wconf 84' lang='lat' dir='ltr'>animis,</span> <span class='ocrx_word' id='word_1_138' title='bbox 523 1489 556 1524; x_wconf 76' lang='grc' dir='ltr'>δε</span> <span class='ocrx_word' id='word_1_139' title='bbox 575 1489 749 1527; x_wconf 60' lang='lat' dir='ltr'>affectione</span> <span class='ocrx_word' id='word_1_140' title='bbox 773 1492 924 1527; x_wconf 86' lang='lat' dir='ltr'>unanimi</span> <span class='ocrx_word' id='word_1_141' title='bbox 946 1517 957 1534; x_wconf 94' lang='lat'>‚</span> <span class='ocrx_word' id='word_1_142' title='bbox 984 1493 1126 1527; x_wconf 88' lang='lat' dir='ltr'>invitum</span> 
     </span>
     <span class='ocr_line' id='line_1_24' title="bbox 247 1536 1125 1587; baseline 0.007 -17"><span class='ocrx_word' id='word_1_143' title='bbox 247 1548 302 1571; x_wconf 86' lang='lat' dir='ltr'>me</span> <span class='ocrx_word' id='word_1_144' title='bbox 317 1562 326 1577; x_wconf 90' lang='lat'>‚</span> <span class='ocrx_word' id='word_1_145' title='bbox 350 1536 384 1571; x_wconf 73' lang='grc' dir='ltr'>δε</span> <span class='ocrx_word' id='word_1_146' title='bbox 397 1536 518 1572; x_wconf 85' lang='lat' dir='ltr'>viribus</span> <span class='ocrx_word' id='word_1_147' title='bbox 538 1540 694 1584; x_wconf 86' lang='lat' dir='ltr'>imparem</span> <span class='ocrx_word' id='word_1_148' title='bbox 708 1542 916 1577; x_wconf 81' lang='lat' dir='ltr'>concorditer</span> <span class='ocrx_word' id='word_1_149' title='bbox 935 1542 1104 1587; x_wconf 84' lang='lat' dir='ltr'>elegerunt</span> <span class='ocrx_word' id='word_1_150' title='bbox 1115 1567 1125 1583; x_wconf 92' lang='lat'><strong>,</strong></span> 
     </span>
     <span class='ocr_line' id='line_1_25' title="bbox 246 1586 1125 1629; baseline 0.009 -10"><span class='ocrx_word' id='word_1_151' title='bbox 246 1586 448 1628; x_wconf 67' lang='lat' dir='ltr'>electumque</span> <span class='ocrx_word' id='word_1_152' title='bbox 457 1589 569 1629; x_wconf 75' lang='lat' dir='ltr'>postea</span> <span class='ocrx_word' id='word_1_153' title='bbox 580 1590 772 1624; x_wconf 76' lang='lat' dir='ltr'>venerabilis</span> <span class='ocrx_word' id='word_1_154' title='bbox 783 1593 881 1625; x_wconf 84' lang='lat' dir='ltr'>frater</span> <span class='ocrx_word' id='word_1_155' title='bbox 890 1591 998 1625; x_wconf 81' lang='lat' dir='ltr'>noster</span> <span class='ocrx_word' id='word_1_156' title='bbox 1010 1592 1125 1627; x_wconf 86' lang='lat' dir='ltr'>Petrus</span> 
     </span>
     <span class='ocr_line' id='line_1_26' title="bbox 246 1634 1129 1681; baseline 0.007 -11"><span class='ocrx_word' id='word_1_157' title='bbox 246 1634 436 1672; x_wconf 81' lang='lat' dir='ltr'>Portuenfis</span> <span class='ocrx_word' id='word_1_158' title='bbox 458 1637 640 1681; x_wconf 83' lang='lat' dir='ltr'>Episcopus</span> <span class='ocrx_word' id='word_1_159' title='bbox 658 1663 669 1678; x_wconf 93' lang='lat'><em>,</em></span> <span class='ocrx_word' id='word_1_160' title='bbox 697 1641 974 1675; x_wconf 86' lang='lat' dir='ltr'>convenientibus</span> <span class='ocrx_word' id='word_1_161' title='bbox 997 1642 1129 1676; x_wconf 87' lang='lat' dir='ltr'>diversa·</span> 
     </span>
     <span class='ocr_line' id='line_1_27' title="bbox 247 1686 1128 1731; baseline 0.005 -9"><span class='ocrx_word' id='word_1_162' title='bbox 247 1697 322 1722; x_wconf 81' lang='lat' dir='ltr'>rum</span> <span class='ocrx_word' id='word_1_163' title='bbox 336 1686 530 1731; x_wconf 82' lang='lat' dir='ltr'>Regionum</span> <span class='ocrx_word' id='word_1_164' title='bbox 542 1687 729 1731; x_wconf 84' lang='lat' dir='ltr'>Episcopis,</span> <span class='ocrx_word' id='word_1_165' title='bbox 755 1690 797 1723; x_wconf 89' lang='lat' dir='ltr'>ad</span> <span class='ocrx_word' id='word_1_166' title='bbox 807 1690 921 1725; x_wconf 81' lang='lat' dir='ltr'>Altare</span> <span class='ocrx_word' id='word_1_167' title='bbox 934 1692 1027 1726; x_wconf 83' lang='lat' dir='ltr'>Beati</span> <span class='ocrx_word' id='word_1_168' title='bbox 1041 1692 1128 1727; x_wconf 88' lang='lat' dir='ltr'>Petri</span> 
     </span>
     <span class='ocr_line' id='line_1_28' title="bbox 246 1736 1128 1777; baseline 0.006 -5"><span class='ocrx_word' id='word_1_169' title='bbox 246 1736 308 1772; x_wconf 79' lang='lat' dir='ltr'>sub</span> <span class='ocrx_word' id='word_1_170' title='bbox 317 1738 423 1773; x_wconf 88' lang='lat' dir='ltr'>oculis</span> <span class='ocrx_word' id='word_1_171' title='bbox 443 1739 594 1773; x_wconf 89' lang='lat' dir='ltr'>omnium</span> <span class='ocrx_word' id='word_1_172' title='bbox 607 1740 641 1774; x_wconf 88' lang='lat' dir='ltr'>in</span> <span class='ocrx_word' id='word_1_173' title='bbox 654 1738 847 1775; x_wconf 84' lang='lat' dir='ltr'>Romanum</span> <span class='ocrx_word' id='word_1_174' title='bbox 858 1740 1057 1776; x_wconf 86' lang='lat' dir='ltr'>Pontificem</span> <span class='ocrx_word' id='word_1_175' title='bbox 1081 1755 1128 1777; x_wconf 85' lang='lat' dir='ltr'>ce-</span> 
     </span>
     <span class='ocr_line' id='line_1_29' title="bbox 239 1786 650 1826; baseline 0.012 -8"><span class='ocrx_word' id='word_1_176' title='bbox 239 1786 419 1826; x_wconf 63' lang='lat' dir='ltr'>jeberrime</span> <span class='ocrx_word' id='word_1_177' title='bbox 428 1789 630 1824; x_wconf 87' lang='lat' dir='ltr'>consecravit</span> <span class='ocrx_word' id='word_1_178' title='bbox 642 1815 650 1823; x_wconf 91' lang='lat'><strong>.</strong></span> 
     </span>
    </p>

    <p class='ocr_par' dir='ltr' id='par_1_6' title="bbox 234 1837 1134 3382">
     <span class='ocr_line' id='line_1_30' title="bbox 297 1837 1129 1886; baseline 0.007 -15"><span class='ocrx_word' id='word_1_179' title='bbox 297 1837 423 1873; x_wconf 73' lang='lat' dir='ltr'>Verum</span> <span class='ocrx_word' id='word_1_180' title='bbox 436 1838 571 1882; x_wconf 86' lang='lat' dir='ltr'>quidam</span> <span class='ocrx_word' id='word_1_181' title='bbox 587 1840 630 1874; x_wconf 86' lang='lat' dir='ltr'>de</span> <span class='ocrx_word' id='word_1_182' title='bbox 639 1839 790 1875; x_wconf 85' lang='lat' dir='ltr'>fratribus</span> <span class='ocrx_word' id='word_1_183' title='bbox 802 1866 812 1882; x_wconf 88' lang='lat'>‚</span> <span class='ocrx_word' id='word_1_184' title='bbox 840 1841 918 1875; x_wconf 90' lang='lat' dir='ltr'>loco</span> <span class='ocrx_word' id='word_1_185' title='bbox 940 1842 1129 1886; x_wconf 88' lang='lat' dir='ltr'>&amp;tempore</span> 
     </span>
     <span class='ocr_line' id='line_1_31' title="bbox 234 1886 1128 1935; baseline 0.007 -14"><span class='ocrx_word' id='word_1_186' title='bbox 234 1886 389 1929; x_wconf 64' lang='lat' dir='ltr'>novitii,</span> <span class='ocrx_word' id='word_1_187' title='bbox 414 1888 449 1922; x_wconf 69' lang='grc' dir='ltr'>ὅ(</span> <span class='ocrx_word' id='word_1_188' title='bbox 460 1888 639 1931; x_wconf 86' lang='lat' dir='ltr'>pauciffimi</span> <span class='ocrx_word' id='word_1_189' title='bbox 658 1902 817 1932; x_wconf 87' lang='lat' dir='ltr'>numero,</span> <span class='ocrx_word' id='word_1_190' title='bbox 843 1892 1050 1935; x_wconf 88' lang='lat' dir='ltr'>quorundam</span> <span class='ocrx_word' id='word_1_191' title='bbox 1062 1904 1128 1935; x_wconf 88' lang='lat' dir='ltr'>per-</span> 
     </span>
     <span class='ocr_line' id='line_1_32' title="bbox 246 1937 1128 1983; baseline 0.005 -11"><span class='ocrx_word' id='word_1_192' title='bbox 246 1937 390 1972; x_wconf 78' lang='lat' dir='ltr'>fidorum</span> <span class='ocrx_word' id='word_1_193' title='bbox 410 1937 538 1973; x_wconf 81' lang='lat' dir='ltr'>blandis</span> <span class='ocrx_word' id='word_1_194' title='bbox 558 1940 684 1976; x_wconf 82' lang='lat' dir='ltr'>astutiis</span> <span class='ocrx_word' id='word_1_195' title='bbox 706 1941 875 1983; x_wconf 77' lang='lat' dir='ltr'>suffocati,</span> <span class='ocrx_word' id='word_1_196' title='bbox 902 1941 1016 1976; x_wconf 86' lang='lat' dir='ltr'>Altare</span> <span class='ocrx_word' id='word_1_197' title='bbox 1039 1942 1128 1976; x_wconf 90' lang='lat' dir='ltr'>aliud</span> 
     </span>
     <span class='ocr_line' id='line_1_33' title="bbox 246 1987 1126 2035; baseline 0.006 -13"><span class='ocrx_word' id='word_1_198' title='bbox 246 1987 373 2033; x_wconf 86' lang='lat' dir='ltr'>erigere</span> <span class='ocrx_word' id='word_1_199' title='bbox 392 2013 404 2030; x_wconf 91' lang='lat'>‚</span> <span class='ocrx_word' id='word_1_200' title='bbox 428 1989 463 2024; x_wconf 72' lang='lat' dir='ltr'>de</span> <span class='ocrx_word' id='word_1_201' title='bbox 487 1990 659 2025; x_wconf 77' lang='lat' dir='ltr'>anathema</span> <span class='ocrx_word' id='word_1_202' title='bbox 687 1990 819 2035; x_wconf 87' lang='lat' dir='ltr'>Jericho</span> <span class='ocrx_word' id='word_1_203' title='bbox 842 1992 875 2026; x_wconf 89' lang='lat' dir='ltr'>in</span> <span class='ocrx_word' id='word_1_204' title='bbox 900 1993 1126 2027; x_wconf 71' lang='lat' dir='ltr'>Sanctuarium</span> 
     </span>
     <span class='ocr_line' id='line_1_34' title="bbox 247 2038 1132 2087; baseline 0.003 -14"><span class='ocrx_word' id='word_1_205' title='bbox 247 2038 316 2073; x_wconf 83' lang='lat' dir='ltr'>Dei</span> <span class='ocrx_word' id='word_1_206' title='bbox 329 2038 535 2073; x_wconf 76' lang='lat' dir='ltr'>introducere</span> <span class='ocrx_word' id='word_1_207' title='bbox 544 2063 556 2081; x_wconf 88' lang='lat'><strong><em>,</em></strong></span> <span class='ocrx_word' id='word_1_208' title='bbox 581 2041 615 2075; x_wconf 76' lang='grc' dir='ltr'>δε</span> <span class='ocrx_word' id='word_1_209' title='bbox 625 2042 832 2076; x_wconf 77' lang='lat' dir='ltr'>simulacrum</span> <span class='ocrx_word' id='word_1_210' title='bbox 843 2040 976 2087; x_wconf 87' lang='lat' dir='ltr'>Phegor</span> <span class='ocrx_word' id='word_1_211' title='bbox 986 2043 1028 2076; x_wconf 91' lang='lat' dir='ltr'>de</span> <span class='ocrx_word' id='word_1_212' title='bbox 1039 2043 1132 2076; x_wconf 83' lang='lat' dir='ltr'>inau-</span> 
     </span>
     <span class='ocr_line' id='line_1_35' title="bbox 246 2089 1131 2132; baseline 0.002 -10"><span class='ocrx_word' id='word_1_213' title='bbox 246 2089 338 2122; x_wconf 82' lang='lat' dir='ltr'>ribus</span> <span class='ocrx_word' id='word_1_214' title='bbox 349 2089 757 2132; x_wconf 87' lang='lat' dir='ltr'>mulieruminsipientium</span> <span class='ocrx_word' id='word_1_215' title='bbox 777 2092 902 2124; x_wconf 86' lang='lat' dir='ltr'>suntin</span> <span class='ocrx_word' id='word_1_216' title='bbox 926 2092 1067 2125; x_wconf 86' lang='lat' dir='ltr'>tenebris</span> <span class='ocrx_word' id='word_1_217' title='bbox 1089 2092 1131 2124; x_wconf 87' lang='lat' dir='ltr'>fa-</span> 
     </span>
     <span class='ocr_line' id='line_1_36' title="bbox 246 2138 1134 2184; baseline 0.002 -12"><span class='ocrx_word' id='word_1_218' title='bbox 246 2138 517 2172; x_wconf 87' lang='lat' dir='ltr'>bricareconati.</span> <span class='ocrx_word' id='word_1_219' title='bbox 544 2138 607 2174; x_wconf 88' lang='lat' dir='ltr'>Sed</span> <span class='ocrx_word' id='word_1_220' title='bbox 620 2140 957 2183; x_wconf 87' lang='lat' dir='ltr'>Deusomnipotens,</span> <span class='ocrx_word' id='word_1_221' title='bbox 986 2141 1040 2184; x_wconf 88' lang='lat' dir='ltr'>qui</span> <span class='ocrx_word' id='word_1_222' title='bbox 1054 2152 1134 2175; x_wconf 87' lang='lat' dir='ltr'>con-</span> 
     </span>
     <span class='ocr_line' id='line_1_37' title="bbox 247 2186 1132 2231; baseline 0.001 -10"><span class='ocrx_word' id='word_1_223' title='bbox 247 2188 356 2221; x_wconf 83' lang='lat' dir='ltr'>silium</span> <span class='ocrx_word' id='word_1_224' title='bbox 369 2186 538 2221; x_wconf 82' lang='lat' dir='ltr'>Achitofcl</span> <span class='ocrx_word' id='word_1_225' title='bbox 552 2188 725 2221; x_wconf 83' lang='lat' dir='ltr'>infatuavit</span> <span class='ocrx_word' id='word_1_226' title='bbox 739 2212 751 2228; x_wconf 90' lang='lat'><em>,</em></span> <span class='ocrx_word' id='word_1_227' title='bbox 775 2200 889 2222; x_wconf 83' lang='lat' dir='ltr'>eorum</span> <span class='ocrx_word' id='word_1_228' title='bbox 917 2200 1016 2231; x_wconf 83' lang='lat' dir='ltr'>prava</span> <span class='ocrx_word' id='word_1_229' title='bbox 1026 2190 1132 2223; x_wconf 85' lang='lat' dir='ltr'>consi-</span> 
     </span>
     <span class='ocr_line' id='line_1_38' title="bbox 247 2235 1130 2281; baseline 0.001 -10"><span class='ocrx_word' id='word_1_230' title='bbox 247 2236 317 2278; x_wconf 79' lang='lat' dir='ltr'>iia,</span> <span class='ocrx_word' id='word_1_231' title='bbox 343 2237 445 2271; x_wconf 89' lang='lat' dir='ltr'>modo</span> <span class='ocrx_word' id='word_1_232' title='bbox 457 2235 601 2271; x_wconf 70' lang='lat' dir='ltr'>mirabili</span> <span class='ocrx_word' id='word_1_233' title='bbox 610 2237 766 2279; x_wconf 60' lang='lat' dir='ltr'>destruxit.</span> <span class='ocrx_word' id='word_1_234' title='bbox 795 2238 849 2271; x_wconf 89' lang='lat' dir='ltr'>De</span> <span class='ocrx_word' id='word_1_235' title='bbox 862 2237 966 2271; x_wconf 87' lang='lat' dir='ltr'>domo</span> <span class='ocrx_word' id='word_1_236' title='bbox 988 2249 1130 2281; x_wconf 86' lang='lat' dir='ltr'>namque</span> 
     </span>
     <span class='ocr_line' id='line_1_39' title="bbox 247 2284 1128 2332; baseline -0.001 -10"><span class='ocrx_word' id='word_1_237' title='bbox 247 2287 372 2322; x_wconf 87' lang='lat' dir='ltr'>Leonis</span> <span class='ocrx_word' id='word_1_238' title='bbox 396 2284 605 2330; x_wconf 82' lang='lat' dir='ltr'>Frangipane</span> <span class='ocrx_word' id='word_1_239' title='bbox 626 2311 638 2327; x_wconf 91' lang='lat'>‚</span> <span class='ocrx_word' id='word_1_240' title='bbox 663 2289 755 2330; x_wconf 86' lang='lat' dir='ltr'>cujus</span> <span class='ocrx_word' id='word_1_241' title='bbox 779 2286 982 2332; x_wconf 76' lang='lat' dir='ltr'>potiffimum</span> <span class='ocrx_word' id='word_1_242' title='bbox 1006 2287 1128 2321; x_wconf 88' lang='lat' dir='ltr'>viribus</span> 
     </span>
     <span class='ocr_line' id='line_1_40' title="bbox 247 2336 1128 2381; baseline 0 -10"><span class='ocrx_word' id='word_1_243' title='bbox 247 2336 443 2371; x_wconf 84' lang='lat' dir='ltr'>videbantur</span> <span class='ocrx_word' id='word_1_244' title='bbox 459 2336 583 2378; x_wconf 86' lang='lat' dir='ltr'>inniti,</span> <span class='ocrx_word' id='word_1_245' title='bbox 607 2339 769 2371; x_wconf 65' lang='lat' dir='ltr'>nocturno</span> <span class='ocrx_word' id='word_1_246' title='bbox 792 2348 939 2380; x_wconf 88' lang='lat' dir='ltr'>tempore</span> <span class='ocrx_word' id='word_1_247' title='bbox 962 2338 1128 2381; x_wconf 87' lang='lat' dir='ltr'>fugientes</span> 
     </span>
     <span class='ocr_line' id='line_1_41' title="bbox 248 2384 1129 2429; baseline 0.001 -9"><span class='ocrx_word' id='word_1_248' title='bbox 248 2388 283 2421; x_wconf 88' lang='lat' dir='ltr'>se</span> <span class='ocrx_word' id='word_1_249' title='bbox 303 2398 392 2422; x_wconf 85' lang='lat' dir='ltr'>trans</span> <span class='ocrx_word' id='word_1_250' title='bbox 412 2386 567 2420; x_wconf 81' lang='lat' dir='ltr'>Tiberim</span> <span class='ocrx_word' id='word_1_251' title='bbox 587 2387 796 2422; x_wconf 85' lang='lat' dir='ltr'>contulerunt</span> <span class='ocrx_word' id='word_1_252' title='bbox 821 2411 831 2428; x_wconf 95' lang='lat'>,</span> <span class='ocrx_word' id='word_1_253' title='bbox 857 2388 891 2421; x_wconf 76' lang='grc' dir='ltr'>ἀ</span> <span class='ocrx_word' id='word_1_254' title='bbox 915 2384 961 2421; x_wconf 87' lang='lat' dir='ltr'>ibi</span> <span class='ocrx_word' id='word_1_255' title='bbox 982 2388 1071 2429; x_wconf 71' lang='lat' dir='ltr'>quasi</span> <span class='ocrx_word' id='word_1_256' title='bbox 1095 2389 1129 2421; x_wconf 88' lang='lat' dir='ltr'>in</span> 
     </span>
     <span class='ocr_line' id='line_1_42' title="bbox 247 2436 1126 2481; baseline -0.001 -10"><span class='ocrx_word' id='word_1_257' title='bbox 247 2437 396 2480; x_wconf 84' lang='lat' dir='ltr'>quodam</span> <span class='ocrx_word' id='word_1_258' title='bbox 430 2447 556 2471; x_wconf 86' lang='lat' dir='ltr'>carcere</span> <span class='ocrx_word' id='word_1_259' title='bbox 577 2436 742 2471; x_wconf 84' lang='lat' dir='ltr'>latitantes</span> <span class='ocrx_word' id='word_1_260' title='bbox 768 2437 1025 2481; x_wconf 83' lang='lat' dir='ltr'>praesumptionis</span> <span class='ocrx_word' id='word_1_261' title='bbox 1064 2438 1126 2471; x_wconf 84' lang='lat' dir='ltr'>suae</span> 
     </span>
     <span class='ocr_line' id='line_1_43' title="bbox 246 2486 1132 2532; baseline 0.001 -11"><span class='ocrx_word' id='word_1_262' title='bbox 246 2486 470 2532; x_wconf 82' lang='lat' dir='ltr'>ignominiam</span> <span class='ocrx_word' id='word_1_263' title='bbox 482 2486 602 2521; x_wconf 86' lang='lat' dir='ltr'>crebris</span> <span class='ocrx_word' id='word_1_264' title='bbox 611 2486 782 2523; x_wconf 86' lang='lat' dir='ltr'>doloribus</span> <span class='ocrx_word' id='word_1_265' title='bbox 798 2487 951 2521; x_wconf 89' lang='lat' dir='ltr'>flebiliter</span> <span class='ocrx_word' id='word_1_266' title='bbox 960 2488 1132 2531; x_wconf 87' lang='lat' dir='ltr'>experiun-</span> 
     </span>
     <span class='ocr_line' id='line_1_44' title="bbox 246 2536 1131 2573; baseline 0.001 -2"><span class='ocrx_word' id='word_1_267' title='bbox 246 2546 301 2572; x_wconf 78' lang='lat' dir='ltr'>tur</span> <span class='ocrx_word' id='word_1_268' title='bbox 315 2561 322 2568; x_wconf 89' lang='lat'><em>-</em></span> <span class='ocrx_word' id='word_1_269' title='bbox 350 2536 435 2572; x_wconf 74' lang='lat' dir='ltr'>Sane</span> <span class='ocrx_word' id='word_1_270' title='bbox 446 2537 563 2573; x_wconf 83' lang='lat' dir='ltr'>Clerus</span> <span class='ocrx_word' id='word_1_271' title='bbox 574 2537 682 2571; x_wconf 89' lang='lat' dir='ltr'>omnis</span> <span class='ocrx_word' id='word_1_272' title='bbox 694 2538 867 2572; x_wconf 82' lang='lat' dir='ltr'>Romanus</span> <span class='ocrx_word' id='word_1_273' title='bbox 888 2537 1060 2572; x_wconf 89' lang='lat' dir='ltr'>individua</span> <span class='ocrx_word' id='word_1_274' title='bbox 1073 2549 1131 2572; x_wconf 90' lang='lat' dir='ltr'>no—</span> 
     </span>
     <span class='ocr_line' id='line_1_45' title="bbox 250 2585 1131 2623; baseline -0.001 -1"><span class='ocrx_word' id='word_1_275' title='bbox 250 2587 303 2622; x_wconf 85' lang='lat' dir='ltr'>bis</span> <span class='ocrx_word' id='word_1_276' title='bbox 313 2586 470 2622; x_wconf 83' lang='lat' dir='ltr'>charitate</span> <span class='ocrx_word' id='word_1_277' title='bbox 478 2585 634 2622; x_wconf 68' lang='lat' dir='ltr'>cohaeret.</span> <span class='ocrx_word' id='word_1_278' title='bbox 656 2587 826 2622; x_wconf 63' lang='lat' dir='ltr'>Praefectus</span> <span class='ocrx_word' id='word_1_279' title='bbox 832 2586 941 2621; x_wconf 86' lang='lat' dir='ltr'>Urbis</span> <span class='ocrx_word' id='word_1_280' title='bbox 950 2588 1020 2623; x_wconf 90' lang='lat' dir='ltr'>Leo</span> <span class='ocrx_word' id='word_1_281' title='bbox 1033 2589 1131 2622; x_wconf 87' lang='lat' dir='ltr'>Fran—</span> 
     </span>
     <span class='ocr_line' id='line_1_46' title="bbox 245 2637 1130 2682; baseline 0.001 -11"><span class='ocrx_word' id='word_1_282' title='bbox 245 2640 370 2682; x_wconf 84' lang='lat' dir='ltr'>gipane</span> <span class='ocrx_word' id='word_1_283' title='bbox 393 2647 470 2673; x_wconf 85' lang='lat' dir='ltr'>cum</span> <span class='ocrx_word' id='word_1_284' title='bbox 493 2638 565 2672; x_wconf 88' lang='lat' dir='ltr'>filio</span> <span class='ocrx_word' id='word_1_285' title='bbox 586 2661 600 2678; x_wconf 89' lang='lat'>‚</span> <span class='ocrx_word' id='word_1_286' title='bbox 623 2638 657 2671; x_wconf 75' lang='grc' dir='ltr'>δε</span> <span class='ocrx_word' id='word_1_287' title='bbox 680 2639 809 2674; x_wconf 85' lang='lat' dir='ltr'>Cencio</span> <span class='ocrx_word' id='word_1_288' title='bbox 832 2637 1040 2682; x_wconf 89' lang='lat' dir='ltr'>Frangipane</span> <span class='ocrx_word' id='word_1_289' title='bbox 1060 2662 1072 2678; x_wconf 93' lang='lat'>‚</span> <span class='ocrx_word' id='word_1_290' title='bbox 1097 2639 1130 2672; x_wconf 89' lang='lat'>&amp;</span> 
     </span>
     <span class='ocr_line' id='line_1_47' title="bbox 243 2687 1128 2731; baseline -0.001 -8"><span class='ocrx_word' id='word_1_291' title='bbox 243 2687 392 2731; x_wconf 76' lang='lat' dir='ltr'>Nobiles</span> <span class='ocrx_word' id='word_1_292' title='bbox 400 2698 539 2726; x_wconf 73' lang='lat' dir='ltr'>omnes,</span> <span class='ocrx_word' id='word_1_293' title='bbox 564 2697 602 2721; x_wconf 82' lang='lat' dir='ltr'>ac</span> <span class='ocrx_word' id='word_1_294' title='bbox 614 2687 714 2721; x_wconf 87' lang='lat' dir='ltr'>Plebs</span> <span class='ocrx_word' id='word_1_295' title='bbox 722 2687 832 2722; x_wconf 83' lang='lat' dir='ltr'>omnis</span> <span class='ocrx_word' id='word_1_296' title='bbox 848 2687 1001 2722; x_wconf 84' lang='lat' dir='ltr'>Romana</span> <span class='ocrx_word' id='word_1_297' title='bbox 1016 2712 1028 2728; x_wconf 88' lang='lat'><strong>,</strong></span> <span class='ocrx_word' id='word_1_298' title='bbox 1054 2700 1128 2722; x_wconf 89' lang='lat' dir='ltr'>con·</span> 
     </span>
     <span class='ocr_line' id='line_1_48' title="bbox 246 2734 1129 2782; baseline 0 -10"><span class='ocrx_word' id='word_1_299' title='bbox 246 2737 372 2772; x_wconf 74' lang='lat' dir='ltr'>suetam</span> <span class='ocrx_word' id='word_1_300' title='bbox 384 2736 481 2770; x_wconf 87' lang='lat' dir='ltr'>nobis</span> <span class='ocrx_word' id='word_1_301' title='bbox 492 2734 683 2773; x_wconf 74' lang='lat' dir='ltr'>fidelitatem</span> <span class='ocrx_word' id='word_1_302' title='bbox 695 2739 842 2772; x_wconf 87' lang='lat' dir='ltr'>fecerunt</span> <span class='ocrx_word' id='word_1_303' title='bbox 853 2762 861 2769; x_wconf 83' lang='lat'><strong><em>.</em></strong></span> <span class='ocrx_word' id='word_1_304' title='bbox 887 2738 961 2771; x_wconf 86' lang='lat' dir='ltr'>Nos</span> <span class='ocrx_word' id='word_1_305' title='bbox 973 2749 1106 2782; x_wconf 87' lang='lat' dir='ltr'>quoque</span> <span class='ocrx_word' id='word_1_306' title='bbox 1117 2763 1129 2780; x_wconf 94' lang='lat'>‚</span> 
     </span>
     <span class='ocr_line' id='line_1_49' title="bbox 245 2785 1128 2832; baseline 0.001 -11"><span class='ocrx_word' id='word_1_307' title='bbox 245 2797 319 2832; x_wconf 79' lang='lat' dir='ltr'>quae</span> <span class='ocrx_word' id='word_1_308' title='bbox 337 2785 555 2822; x_wconf 82' lang='lat' dir='ltr'>officiinostri</span> <span class='ocrx_word' id='word_1_309' title='bbox 577 2787 672 2828; x_wconf 89' lang='lat' dir='ltr'>sunt,</span> <span class='ocrx_word' id='word_1_310' title='bbox 698 2785 732 2820; x_wconf 89' lang='lat' dir='ltr'>in</span> <span class='ocrx_word' id='word_1_311' title='bbox 758 2787 853 2822; x_wconf 83' lang='lat' dir='ltr'>Urbe</span> <span class='ocrx_word' id='word_1_312' title='bbox 867 2812 878 2828; x_wconf 94' lang='lat'><em>,</em></span> <span class='ocrx_word' id='word_1_313' title='bbox 904 2789 992 2822; x_wconf 85' lang='lat' dir='ltr'>intus</span> <span class='ocrx_word' id='word_1_314' title='bbox 1011 2789 1045 2822; x_wconf 78' lang='grc' dir='ltr'>δε</span> <span class='ocrx_word' id='word_1_315' title='bbox 1067 2799 1128 2822; x_wconf 84' lang='lat' dir='ltr'>ex·-</span> 
     </span>
     <span class='ocr_line' id='line_1_50' title="bbox 245 2834 1126 2878; baseline 0.002 -7"><span class='ocrx_word' id='word_1_316' title='bbox 245 2846 319 2878; x_wconf 75' lang='lat' dir='ltr'>ara‚</span> <span class='ocrx_word' id='word_1_317' title='bbox 345 2834 446 2871; x_wconf 77' lang='lat' dir='ltr'>libere</span> <span class='ocrx_word' id='word_1_318' title='bbox 468 2847 656 2871; x_wconf 87' lang='lat' dir='ltr'>exercemus</span> <span class='ocrx_word' id='word_1_319' title='bbox 675 2860 683 2869; x_wconf 88' lang='lat'>.</span> <span class='ocrx_word' id='word_1_320' title='bbox 711 2837 946 2873; x_wconf 79' lang='lat' dir='ltr'>Ordinationes</span> <span class='ocrx_word' id='word_1_321' title='bbox 969 2838 1126 2873; x_wconf 86' lang='lat' dir='ltr'>Cardina-</span> 
     </span>
     <span class='ocr_line' id='line_1_51' title="bbox 244 2886 1125 2934; baseline 0 -12"><span class='ocrx_word' id='word_1_322' title='bbox 244 2887 329 2922; x_wconf 88' lang='lat' dir='ltr'>lium</span> <span class='ocrx_word' id='word_1_323' title='bbox 350 2888 510 2927; x_wconf 88' lang='lat' dir='ltr'>fecimus,</span> <span class='ocrx_word' id='word_1_324' title='bbox 536 2887 570 2934; x_wconf 71' lang='grc' dir='ltr'>ὃς</span> <span class='ocrx_word' id='word_1_325' title='bbox 595 2886 800 2931; x_wconf 84' lang='lat' dir='ltr'>Episcopos,</span> <span class='ocrx_word' id='word_1_326' title='bbox 827 2889 983 2934; x_wconf 82' lang='lat' dir='ltr'>largiente</span> <span class='ocrx_word' id='word_1_327' title='bbox 1009 2889 1125 2923; x_wconf 89' lang='lat' dir='ltr'>Domi-</span> 
     </span>
     <span class='ocr_line' id='line_1_52' title="bbox 245 2935 1126 2983; baseline -0.001 -11"><span class='ocrx_word' id='word_1_328' title='bbox 245 2949 313 2980; x_wconf 88' lang='lat' dir='ltr'>no,</span> <span class='ocrx_word' id='word_1_329' title='bbox 338 2935 616 2972; x_wconf 86' lang='lat' dir='ltr'>consecravimus.</span> <span class='ocrx_word' id='word_1_330' title='bbox 649 2937 819 2982; x_wconf 84' lang='lat' dir='ltr'>Rogamus</span> <span class='ocrx_word' id='word_1_331' title='bbox 842 2939 952 2983; x_wconf 89' lang='lat' dir='ltr'>itaque</span> <span class='ocrx_word' id='word_1_332' title='bbox 965 2938 1126 2972; x_wconf 84' lang='lat' dir='ltr'>Nobilita-</span> 
     </span>
     <span class='ocr_line' id='line_1_53' title="bbox 245 2986 1125 3032; baseline 0.002 -10"><span class='ocrx_word' id='word_1_333' title='bbox 245 2998 316 3022; x_wconf 84' lang='lat' dir='ltr'>tem</span> <span class='ocrx_word' id='word_1_334' title='bbox 328 2997 418 3022; x_wconf 87' lang='lat' dir='ltr'>tuam</span> <span class='ocrx_word' id='word_1_335' title='bbox 428 3012 439 3028; x_wconf 89' lang='lat'>‚</span> <span class='ocrx_word' id='word_1_336' title='bbox 468 2996 505 3021; x_wconf 92' lang='lat' dir='ltr'>ut</span> <span class='ocrx_word' id='word_1_337' title='bbox 516 2986 596 3021; x_wconf 84' lang='lat' dir='ltr'>sicut</span> <span class='ocrx_word' id='word_1_338' title='bbox 605 2986 646 3021; x_wconf 91' lang='lat' dir='ltr'>de</span> <span class='ocrx_word' id='word_1_339' title='bbox 657 2997 690 3021; x_wconf 92' lang='lat' dir='ltr'>te</span> <span class='ocrx_word' id='word_1_340' title='bbox 712 2988 799 3031; x_wconf 88' lang='lat' dir='ltr'>spem</span> <span class='ocrx_word' id='word_1_341' title='bbox 811 2988 1022 3024; x_wconf 83' lang='lat' dir='ltr'>firmiffimam</span> <span class='ocrx_word' id='word_1_342' title='bbox 1035 2989 1125 3032; x_wconf 84' lang='lat' dir='ltr'>poffi-</span> 
     </span>
     <span class='ocr_line' id='line_1_54' title="bbox 245 3037 1124 3081; baseline 0 -9"><span class='ocrx_word' id='word_1_343' title='bbox 245 3037 383 3078; x_wconf 88' lang='lat' dir='ltr'>demus,</span> <span class='ocrx_word' id='word_1_344' title='bbox 409 3048 468 3081; x_wconf 88' lang='lat' dir='ltr'>pro</span> <span class='ocrx_word' id='word_1_345' title='bbox 495 3037 648 3071; x_wconf 83' lang='lat' dir='ltr'>Romana</span> <span class='ocrx_word' id='word_1_346' title='bbox 673 3037 815 3072; x_wconf 81' lang='lat' dir='ltr'>Ecclesia</span> <span class='ocrx_word' id='word_1_347' title='bbox 835 3040 988 3075; x_wconf 83' lang='lat' dir='ltr'>consueta</span> <span class='ocrx_word' id='word_1_348' title='bbox 1010 3039 1124 3073; x_wconf 85' lang='lat' dir='ltr'>debeas</span> 
     </span>
     <span class='ocr_line' id='line_1_55' title="bbox 245 3086 1119 3133; baseline -0.001 -10"><span class='ocrx_word' id='word_1_349' title='bbox 245 3087 401 3124; x_wconf 87' lang='lat' dir='ltr'>instantia</span> <span class='ocrx_word' id='word_1_350' title='bbox 429 3086 577 3120; x_wconf 86' lang='lat' dir='ltr'>laborare</span> <span class='ocrx_word' id='word_1_351' title='bbox 595 3112 606 3127; x_wconf 93' lang='lat'>‚</span> <span class='ocrx_word' id='word_1_352' title='bbox 632 3087 666 3122; x_wconf 88' lang='lat'>&amp;</span> <span class='ocrx_word' id='word_1_353' title='bbox 688 3087 874 3124; x_wconf 61' lang='lat' dir='ltr'>dilectionis</span> <span class='ocrx_word' id='word_1_354' title='bbox 893 3100 959 3123; x_wconf 78' lang='lat' dir='ltr'>tuae</span> <span class='ocrx_word' id='word_1_355' title='bbox 978 3089 1119 3133; x_wconf 83' lang='lat' dir='ltr'>insignia</span> 
     </span>
     <span class='ocr_line' id='line_1_56' title="bbox 246 3136 1118 3182; baseline -0.001 -8"><span class='ocrx_word' id='word_1_356' title='bbox 246 3136 427 3174; x_wconf 84' lang='lat' dir='ltr'>manifestis</span> <span class='ocrx_word' id='word_1_357' title='bbox 449 3147 509 3170; x_wconf 87' lang='lat' dir='ltr'>nos</span> <span class='ocrx_word' id='word_1_358' title='bbox 537 3137 635 3171; x_wconf 80' lang='lat' dir='ltr'>facias</span> <span class='ocrx_word' id='word_1_359' title='bbox 657 3138 820 3172; x_wconf 63' lang='lat' dir='ltr'>effectibus</span> <span class='ocrx_word' id='word_1_360' title='bbox 844 3140 981 3182; x_wconf 82' lang='lat' dir='ltr'>experiri</span> <span class='ocrx_word' id='word_1_361' title='bbox 1005 3164 1012 3171; x_wconf 94' lang='lat'><strong><em>.</em></strong></span> <span class='ocrx_word' id='word_1_362' title='bbox 1040 3139 1118 3173; x_wconf 91' lang='lat' dir='ltr'>Hoc</span> 
     </span>
     <span class='ocr_line' id='line_1_57' title="bbox 243 3185 1117 3232; baseline 0 -10"><span class='ocrx_word' id='word_1_363' title='bbox 243 3189 336 3222; x_wconf 90' lang='lat' dir='ltr'>enim</span> <span class='ocrx_word' id='word_1_364' title='bbox 347 3198 446 3232; x_wconf 82' lang='lat' dir='ltr'>agens</span> <span class='ocrx_word' id='word_1_365' title='bbox 458 3210 468 3226; x_wconf 87' lang='lat'><em>,</em></span> <span class='ocrx_word' id='word_1_366' title='bbox 493 3186 528 3220; x_wconf 91' lang='lat'>&amp;</span> <span class='ocrx_word' id='word_1_367' title='bbox 539 3185 726 3222; x_wconf 83' lang='lat' dir='ltr'>Romanam</span> <span class='ocrx_word' id='word_1_368' title='bbox 741 3188 915 3223; x_wconf 75' lang='lat' dir='ltr'>Ecclesiam</span> <span class='ocrx_word' id='word_1_369' title='bbox 927 3191 1049 3231; x_wconf 87' lang='lat' dir='ltr'>semper</span> <span class='ocrx_word' id='word_1_370' title='bbox 1061 3188 1117 3223; x_wconf 81' lang='lat' dir='ltr'>ob-</span> 
     </span>
     <span class='ocr_line' id='line_1_58' title="bbox 244 3236 1114 3278; baseline 0 -7"><span class='ocrx_word' id='word_1_371' title='bbox 244 3238 405 3278; x_wconf 79' lang='lat' dir='ltr'>noxiam,</span> <span class='ocrx_word' id='word_1_372' title='bbox 430 3236 536 3271; x_wconf 85' lang='lat' dir='ltr'>&amp;nos</span> <span class='ocrx_word' id='word_1_373' title='bbox 546 3236 606 3271; x_wconf 87' lang='lat' dir='ltr'>tibi</span> <span class='ocrx_word' id='word_1_374' title='bbox 626 3237 666 3271; x_wconf 88' lang='lat' dir='ltr'>de</span> <span class='ocrx_word' id='word_1_375' title='bbox 679 3247 794 3273; x_wconf 82' lang='lat' dir='ltr'>caetero</span> <span class='ocrx_word' id='word_1_376' title='bbox 817 3238 912 3273; x_wconf 79' lang='lat' dir='ltr'>facies</span> <span class='ocrx_word' id='word_1_377' title='bbox 934 3239 1114 3273; x_wconf 88' lang='lat' dir='ltr'>debitores.</span> 
     </span>
     <span class='ocr_line' id='line_1_59' title="bbox 244 3285 1114 3332; baseline 0 -9"><span class='ocrx_word' id='word_1_378' title='bbox 244 3287 320 3323; x_wconf 89' lang='lat' dir='ltr'>Nec</span> <span class='ocrx_word' id='word_1_379' title='bbox 340 3298 393 3331; x_wconf 86' lang='lat' dir='ltr'>te,</span> <span class='ocrx_word' id='word_1_380' title='bbox 418 3285 600 3322; x_wconf 86' lang='lat' dir='ltr'>chariffime</span> <span class='ocrx_word' id='word_1_381' title='bbox 620 3312 631 3328; x_wconf 94' lang='lat'>‚</span> <span class='ocrx_word' id='word_1_382' title='bbox 657 3287 815 3323; x_wconf 76' lang='lat' dir='ltr'>Aimerici</span> <span class='ocrx_word' id='word_1_383' title='bbox 836 3289 1003 3332; x_wconf 85' lang='lat' dir='ltr'>quondam</span> <span class='ocrx_word' id='word_1_384' title='bbox 1029 3289 1114 3323; x_wconf 88' lang='lat' dir='ltr'>Can-</span> 
     </span>
     <span class='ocr_line' id='line_1_60' title="bbox 243 3335 1114 3382; baseline 0.001 -9"><span class='ocrx_word' id='word_1_385' title='bbox 243 3337 370 3376; x_wconf 84' lang='lat' dir='ltr'>cellarii</span> <span class='ocrx_word' id='word_1_386' title='bbox 388 3362 400 3379; x_wconf 93' lang='lat'><strong>,</strong></span> <span class='ocrx_word' id='word_1_387' title='bbox 435 3335 603 3374; x_wconf 81' lang='lat' dir='ltr'>Praedonis</span> <span class='ocrx_word' id='word_1_388' title='bbox 627 3336 766 3382; x_wconf 86' lang='lat' dir='ltr'>improbi</span> <span class='ocrx_word' id='word_1_389' title='bbox 789 3361 800 3377; x_wconf 92' lang='lat'>‚</span> <span class='ocrx_word' id='word_1_390' title='bbox 835 3339 992 3375; x_wconf 75' lang='lat' dir='ltr'>Simoniae</span> <span class='ocrx_word' id='word_1_391' title='bbox 1014 3340 1114 3380; x_wconf 86' lang='lat' dir='ltr'>servi,</span> 
     </span>
    </p>
   </div>
   <div class='ocr_carea' id='block_1_6' title="bbox 1144 2084 1154 2227">
    <p class='ocr_par' dir='ltr' id='par_1_7' title="bbox 1144 2084 1154 2227">
     <span class='ocr_line' id='line_1_61' title="bbox 1144 2084 1154 2227; baseline 0 1503"><span class='ocrx_word' id='word_1_392' title='bbox 1144 2084 1154 2227; x_wconf 95' lang='lat' dir='ltr'> </span> 
     </span>
    </p>
   </div>
   <div class='ocr_carea' id='block_1_7' title="bbox 1894 180 1995 224">
    <p class='ocr_par' dir='ltr' id='par_1_8' title="bbox 1894 180 1995 224">
     <span class='ocr_line' id='line_1_62' title="bbox 1894 180 1995 224; baseline 0.02 -3"><span class='ocrx_word' id='word_1_393' title='bbox 1894 180 1995 224; x_wconf 64' lang='lat'>‘395</span> 
     </span>
    </p>
   </div>
   <div class='ocr_carea' id='block_1_8' title="bbox 1194 243 2066 638">
    <p class='ocr_par' dir='ltr' id='par_1_9' title="bbox 1194 243 2066 638">
     <span class='ocr_line' id='line_1_63' title="bbox 1197 243 2065 294; baseline 0.008 -14"><span class='ocrx_word' id='word_1_394' title='bbox 1197 248 1249 282; x_wconf 87' lang='lat' dir='ltr'>seu</span> <span class='ocrx_word' id='word_1_395' title='bbox 1261 246 1397 290; x_wconf 79' lang='lat' dir='ltr'>Ioannis</span> <span class='ocrx_word' id='word_1_396' title='bbox 1415 243 1458 281; x_wconf 87' lang='lat' dir='ltr'>de</span> <span class='ocrx_word' id='word_1_397' title='bbox 1468 244 1587 281; x_wconf 71' lang='lat' dir='ltr'>crema</span> <span class='ocrx_word' id='word_1_398' title='bbox 1599 269 1610 286; x_wconf 88' lang='lat'>‚</span> <span class='ocrx_word' id='word_1_399' title='bbox 1634 245 1781 284; x_wconf 83' lang='lat' dir='ltr'>hominis</span> <span class='ocrx_word' id='word_1_400' title='bbox 1797 248 2008 294; x_wconf 72' lang='lat' dir='ltr'>firperbiffimi</span> <span class='ocrx_word' id='word_1_401' title='bbox 2030 252 2065 287; x_wconf 70' lang='grc' dir='ltr'>ἀ</span> 
     </span>
     <span class='ocr_line' id='line_1_64' title="bbox 1197 294 2065 340; baseline 0.006 -10"><span class='ocrx_word' id='word_1_402' title='bbox 1197 295 1412 332; x_wconf 74' lang='lat' dir='ltr'>incircumcisi</span> <span class='ocrx_word' id='word_1_403' title='bbox 1437 320 1449 336; x_wconf 85' lang='lat'>‚</span> <span class='ocrx_word' id='word_1_404' title='bbox 1475 296 1510 331; x_wconf 72' lang='grc' dir='ltr'>ἀ</span> <span class='ocrx_word' id='word_1_405' title='bbox 1535 294 1606 330; x_wconf 70' lang='lat' dir='ltr'>vere</span> <span class='ocrx_word' id='word_1_406' title='bbox 1632 298 1805 334; x_wconf 74' lang='lat' dir='ltr'>Nicolaitae</span> <span class='ocrx_word' id='word_1_407' title='bbox 1826 324 1837 340; x_wconf 85' lang='lat'>,</span> <span class='ocrx_word' id='word_1_408' title='bbox 1863 300 2065 335; x_wconf 82' lang='lat' dir='ltr'>monstruosa</span> 
     </span>
     <span class='ocr_line' id='line_1_65' title="bbox 1196 346 2066 389; baseline 0.006 -8"><span class='ocrx_word' id='word_1_409' title='bbox 1196 347 1365 381; x_wconf 89' lang='lat' dir='ltr'>mendacia</span> <span class='ocrx_word' id='word_1_410' title='bbox 1376 356 1531 382; x_wconf 82' lang='lat' dir='ltr'>moveant</span> <span class='ocrx_word' id='word_1_411' title='bbox 1541 370 1553 389; x_wconf 83' lang='lat'>,</span> <span class='ocrx_word' id='word_1_412' title='bbox 1579 356 1639 381; x_wconf 88' lang='lat' dir='ltr'>nec</span> <span class='ocrx_word' id='word_1_413' title='bbox 1652 346 1727 382; x_wconf 81' lang='lat' dir='ltr'>fidei</span> <span class='ocrx_word' id='word_1_414' title='bbox 1737 359 1800 383; x_wconf 86' lang='lat' dir='ltr'>tuae</span> <span class='ocrx_word' id='word_1_415' title='bbox 1810 362 1939 385; x_wconf 85' lang='lat' dir='ltr'>murum</span> <span class='ocrx_word' id='word_1_416' title='bbox 1950 362 2066 387; x_wconf 83' lang='lat' dir='ltr'>eorum</span> 
     </span>
     <span class='ocr_line' id='line_1_66' title="bbox 1195 397 2065 444; baseline 0.006 -14"><span class='ocrx_word' id='word_1_417' title='bbox 1195 397 1382 440; x_wconf 88' lang='lat' dir='ltr'>vaniloquia</span> <span class='ocrx_word' id='word_1_418' title='bbox 1414 407 1470 431; x_wconf 89' lang='lat' dir='ltr'>aut</span> <span class='ocrx_word' id='word_1_419' title='bbox 1493 397 1656 431; x_wconf 81' lang='lat' dir='ltr'>venenosa</span> <span class='ocrx_word' id='word_1_420' title='bbox 1685 397 1851 434; x_wconf 87' lang='lat' dir='ltr'>mendacia</span> <span class='ocrx_word' id='word_1_421' title='bbox 1877 410 2065 444; x_wconf 81' lang='lat' dir='ltr'>penetrent,</span> 
     </span>
     <span class='ocr_line' id='line_1_67' title="bbox 1195 446 2065 492; baseline 0.005 -12"><span class='ocrx_word' id='word_1_422' title='bbox 1195 449 1250 490; x_wconf 88' lang='lat' dir='ltr'>qui</span> <span class='ocrx_word' id='word_1_423' title='bbox 1264 447 1353 481; x_wconf 87' lang='lat' dir='ltr'>velut</span> <span class='ocrx_word' id='word_1_424' title='bbox 1364 446 1451 480; x_wconf 87' lang='lat' dir='ltr'>Cain</span> <span class='ocrx_word' id='word_1_425' title='bbox 1471 447 1490 481; x_wconf 70' lang='lat' dir='ltr'>a</span> <span class='ocrx_word' id='word_1_426' title='bbox 1510 447 1591 482; x_wconf 83' lang='lat' dir='ltr'>facie</span> <span class='ocrx_word' id='word_1_427' title='bbox 1604 446 1936 492; x_wconf 87' lang='lat' dir='ltr'>Dominifugientes,</span> <span class='ocrx_word' id='word_1_428' title='bbox 1968 451 2065 484; x_wconf 83' lang='lat' dir='ltr'>male-</span> 
     </span>
     <span class='ocr_line' id='line_1_68' title="bbox 1194 496 2066 544; baseline 0.005 -14"><span class='ocrx_word' id='word_1_429' title='bbox 1194 496 1270 530; x_wconf 65' lang='lat' dir='ltr'>dicti</span> <span class='ocrx_word' id='word_1_430' title='bbox 1280 497 1298 529; x_wconf 75' lang='lat' dir='ltr'>a</span> <span class='ocrx_word' id='word_1_431' title='bbox 1310 507 1391 531; x_wconf 89' lang='lat' dir='ltr'>terra</span> <span class='ocrx_word' id='word_1_432' title='bbox 1407 521 1417 539; x_wconf 80' lang='lat'>‚</span> <span class='ocrx_word' id='word_1_433' title='bbox 1431 496 1601 532; x_wconf 80' lang='lat' dir='ltr'>fratricidii</span> <span class='ocrx_word' id='word_1_434' title='bbox 1615 497 1744 541; x_wconf 82' lang='lat' dir='ltr'>fignum</span> <span class='ocrx_word' id='word_1_435' title='bbox 1755 499 1932 532; x_wconf 79' lang='lat' dir='ltr'>meretricia</span> <span class='ocrx_word' id='word_1_436' title='bbox 1942 511 2026 544; x_wconf 89' lang='lat' dir='ltr'>cogu</span> <span class='ocrx_word' id='word_1_437' title='bbox 2032 511 2066 533; x_wconf 90' lang='lat' dir='ltr'>n-</span> 
     </span>
     <span class='ocr_line' id='line_1_69' title="bbox 1194 546 2066 592; baseline 0.007 -13"><span class='ocrx_word' id='word_1_438' title='bbox 1194 556 1244 579; x_wconf 86' lang='lat' dir='ltr'>tur</span> <span class='ocrx_word' id='word_1_439' title='bbox 1259 547 1368 581; x_wconf 88' lang='lat' dir='ltr'>fronte</span> <span class='ocrx_word' id='word_1_440' title='bbox 1377 546 1499 591; x_wconf 85' lang='lat' dir='ltr'>gestare</span> <span class='ocrx_word' id='word_1_441' title='bbox 1508 571 1516 579; x_wconf 93' lang='lat'>.</span> <span class='ocrx_word' id='word_1_442' title='bbox 1546 547 1671 580; x_wconf 89' lang='lat' dir='ltr'>Datum</span> <span class='ocrx_word' id='word_1_443' title='bbox 1683 547 1800 582; x_wconf 80' lang='lat' dir='ltr'>Romae</span> <span class='ocrx_word' id='word_1_444' title='bbox 1817 548 1903 592; x_wconf 86' lang='lat' dir='ltr'>apud</span> <span class='ocrx_word' id='word_1_445' title='bbox 1915 549 2066 585; x_wconf 64' lang='lat' dir='ltr'>San-aum</span> 
     </span>
     <span class='ocr_line' id='line_1_70' title="bbox 1194 596 1661 638; baseline -0.002 -8"><span class='ocrx_word' id='word_1_446' title='bbox 1194 596 1349 638; x_wconf 79' lang='lat' dir='ltr'>Petrum,</span> <span class='ocrx_word' id='word_1_447' title='bbox 1375 596 1534 634; x_wconf 80' lang='lat' dir='ltr'>Kalendis</span> <span class='ocrx_word' id='word_1_448' title='bbox 1554 597 1661 633; x_wconf 84' lang='lat' dir='ltr'>Maii.</span> 
     </span>
    </p>
   </div>
   <div class='ocr_carea' id='block_1_9' title="bbox 1294 802 1960 854">
    <p class='ocr_par' dir='ltr' id='par_1_10' title="bbox 1294 802 1960 854">
     <span class='ocr_line' id='line_1_71' title="bbox 1294 802 1960 854; baseline 0.009 -6"><span class='ocrx_word' id='word_1_449' title='bbox 1294 802 1831 853; x_wconf 89' lang='lat' dir='ltr'>EPISTOLA</span> <span class='ocrx_word' id='word_1_450' title='bbox 1901 807 1960 854; x_wconf 86' lang='lat' dir='ltr'>V.</span> 
     </span>
    </p>
   </div>
   <div class='ocr_carea' id='block_1_10' title="bbox 1188 940 2078 2679">
    <p class='ocr_par' dir='ltr' id='par_1_11' title="bbox 1188 940 2078 2679">
     <span class='ocr_line' id='line_1_72' title="bbox 1288 940 2065 980; baseline 0.006 -6"><span class='ocrx_word' id='word_1_451' title='bbox 1288 940 1467 975; x_wconf 83' lang='lat' dir='ltr'>Efiderium</span> <span class='ocrx_word' id='word_1_452' title='bbox 1490 941 1636 978; x_wconf 86' lang='lat' dir='ltr'>desiderii</span> <span class='ocrx_word' id='word_1_453' title='bbox 1660 942 1760 977; x_wconf 86' lang='lat' dir='ltr'>nostri</span> <span class='ocrx_word' id='word_1_454' title='bbox 1780 945 1883 979; x_wconf 83' lang='lat' dir='ltr'>fuerat</span> <span class='ocrx_word' id='word_1_455' title='bbox 1906 943 2065 980; x_wconf 85' lang='lat' dir='ltr'>idoneum</span> 
     </span>
     <span class='ocr_line' id='line_1_73' title="bbox 1312 988 2068 1028; baseline 0.008 -6"><span class='ocrx_word' id='word_1_456' title='bbox 1312 988 1354 1023; x_wconf 87' lang='lat' dir='ltr'>ad</span> <span class='ocrx_word' id='word_1_457' title='bbox 1374 1001 1433 1025; x_wconf 90' lang='lat' dir='ltr'>vos</span> <span class='ocrx_word' id='word_1_458' title='bbox 1452 991 1470 1024; x_wconf 73' lang='lat' dir='ltr'>a</span> <span class='ocrx_word' id='word_1_459' title='bbox 1483 990 1599 1026; x_wconf 85' lang='lat' dir='ltr'>Latere</span> <span class='ocrx_word' id='word_1_460' title='bbox 1620 992 1731 1027; x_wconf 89' lang='lat' dir='ltr'>nostro</span> <span class='ocrx_word' id='word_1_461' title='bbox 1742 992 1913 1028; x_wconf 89' lang='lat' dir='ltr'>Nuncium</span> <span class='ocrx_word' id='word_1_462' title='bbox 1931 994 2068 1028; x_wconf 81' lang='lat' dir='ltr'>destina-</span> 
     </span>
     <span class='ocr_line' id='line_1_74' title="bbox 1190 1038 2071 1088; baseline 0.009 -17"><span class='ocrx_word' id='word_1_463' title='bbox 1190 1049 1241 1072; x_wconf 91' lang='lat' dir='ltr'>re.</span> <span class='ocrx_word' id='word_1_464' title='bbox 1268 1038 1431 1074; x_wconf 74' lang='lat' dir='ltr'>caeterum</span> <span class='ocrx_word' id='word_1_465' title='bbox 1444 1039 1540 1075; x_wconf 89' lang='lat' dir='ltr'>nobis</span> <span class='ocrx_word' id='word_1_466' title='bbox 1561 1052 1636 1084; x_wconf 88' lang='lat' dir='ltr'>erga</span> <span class='ocrx_word' id='word_1_467' title='bbox 1649 1042 1786 1083; x_wconf 85' lang='lat' dir='ltr'>plurima</span> <span class='ocrx_word' id='word_1_468' title='bbox 1810 1045 1977 1088; x_wconf 83' lang='lat' dir='ltr'>occupatis</span> <span class='ocrx_word' id='word_1_469' title='bbox 1986 1044 2071 1079; x_wconf 84' lang='lat' dir='ltr'>defi-</span> 
     </span>
     <span class='ocr_line' id='line_1_75' title="bbox 1188 1088 2070 1137; baseline 0.009 -16"><span class='ocrx_word' id='word_1_470' title='bbox 1188 1088 1316 1123; x_wconf 88' lang='lat' dir='ltr'>derium</span> <span class='ocrx_word' id='word_1_471' title='bbox 1330 1090 1476 1124; x_wconf 86' lang='lat' dir='ltr'>nostrum</span> <span class='ocrx_word' id='word_1_472' title='bbox 1489 1089 1657 1134; x_wconf 89' lang='lat' dir='ltr'>hucusque</span> <span class='ocrx_word' id='word_1_473' title='bbox 1666 1090 1807 1124; x_wconf 84' lang='lat' dir='ltr'>dilatum</span> <span class='ocrx_word' id='word_1_474' title='bbox 1825 1094 1870 1125; x_wconf 86' lang='lat' dir='ltr'>est</span> <span class='ocrx_word' id='word_1_475' title='bbox 1881 1118 1888 1125; x_wconf 94' lang='lat'>.</span> <span class='ocrx_word' id='word_1_476' title='bbox 1916 1094 1998 1128; x_wconf 80' lang='lat' dir='ltr'>Sane</span> <span class='ocrx_word' id='word_1_477' title='bbox 2010 1105 2070 1137; x_wconf 86' lang='lat' dir='ltr'>op-</span> 
     </span>
     <span class='ocr_line' id='line_1_76' title="bbox 1191 1138 2071 1184; baseline 0.003 -11"><span class='ocrx_word' id='word_1_478' title='bbox 1191 1139 1388 1182; x_wconf 85' lang='lat' dir='ltr'>portunitate</span> <span class='ocrx_word' id='word_1_479' title='bbox 1408 1138 1520 1175; x_wconf 79' lang='lat' dir='ltr'>habita</span> <span class='ocrx_word' id='word_1_480' title='bbox 1543 1150 1646 1174; x_wconf 90' lang='lat' dir='ltr'>unum</span> <span class='ocrx_word' id='word_1_481' title='bbox 1658 1150 1700 1174; x_wconf 85' lang='lat' dir='ltr'>cx</span> <span class='ocrx_word' id='word_1_482' title='bbox 1723 1141 1891 1184; x_wconf 83' lang='lat' dir='ltr'>praecipuis</span> <span class='ocrx_word' id='word_1_483' title='bbox 1910 1142 2071 1176; x_wconf 75' lang='lat' dir='ltr'>Romanae</span> 
     </span>
     <span class='ocr_line' id='line_1_77' title="bbox 1192 1188 2071 1230; baseline 0.003 -8"><span class='ocrx_word' id='word_1_484' title='bbox 1192 1189 1343 1223; x_wconf 79' lang='lat' dir='ltr'>Ecclefiae</span> <span class='ocrx_word' id='word_1_485' title='bbox 1380 1189 1533 1225; x_wconf 86' lang='lat' dir='ltr'>membris</span> <span class='ocrx_word' id='word_1_486' title='bbox 1556 1213 1568 1230; x_wconf 89' lang='lat'>,</span> <span class='ocrx_word' id='word_1_487' title='bbox 1604 1188 1825 1224; x_wconf 69' lang='lat' dir='ltr'>charissimum</span> <span class='ocrx_word' id='word_1_488' title='bbox 1853 1191 2002 1226; x_wconf 91' lang='lat' dir='ltr'>videlicet</span> <span class='ocrx_word' id='word_1_489' title='bbox 2032 1204 2071 1225; x_wconf 87' lang='lat' dir='ltr'>ac</span> 
     </span>
     <span class='ocr_line' id='line_1_78' title="bbox 1190 1238 2069 1282; baseline 0.003 -10"><span class='ocrx_word' id='word_1_490' title='bbox 1190 1238 1425 1274; x_wconf 87' lang='lat' dir='ltr'>Venerabilem</span> <span class='ocrx_word' id='word_1_491' title='bbox 1447 1241 1592 1276; x_wconf 89' lang='lat' dir='ltr'>Fratrem</span> <span class='ocrx_word' id='word_1_492' title='bbox 1616 1238 1762 1273; x_wconf 89' lang='lat' dir='ltr'>nostrum</span> <span class='ocrx_word' id='word_1_493' title='bbox 1785 1240 1968 1282; x_wconf 87' lang='lat' dir='ltr'>ottonem,</span> <span class='ocrx_word' id='word_1_494' title='bbox 1991 1241 2069 1275; x_wconf 85' lang='lat' dir='ltr'>Tu-</span> 
     </span>
     <span class='ocr_line' id='line_1_79' title="bbox 1190 1288 2070 1334; baseline 0.003 -11"><span class='ocrx_word' id='word_1_495' title='bbox 1190 1288 1355 1323; x_wconf 88' lang='lat' dir='ltr'>dertinum</span> <span class='ocrx_word' id='word_1_496' title='bbox 1368 1289 1567 1334; x_wconf 83' lang='lat' dir='ltr'>Episcopum</span> <span class='ocrx_word' id='word_1_497' title='bbox 1579 1314 1590 1331; x_wconf 93' lang='lat'><strong><em>,</em></strong></span> <span class='ocrx_word' id='word_1_498' title='bbox 1616 1290 1657 1324; x_wconf 88' lang='lat' dir='ltr'>ad</span> <span class='ocrx_word' id='word_1_499' title='bbox 1669 1300 1775 1333; x_wconf 85' lang='lat' dir='ltr'>partes</span> <span class='ocrx_word' id='word_1_500' title='bbox 1785 1289 1902 1325; x_wconf 84' lang='lat' dir='ltr'>vestras</span> <span class='ocrx_word' id='word_1_501' title='bbox 1915 1291 2070 1326; x_wconf 87' lang='lat' dir='ltr'>duximus</span> 
     </span>
     <span class='ocr_line' id='line_1_80' title="bbox 1191 1338 2070 1385; baseline 0.003 -13"><span class='ocrx_word' id='word_1_502' title='bbox 1191 1338 1431 1384; x_wconf 88' lang='lat' dir='ltr'>delegandum,</span> <span class='ocrx_word' id='word_1_503' title='bbox 1457 1339 1546 1384; x_wconf 88' lang='lat' dir='ltr'>quod</span> <span class='ocrx_word' id='word_1_504' title='bbox 1573 1350 1630 1374; x_wconf 91' lang='lat' dir='ltr'>vos</span> <span class='ocrx_word' id='word_1_505' title='bbox 1651 1351 1692 1373; x_wconf 83' lang='lat' dir='ltr'>ex</span> <span class='ocrx_word' id='word_1_506' title='bbox 1705 1350 1792 1383; x_wconf 89' lang='lat' dir='ltr'>parte</span> <span class='ocrx_word' id='word_1_507' title='bbox 1816 1341 1923 1376; x_wconf 88' lang='lat' dir='ltr'>nostra</span> <span class='ocrx_word' id='word_1_508' title='bbox 1943 1341 2070 1385; x_wconf 76' lang='lat' dir='ltr'>plenius</span> 
     </span>
     <span class='ocr_line' id='line_1_81' title="bbox 1191 1389 2070 1432; baseline 0.003 -10"><span class='ocrx_word' id='word_1_509' title='bbox 1191 1389 1295 1423; x_wconf 78' lang='lat' dir='ltr'>visitet</span> <span class='ocrx_word' id='word_1_510' title='bbox 1304 1412 1316 1429; x_wconf 92' lang='lat'>,</span> <span class='ocrx_word' id='word_1_511' title='bbox 1332 1400 1369 1423; x_wconf 91' lang='lat' dir='ltr'>ac</span> <span class='ocrx_word' id='word_1_512' title='bbox 1378 1389 1419 1425; x_wconf 91' lang='lat' dir='ltr'>de</span> <span class='ocrx_word' id='word_1_513' title='bbox 1431 1389 1513 1424; x_wconf 83' lang='lat' dir='ltr'>statu</span> <span class='ocrx_word' id='word_1_514' title='bbox 1525 1389 1637 1424; x_wconf 90' lang='lat' dir='ltr'>nostro</span> <span class='ocrx_word' id='word_1_515' title='bbox 1650 1391 1746 1426; x_wconf 85' lang='lat' dir='ltr'>faciat</span> <span class='ocrx_word' id='word_1_516' title='bbox 1756 1391 1908 1425; x_wconf 88' lang='lat' dir='ltr'>certiores</span> <span class='ocrx_word' id='word_1_517' title='bbox 1920 1415 1928 1423; x_wconf 87' lang='lat'><strong>.</strong></span> <span class='ocrx_word' id='word_1_518' title='bbox 1955 1391 1988 1424; x_wconf 81' lang='lat' dir='ltr'>si</span> <span class='ocrx_word' id='word_1_519' title='bbox 1999 1402 2070 1432; x_wconf 74' lang='lat' dir='ltr'>quae</span> 
     </span>
     <span class='ocr_line' id='line_1_82' title="bbox 1190 1439 2070 1485; baseline 0.001 -12"><span class='ocrx_word' id='word_1_520' title='bbox 1190 1439 1290 1474; x_wconf 88' lang='lat' dir='ltr'>etiam</span> <span class='ocrx_word' id='word_1_521' title='bbox 1312 1439 1397 1474; x_wconf 87' lang='lat' dir='ltr'>inter</span> <span class='ocrx_word' id='word_1_522' title='bbox 1429 1451 1488 1474; x_wconf 89' lang='lat' dir='ltr'>vos</span> <span class='ocrx_word' id='word_1_523' title='bbox 1507 1440 1630 1476; x_wconf 85' lang='lat' dir='ltr'>fuerint</span> <span class='ocrx_word' id='word_1_524' title='bbox 1649 1441 1882 1484; x_wconf 64' lang='lat' dir='ltr'>&#39;pertractanda</span> <span class='ocrx_word' id='word_1_525' title='bbox 1911 1440 2070 1485; x_wconf 90' lang='lat' dir='ltr'>negotia,</span> 
     </span>
     <span class='ocr_line' id='line_1_83' title="bbox 1193 1490 2071 1533; baseline 0.001 -10"><span class='ocrx_word' id='word_1_526' title='bbox 1193 1490 1310 1524; x_wconf 71' lang='lat' dir='ltr'>Sancto</span> <span class='ocrx_word' id='word_1_527' title='bbox 1320 1501 1519 1533; x_wconf 84' lang='lat' dir='ltr'>cooperante</span> <span class='ocrx_word' id='word_1_528' title='bbox 1529 1490 1648 1533; x_wconf 90' lang='lat' dir='ltr'>Spiritu</span> <span class='ocrx_word' id='word_1_529' title='bbox 1660 1491 1724 1524; x_wconf 70' lang='lat' dir='ltr'>una</span> <span class='ocrx_word' id='word_1_530' title='bbox 1736 1491 1904 1526; x_wconf 86' lang='lat' dir='ltr'>vobiscum</span> <span class='ocrx_word' id='word_1_531' title='bbox 1928 1493 1997 1525; x_wconf 89' lang='lat' dir='ltr'>vice</span> <span class='ocrx_word' id='word_1_532' title='bbox 2014 1502 2071 1524; x_wconf 91' lang='lat' dir='ltr'>no-</span> 
     </span>
     <span class='ocr_line' id='line_1_84' title="bbox 1192 1539 2072 1584; baseline 0.001 -11"><span class='ocrx_word' id='word_1_533' title='bbox 1192 1540 1252 1573; x_wconf 87' lang='lat' dir='ltr'>stra</span> <span class='ocrx_word' id='word_1_534' title='bbox 1275 1542 1460 1583; x_wconf 71' lang='lat' dir='ltr'>pertractet.</span> <span class='ocrx_word' id='word_1_535' title='bbox 1485 1540 1697 1576; x_wconf 80' lang='lat' dir='ltr'>Praesentibus</span> <span class='ocrx_word' id='word_1_536' title='bbox 1718 1540 1819 1584; x_wconf 87' lang='lat' dir='ltr'>igitur</span> <span class='ocrx_word' id='word_1_537' title='bbox 1844 1540 1958 1576; x_wconf 88' lang='lat' dir='ltr'>litteris</span> <span class='ocrx_word' id='word_1_538' title='bbox 1981 1539 2072 1574; x_wconf 90' lang='lat' dir='ltr'>Uni-</span> 
     </span>
     <span class='ocr_line' id='line_1_85' title="bbox 1194 1589 2072 1636; baseline 0.003 -14"><span class='ocrx_word' id='word_1_539' title='bbox 1194 1589 1374 1623; x_wconf 86' lang='lat' dir='ltr'>verfitatem</span> <span class='ocrx_word' id='word_1_540' title='bbox 1394 1590 1530 1626; x_wconf 85' lang='lat' dir='ltr'>vestram</span> <span class='ocrx_word' id='word_1_541' title='bbox 1554 1601 1726 1636; x_wconf 85' lang='lat' dir='ltr'>rogamus,</span> <span class='ocrx_word' id='word_1_542' title='bbox 1753 1600 1789 1624; x_wconf 90' lang='lat' dir='ltr'>ut</span> <span class='ocrx_word' id='word_1_543' title='bbox 1800 1602 1875 1624; x_wconf 90' lang='lat' dir='ltr'>eum</span> <span class='ocrx_word' id='word_1_544' title='bbox 1894 1599 2072 1625; x_wconf 74' lang='lat' dir='ltr'>reverenter</span> 
     </span>
     <span class='ocr_line' id='line_1_86' title="bbox 1194 1639 2073 1684; baseline 0 -10"><span class='ocrx_word' id='word_1_545' title='bbox 1194 1639 1369 1683; x_wconf 86' lang='lat' dir='ltr'>suscipere,</span> <span class='ocrx_word' id='word_1_546' title='bbox 1395 1641 1512 1684; x_wconf 91' lang='lat' dir='ltr'>eique,</span> <span class='ocrx_word' id='word_1_547' title='bbox 1538 1651 1696 1684; x_wconf 84' lang='lat' dir='ltr'>tanquam</span> <span class='ocrx_word' id='word_1_548' title='bbox 1712 1641 1848 1675; x_wconf 89' lang='lat' dir='ltr'>Vicario</span> <span class='ocrx_word' id='word_1_549' title='bbox 1864 1640 2073 1680; x_wconf 86' lang='lat' dir='ltr'>nostro,stu-</span> 
     </span>
     <span class='ocr_line' id='line_1_87' title="bbox 1193 1689 2073 1730; baseline 0.001 -7"><span class='ocrx_word' id='word_1_550' title='bbox 1193 1689 1296 1724; x_wconf 87' lang='lat' dir='ltr'>deatis</span> <span class='ocrx_word' id='word_1_551' title='bbox 1308 1689 1443 1725; x_wconf 80' lang='lat' dir='ltr'>assistere</span> <span class='ocrx_word' id='word_1_552' title='bbox 1463 1692 1498 1726; x_wconf 75' lang='grc' dir='ltr'>δι</span> <span class='ocrx_word' id='word_1_553' title='bbox 1509 1689 1657 1725; x_wconf 87' lang='lat' dir='ltr'>obedire.</span> <span class='ocrx_word' id='word_1_554' title='bbox 1686 1691 1870 1724; x_wconf 90' lang='lat' dir='ltr'>Hortamur</span> <span class='ocrx_word' id='word_1_555' title='bbox 1882 1692 1981 1724; x_wconf 90' lang='lat' dir='ltr'>etiam</span> <span class='ocrx_word' id='word_1_556' title='bbox 1993 1714 2004 1730; x_wconf 92' lang='lat'>‚</span> <span class='ocrx_word' id='word_1_557' title='bbox 2030 1701 2073 1725; x_wconf 86' lang='lat' dir='ltr'>ne</span> 
     </span>
     <span class='ocr_line' id='line_1_88' title="bbox 1193 1739 2073 1784; baseline 0 -11"><span class='ocrx_word' id='word_1_558' title='bbox 1193 1739 1390 1774; x_wconf 81' lang='lat' dir='ltr'>laudabilem</span> <span class='ocrx_word' id='word_1_559' title='bbox 1409 1740 1486 1775; x_wconf 88' lang='lat' dir='ltr'>fidei</span> <span class='ocrx_word' id='word_1_560' title='bbox 1509 1742 1615 1776; x_wconf 83' lang='lat' dir='ltr'>vestrae</span> <span class='ocrx_word' id='word_1_561' title='bbox 1634 1741 1853 1775; x_wconf 84' lang='lat' dir='ltr'>constantiam</span> <span class='ocrx_word' id='word_1_562' title='bbox 1867 1739 2073 1784; x_wconf 88' lang='lat' dir='ltr'>quorundam</span> 
     </span>
     <span class='ocr_line' id='line_1_89' title="bbox 1195 1789 2076 1835; baseline 0 -12"><span class='ocrx_word' id='word_1_563' title='bbox 1195 1789 1386 1834; x_wconf 84' lang='lat' dir='ltr'>maliloquia</span> <span class='ocrx_word' id='word_1_564' title='bbox 1411 1815 1422 1830; x_wconf 86' lang='lat'>,</span> <span class='ocrx_word' id='word_1_565' title='bbox 1451 1791 1501 1824; x_wconf 93' lang='lat' dir='ltr'>vel</span> <span class='ocrx_word' id='word_1_566' title='bbox 1537 1790 1730 1835; x_wconf 71' lang='lat' dir='ltr'>praestigiosa</span> <span class='ocrx_word' id='word_1_567' title='bbox 1753 1790 1909 1834; x_wconf 85' lang='lat' dir='ltr'>figmenta</span> <span class='ocrx_word' id='word_1_568' title='bbox 1943 1800 2076 1833; x_wconf 86' lang='lat' dir='ltr'>pertur-</span> 
     </span>
     <span class='ocr_line' id='line_1_90' title="bbox 1194 1839 2075 1885; baseline -0.001 -11"><span class='ocrx_word' id='word_1_569' title='bbox 1194 1839 1294 1881; x_wconf 89' lang='lat' dir='ltr'>bent,</span> <span class='ocrx_word' id='word_1_570' title='bbox 1320 1840 1375 1884; x_wconf 90' lang='lat' dir='ltr'>qui</span> <span class='ocrx_word' id='word_1_571' title='bbox 1396 1839 1510 1883; x_wconf 82' lang='lat' dir='ltr'>utique</span> <span class='ocrx_word' id='word_1_572' title='bbox 1534 1839 1605 1885; x_wconf 87' lang='lat' dir='ltr'>post</span> <span class='ocrx_word' id='word_1_573' title='bbox 1619 1840 1900 1882; x_wconf 86' lang='lat' dir='ltr'>concupiscentias</span> <span class='ocrx_word' id='word_1_574' title='bbox 1916 1841 1985 1874; x_wconf 88' lang='lat' dir='ltr'>suas</span> <span class='ocrx_word' id='word_1_575' title='bbox 1996 1851 2075 1873; x_wconf 88' lang='lat' dir='ltr'>eun-</span> 
     </span>
     <span class='ocr_line' id='line_1_91' title="bbox 1193 1889 2073 1935; baseline 0 -11"><span class='ocrx_word' id='word_1_576' title='bbox 1193 1900 1241 1924; x_wconf 91' lang='lat' dir='ltr'>tes</span> <span class='ocrx_word' id='word_1_577' title='bbox 1253 1914 1264 1930; x_wconf 91' lang='lat'>,</span> <span class='ocrx_word' id='word_1_578' title='bbox 1292 1889 1405 1924; x_wconf 86' lang='lat' dir='ltr'>Altare</span> <span class='ocrx_word' id='word_1_579' title='bbox 1416 1890 1506 1926; x_wconf 85' lang='lat' dir='ltr'>aliud</span> <span class='ocrx_word' id='word_1_580' title='bbox 1519 1892 1551 1925; x_wconf 91' lang='lat' dir='ltr'>in</span> <span class='ocrx_word' id='word_1_581' title='bbox 1568 1890 1708 1925; x_wconf 76' lang='lat' dir='ltr'>Ecclesia</span> <span class='ocrx_word' id='word_1_582' title='bbox 1722 1891 1787 1924; x_wconf 90' lang='lat' dir='ltr'>Dei</span> <span class='ocrx_word' id='word_1_583' title='bbox 1805 1891 1927 1935; x_wconf 88' lang='lat' dir='ltr'>erigere</span> <span class='ocrx_word' id='word_1_584' title='bbox 1938 1914 1948 1930; x_wconf 93' lang='lat'>,</span> <span class='ocrx_word' id='word_1_585' title='bbox 1974 1900 2073 1933; x_wconf 87' lang='lat' dir='ltr'>atque</span> 
     </span>
     <span class='ocr_line' id='line_1_92' title="bbox 1195 1940 2075 1977; baseline -0.001 -3"><span class='ocrx_word' id='word_1_586' title='bbox 1195 1942 1229 1974; x_wconf 89' lang='lat' dir='ltr'>in</span> <span class='ocrx_word' id='word_1_587' title='bbox 1238 1941 1377 1975; x_wconf 89' lang='lat' dir='ltr'>occultis</span> <span class='ocrx_word' id='word_1_588' title='bbox 1397 1940 1539 1977; x_wconf 85' lang='lat' dir='ltr'>tenebris</span> <span class='ocrx_word' id='word_1_589' title='bbox 1552 1941 1681 1975; x_wconf 81' lang='lat' dir='ltr'>idolum</span> <span class='ocrx_word' id='word_1_590' title='bbox 1704 1941 1848 1975; x_wconf 87' lang='lat' dir='ltr'>cruentis</span> <span class='ocrx_word' id='word_1_591' title='bbox 1869 1940 2020 1974; x_wconf 83' lang='lat' dir='ltr'>manibus</span> <span class='ocrx_word' id='word_1_592' title='bbox 2030 1940 2075 1973; x_wconf 90' lang='lat' dir='ltr'>fa-</span> 
     </span>
     <span class='ocr_line' id='line_1_93' title="bbox 1195 1991 2074 2034; baseline -0.003 -9"><span class='ocrx_word' id='word_1_593' title='bbox 1195 1991 1319 2025; x_wconf 89' lang='lat' dir='ltr'>bricare</span> <span class='ocrx_word' id='word_1_594' title='bbox 1342 1992 1604 2034; x_wconf 61' lang='lat' dir='ltr'>praesumpserunt</span> <span class='ocrx_word' id='word_1_595' title='bbox 1627 2015 1634 2023; x_wconf 96' lang='lat'><strong><em>.</em></strong></span> <span class='ocrx_word' id='word_1_596' title='bbox 1662 1992 1796 2026; x_wconf 88' lang='lat' dir='ltr'>Horum</span> <span class='ocrx_word' id='word_1_597' title='bbox 1816 1992 1908 2025; x_wconf 87' lang='lat' dir='ltr'>enim</span> <span class='ocrx_word' id='word_1_598' title='bbox 1930 2016 1940 2030; x_wconf 93' lang='lat'>‚</span> <span class='ocrx_word' id='word_1_599' title='bbox 1968 1991 2074 2032; x_wconf 78' lang='lat' dir='ltr'>dispo-</span> 
     </span>
     <span class='ocr_line' id='line_1_94' title="bbox 1197 2039 2078 2083; baseline -0.001 -11"><span class='ocrx_word' id='word_1_600' title='bbox 1197 2050 1292 2074; x_wconf 90' lang='lat' dir='ltr'>nente</span> <span class='ocrx_word' id='word_1_601' title='bbox 1304 2040 1381 2074; x_wconf 90' lang='lat' dir='ltr'>Deo</span> <span class='ocrx_word' id='word_1_602' title='bbox 1391 2065 1401 2078; x_wconf 94' lang='lat'>,</span> <span class='ocrx_word' id='word_1_603' title='bbox 1428 2042 1512 2074; x_wconf 87' lang='lat' dir='ltr'>circa</span> <span class='ocrx_word' id='word_1_604' title='bbox 1523 2042 1767 2083; x_wconf 81' lang='lat' dir='ltr'>promotionem</span> <span class='ocrx_word' id='word_1_605' title='bbox 1788 2040 1930 2073; x_wconf 83' lang='lat' dir='ltr'>nostram</span> <span class='ocrx_word' id='word_1_606' title='bbox 1942 2039 2078 2073; x_wconf 67' lang='lat' dir='ltr'>Factum</span> 
     </span>
     <span class='ocr_line' id='line_1_95' title="bbox 1193 2087 2077 2132; baseline 0 -11"><span class='ocrx_word' id='word_1_607' title='bbox 1193 2088 1343 2121; x_wconf 86' lang='lat' dir='ltr'>audistis:</span> <span class='ocrx_word' id='word_1_608' title='bbox 1373 2091 1475 2131; x_wconf 77' lang='lat' dir='ltr'>,Quam</span> <span class='ocrx_word' id='word_1_609' title='bbox 1489 2101 1554 2123; x_wconf 90' lang='lat' dir='ltr'>non</span> <span class='ocrx_word' id='word_1_610' title='bbox 1570 2088 1602 2121; x_wconf 89' lang='lat' dir='ltr'>in</span> <span class='ocrx_word' id='word_1_611' title='bbox 1614 2090 1738 2132; x_wconf 88' lang='lat' dir='ltr'>angulo</span> <span class='ocrx_word' id='word_1_612' title='bbox 1761 2090 1811 2122; x_wconf 90' lang='lat' dir='ltr'>vel</span> <span class='ocrx_word' id='word_1_613' title='bbox 1836 2089 1994 2127; x_wconf 90' lang='lat' dir='ltr'>latibulo,</span> <span class='ocrx_word' id='word_1_614' title='bbox 2022 2087 2077 2122; x_wconf 80' lang='lat' dir='ltr'>sed</span> 
     </span>
     <span class='ocr_line' id='line_1_96' title="bbox 1192 2137 2078 2177; baseline 0.003 -6"><span class='ocrx_word' id='word_1_615' title='bbox 1192 2139 1226 2171; x_wconf 91' lang='lat' dir='ltr'>in</span> <span class='ocrx_word' id='word_1_616' title='bbox 1239 2137 1311 2171; x_wconf 88' lang='lat' dir='ltr'>luce</span> <span class='ocrx_word' id='word_1_617' title='bbox 1324 2161 1336 2177; x_wconf 91' lang='lat'><em>,</em></span> <span class='ocrx_word' id='word_1_618' title='bbox 1361 2139 1440 2172; x_wconf 90' lang='lat' dir='ltr'>&amp;in</span> <span class='ocrx_word' id='word_1_619' title='bbox 1452 2138 1623 2172; x_wconf 84' lang='lat' dir='ltr'>manifesto</span> <span class='ocrx_word' id='word_1_620' title='bbox 1636 2138 1677 2171; x_wconf 90' lang='lat' dir='ltr'>ab</span> <span class='ocrx_word' id='word_1_621' title='bbox 1690 2139 1841 2171; x_wconf 89' lang='lat' dir='ltr'>universo</span> <span class='ocrx_word' id='word_1_622' title='bbox 1856 2138 1964 2173; x_wconf 88' lang='lat' dir='ltr'>Urbis</span> <span class='ocrx_word' id='word_1_623' title='bbox 1975 2138 2078 2174; x_wconf 87' lang='lat' dir='ltr'>Clero</span> 
     </span>
     <span class='ocr_line' id='line_1_97' title="bbox 1191 2185 2075 2230; baseline 0.001 -9"><span class='ocrx_word' id='word_1_624' title='bbox 1191 2186 1394 2230; x_wconf 84' lang='lat' dir='ltr'>&amp;Popu10,</span> <span class='ocrx_word' id='word_1_625' title='bbox 1420 2197 1461 2218; x_wconf 83' lang='lat' dir='ltr'>ex</span> <span class='ocrx_word' id='word_1_626' title='bbox 1481 2185 1659 2220; x_wconf 86' lang='lat' dir='ltr'>deliberato</span> <span class='ocrx_word' id='word_1_627' title='bbox 1670 2186 1820 2220; x_wconf 78' lang='lat' dir='ltr'>Fratrum</span> <span class='ocrx_word' id='word_1_628' title='bbox 1846 2187 2005 2226; x_wconf 84' lang='lat' dir='ltr'>consilio,</span> <span class='ocrx_word' id='word_1_629' title='bbox 2033 2200 2075 2222; x_wconf 83' lang='lat' dir='ltr'>ex</span> 
     </span>
     <span class='ocr_line' id='line_1_98' title="bbox 1190 2234 2075 2277; baseline 0.001 -8"><span class='ocrx_word' id='word_1_630' title='bbox 1190 2234 1360 2269; x_wconf 85' lang='lat' dir='ltr'>communi</span> <span class='ocrx_word' id='word_1_631' title='bbox 1373 2235 1498 2269; x_wconf 80' lang='lat' dir='ltr'>assensu</span> <span class='ocrx_word' id='word_1_632' title='bbox 1521 2235 1554 2269; x_wconf 77' lang='grc' dir='ltr'>ὅ(</span> <span class='ocrx_word' id='word_1_633' title='bbox 1566 2235 1714 2269; x_wconf 87' lang='lat' dir='ltr'>unanimi</span> <span class='ocrx_word' id='word_1_634' title='bbox 1728 2234 1887 2271; x_wconf 78' lang='lat' dir='ltr'>desiderio</span> <span class='ocrx_word' id='word_1_635' title='bbox 1899 2260 1910 2277; x_wconf 91' lang='lat'>,</span> <span class='ocrx_word' id='word_1_636' title='bbox 1936 2236 2075 2270; x_wconf 86' lang='lat' dir='ltr'>celebra-</span> 
     </span>
     <span class='ocr_line' id='line_1_99' title="bbox 1191 2284 2073 2330; baseline 0.003 -11"><span class='ocrx_word' id='word_1_637' title='bbox 1191 2296 1256 2319; x_wconf 87' lang='lat' dir='ltr'>tam</span> <span class='ocrx_word' id='word_1_638' title='bbox 1269 2286 1330 2319; x_wconf 75' lang='lat' dir='ltr'>esse</span> <span class='ocrx_word' id='word_1_639' title='bbox 1353 2284 1527 2319; x_wconf 88' lang='lat' dir='ltr'>noveritis.</span> <span class='ocrx_word' id='word_1_640' title='bbox 1556 2285 1629 2319; x_wconf 88' lang='lat' dir='ltr'>Nos</span> <span class='ocrx_word' id='word_1_641' title='bbox 1645 2297 1699 2328; x_wconf 83' lang='lat' dir='ltr'>per</span> <span class='ocrx_word' id='word_1_642' title='bbox 1712 2287 1777 2321; x_wconf 87' lang='lat' dir='ltr'>Dei</span> <span class='ocrx_word' id='word_1_643' title='bbox 1798 2287 1940 2330; x_wconf 85' lang='lat' dir='ltr'>gratiam</span> <span class='ocrx_word' id='word_1_644' title='bbox 1954 2289 1986 2320; x_wconf 91' lang='lat' dir='ltr'>in</span> <span class='ocrx_word' id='word_1_645' title='bbox 2002 2298 2073 2322; x_wconf 82' lang='lat' dir='ltr'>tota</span> 
     </span>
     <span class='ocr_line' id='line_1_100' title="bbox 1194 2333 2073 2379; baseline 0.001 -9"><span class='ocrx_word' id='word_1_646' title='bbox 1194 2333 1388 2370; x_wconf 77' lang='lat' dir='ltr'>Urbeintus</span> <span class='ocrx_word' id='word_1_647' title='bbox 1409 2334 1563 2373; x_wconf 72' lang='lat' dir='ltr'>&amp;extra,</span> <span class='ocrx_word' id='word_1_648' title='bbox 1589 2347 1660 2379; x_wconf 86' lang='lat' dir='ltr'>quae</span> <span class='ocrx_word' id='word_1_649' title='bbox 1679 2336 1780 2369; x_wconf 87' lang='lat' dir='ltr'>nostri</span> <span class='ocrx_word' id='word_1_650' title='bbox 1792 2336 1891 2369; x_wconf 88' lang='lat' dir='ltr'>officii</span> <span class='ocrx_word' id='word_1_651' title='bbox 1907 2339 2001 2376; x_wconf 81' lang='lat' dir='ltr'>sunt,</span> <span class='ocrx_word' id='word_1_652' title='bbox 2027 2337 2073 2371; x_wconf 90' lang='lat' dir='ltr'>li-</span> 
     </span>
     <span class='ocr_line' id='line_1_101' title="bbox 1191 2384 2073 2432; baseline 0.003 -14"><span class='ocrx_word' id='word_1_653' title='bbox 1191 2384 1316 2419; x_wconf 88' lang='lat' dir='ltr'>bertate</span> <span class='ocrx_word' id='word_1_654' title='bbox 1338 2386 1476 2427; x_wconf 80' lang='lat' dir='ltr'>plenaria</span> <span class='ocrx_word' id='word_1_655' title='bbox 1497 2396 1685 2427; x_wconf 88' lang='lat' dir='ltr'>operamur.</span> <span class='ocrx_word' id='word_1_656' title='bbox 1715 2386 1798 2432; x_wconf 83' lang='lat' dir='ltr'>Qae</span> <span class='ocrx_word' id='word_1_657' title='bbox 1823 2386 1932 2419; x_wconf 69' lang='lat' dir='ltr'>minus</span> <span class='ocrx_word' id='word_1_658' title='bbox 1957 2387 2073 2421; x_wconf 79' lang='lat' dir='ltr'>litteris</span> 
     </span>
     <span class='ocr_line' id='line_1_102' title="bbox 1191 2434 2071 2479; baseline 0.002 -10"><span class='ocrx_word' id='word_1_659' title='bbox 1191 2435 1427 2474; x_wconf 88' lang='lat' dir='ltr'>continentur,</span> <span class='ocrx_word' id='word_1_660' title='bbox 1453 2435 1561 2469; x_wconf 89' lang='lat' dir='ltr'>cidem</span> <span class='ocrx_word' id='word_1_661' title='bbox 1587 2436 1714 2479; x_wconf 87' lang='lat' dir='ltr'>Legato</span> <span class='ocrx_word' id='word_1_662' title='bbox 1739 2434 2071 2479; x_wconf 82' lang='lat' dir='ltr'>nostroinjunximus</span> 
     </span>
     <span class='ocr_line' id='line_1_103' title="bbox 1193 2484 2071 2529; baseline 0.003 -11"><span class='ocrx_word' id='word_1_663' title='bbox 1193 2485 1290 2519; x_wconf 91' lang='lat' dir='ltr'>verbo</span> <span class='ocrx_word' id='word_1_664' title='bbox 1309 2485 1342 2519; x_wconf 89' lang='lat'>&amp;</span> <span class='ocrx_word' id='word_1_665' title='bbox 1354 2484 1480 2527; x_wconf 88' lang='lat' dir='ltr'>Scripto</span> <span class='ocrx_word' id='word_1_666' title='bbox 1494 2485 1619 2527; x_wconf 79' lang='lat' dir='ltr'>plenius</span> <span class='ocrx_word' id='word_1_667' title='bbox 1633 2485 1797 2520; x_wconf 82' lang='lat' dir='ltr'>referenda</span> <span class='ocrx_word' id='word_1_668' title='bbox 1812 2510 1818 2517; x_wconf 93' lang='lat'><strong>.</strong></span> <span class='ocrx_word' id='word_1_669' title='bbox 1845 2487 2071 2529; x_wconf 84' lang='lat' dir='ltr'>Omnipotens</span> 
     </span>
     <span class='ocr_line' id='line_1_104' title="bbox 1191 2534 2072 2581; baseline 0.003 -13"><span class='ocrx_word' id='word_1_670' title='bbox 1191 2534 1358 2568; x_wconf 84' lang='lat' dir='ltr'>Dominus</span> <span class='ocrx_word' id='word_1_671' title='bbox 1376 2535 1430 2568; x_wconf 89' lang='lat' dir='ltr'>sua</span> <span class='ocrx_word' id='word_1_672' title='bbox 1453 2546 1513 2570; x_wconf 87' lang='lat' dir='ltr'>vos</span> <span class='ocrx_word' id='word_1_673' title='bbox 1525 2534 1755 2570; x_wconf 69' lang='lat' dir='ltr'>benedictione</span> <span class='ocrx_word' id='word_1_674' title='bbox 1774 2537 1985 2581; x_wconf 86' lang='lat' dir='ltr'>circumtegat</span> <span class='ocrx_word' id='word_1_675' title='bbox 1998 2561 2009 2577; x_wconf 97' lang='lat'>‚</span> <span class='ocrx_word' id='word_1_676' title='bbox 2035 2537 2072 2571; x_wconf 76' lang='lat'>3:</span> 
     </span>
     <span class='ocr_line' id='line_1_105' title="bbox 1192 2585 2072 2628; baseline 0.003 -10"><span class='ocrx_word' id='word_1_677' title='bbox 1192 2586 1251 2620; x_wconf 87' lang='lat' dir='ltr'>suo</span> <span class='ocrx_word' id='word_1_678' title='bbox 1263 2585 1384 2628; x_wconf 85' lang='lat' dir='ltr'>semper</span> <span class='ocrx_word' id='word_1_679' title='bbox 1402 2585 1502 2619; x_wconf 89' lang='lat' dir='ltr'>faciat</span> <span class='ocrx_word' id='word_1_680' title='bbox 1519 2595 1629 2619; x_wconf 85' lang='lat' dir='ltr'>amore</span> <span class='ocrx_word' id='word_1_681' title='bbox 1642 2586 1819 2620; x_wconf 89' lang='lat' dir='ltr'>ferventes.</span> <span class='ocrx_word' id='word_1_682' title='bbox 1850 2587 1975 2621; x_wconf 87' lang='lat' dir='ltr'>Datum</span> <span class='ocrx_word' id='word_1_683' title='bbox 2000 2587 2072 2621; x_wconf 84' lang='lat' dir='ltr'>Ro-</span> 
     </span>
     <span class='ocr_line' id='line_1_106' title="bbox 1192 2634 1969 2679; baseline -0.001 -9"><span class='ocrx_word' id='word_1_684' title='bbox 1192 2646 1250 2670; x_wconf 81' lang='lat' dir='ltr'>mae</span> <span class='ocrx_word' id='word_1_685' title='bbox 1263 2635 1348 2679; x_wconf 84' lang='lat' dir='ltr'>apud</span> <span class='ocrx_word' id='word_1_686' title='bbox 1360 2636 1511 2670; x_wconf 67' lang='lat' dir='ltr'>Sannum</span> <span class='ocrx_word' id='word_1_687' title='bbox 1526 2635 1659 2670; x_wconf 87' lang='lat' dir='ltr'>Petrum</span> <span class='ocrx_word' id='word_1_688' title='bbox 1674 2660 1685 2677; x_wconf 91' lang='lat'>,</span> <span class='ocrx_word' id='word_1_689' title='bbox 1694 2634 1851 2671; x_wconf 86' lang='lat' dir='ltr'>Kalendis</span> <span class='ocrx_word' id='word_1_690' title='bbox 1863 2636 1969 2671; x_wconf 84' lang='lat' dir='ltr'>Maii.</span> 
     </span>
    </p>
   </div>
   <div class='ocr_carea' id='block_1_11' title="bbox 1283 2848 1971 2896">
    <p class='ocr_par' dir='ltr' id='par_1_12' title="bbox 1283 2848 1971 2896">
     <span class='ocr_line' id='line_1_107' title="bbox 1283 2848 1971 2896; baseline -0.001 -1"><span class='ocrx_word' id='word_1_691' title='bbox 1283 2848 1819 2896; x_wconf 87' lang='lat' dir='ltr'>EPISTOLA</span> <span class='ocrx_word' id='word_1_692' title='bbox 1891 2850 1971 2894; x_wconf 91' lang='lat' dir='ltr'>VI.</span> 
     </span>
    </p>
   </div>
   <div class='ocr_carea' id='block_1_12' title="bbox 1188 2981 2071 3420">
    <p class='ocr_par' dir='ltr' id='par_1_13' title="bbox 1188 2981 2071 3420">
     <span class='ocr_line' id='line_1_108' title="bbox 1286 2981 2067 3029; baseline -0.001 -7"><span class='ocrx_word' id='word_1_693' title='bbox 1286 2981 1438 3022; x_wconf 84' lang='lat' dir='ltr'>Uantam</span> <span class='ocrx_word' id='word_1_694' title='bbox 1475 2986 1517 3020; x_wconf 87' lang='lat' dir='ltr'>de</span> <span class='ocrx_word' id='word_1_695' title='bbox 1538 2984 1709 3029; x_wconf 87' lang='lat' dir='ltr'>probitatis</span> <span class='ocrx_word' id='word_1_696' title='bbox 1745 2995 1806 3019; x_wconf 84' lang='lat' dir='ltr'>tuae</span> <span class='ocrx_word' id='word_1_697' title='bbox 1837 2984 1962 3019; x_wconf 87' lang='lat' dir='ltr'>solertia</span> <span class='ocrx_word' id='word_1_698' title='bbox 1986 2985 2067 3021; x_wconf 84' lang='lat' dir='ltr'>fidu·</span> 
     </span>
     <span class='ocr_line' id='line_1_109' title="bbox 1310 3035 2067 3079; baseline -0.001 -8"><span class='ocrx_word' id='word_1_699' title='bbox 1310 3039 1395 3072; x_wconf 88' lang='lat' dir='ltr'>ciam</span> <span class='ocrx_word' id='word_1_700' title='bbox 1408 3035 1604 3075; x_wconf 81' lang='lat' dir='ltr'>habeamus,</span> <span class='ocrx_word' id='word_1_701' title='bbox 1630 3036 1790 3078; x_wconf 77' lang='lat' dir='ltr'>quantum</span> <span class='ocrx_word' id='word_1_702' title='bbox 1808 3044 1840 3069; x_wconf 84' lang='lat' dir='ltr'>te</span> <span class='ocrx_word' id='word_1_703' title='bbox 1852 3036 2067 3079; x_wconf 81' lang='lat' dir='ltr'>amplioribus</span> 
     </span>
     <span class='ocr_line' id='line_1_110' title="bbox 1338 3084 2068 3130; baseline -0.003 -8"><span class='ocrx_word' id='word_1_704' title='bbox 1338 3086 1571 3122; x_wconf 69' lang='lat' dir='ltr'>benevolentiae</span> <span class='ocrx_word' id='word_1_705' title='bbox 1593 3085 1707 3120; x_wconf 75' lang='lat' dir='ltr'>nostra:</span> <span class='ocrx_word' id='word_1_706' title='bbox 1742 3084 1881 3121; x_wconf 85' lang='lat' dir='ltr'>brachiis</span> <span class='ocrx_word' id='word_1_707' title='bbox 1905 3087 2068 3130; x_wconf 80' lang='lat' dir='ltr'>amplexe-</span> 
     </span>
     <span class='ocr_line' id='line_1_111' title="bbox 1189 3135 2066 3182; baseline -0.002 -10"><span class='ocrx_word' id='word_1_708' title='bbox 1189 3147 1283 3178; x_wconf 87' lang='lat' dir='ltr'>mur,</span> <span class='ocrx_word' id='word_1_709' title='bbox 1311 3138 1377 3182; x_wconf 88' lang='lat' dir='ltr'>ipse</span> <span class='ocrx_word' id='word_1_710' title='bbox 1399 3137 1482 3170; x_wconf 90' lang='lat' dir='ltr'>nosti</span> <span class='ocrx_word' id='word_1_711' title='bbox 1502 3161 1509 3169; x_wconf 97' lang='lat'>.</span> <span class='ocrx_word' id='word_1_712' title='bbox 1534 3135 1756 3170; x_wconf 72' lang='lat' dir='ltr'>promotionis</span> <span class='ocrx_word' id='word_1_713' title='bbox 1780 3136 1892 3170; x_wconf 81' lang='lat' dir='ltr'>nostrae</span> <span class='ocrx_word' id='word_1_714' title='bbox 1913 3137 2066 3170; x_wconf 84' lang='lat' dir='ltr'>ordinem</span> 
     </span>
     <span class='ocr_line' id='line_1_112' title="bbox 1188 3186 2066 3232; baseline -0.005 -9"><span class='ocrx_word' id='word_1_715' title='bbox 1188 3188 1254 3232; x_wconf 80' lang='lat' dir='ltr'>jam</span> <span class='ocrx_word' id='word_1_716' title='bbox 1275 3198 1308 3223; x_wconf 88' lang='lat' dir='ltr'>te</span> <span class='ocrx_word' id='word_1_717' title='bbox 1329 3187 1488 3222; x_wconf 86' lang='lat' dir='ltr'>credimus</span> <span class='ocrx_word' id='word_1_718' title='bbox 1507 3186 1684 3229; x_wconf 78' lang='lat' dir='ltr'>accepisse,</span> <span class='ocrx_word' id='word_1_719' title='bbox 1710 3197 1808 3229; x_wconf 91' lang='lat' dir='ltr'>atque</span> <span class='ocrx_word' id='word_1_720' title='bbox 1829 3197 1917 3220; x_wconf 91' lang='lat' dir='ltr'>nunc</span> <span class='ocrx_word' id='word_1_721' title='bbox 1938 3186 2066 3229; x_wconf 75' lang='lat' dir='ltr'>plenius</span> 
     </span>
     <span class='ocr_line' id='line_1_113' title="bbox 1191 3235 2067 3282; baseline -0.002 -11"><span class='ocrx_word' id='word_1_722' title='bbox 1191 3239 1327 3282; x_wconf 75' lang='lat' dir='ltr'>poteriS‚</span> <span class='ocrx_word' id='word_1_723' title='bbox 1353 3248 1421 3281; x_wconf 86' lang='lat' dir='ltr'>quae</span> <span class='ocrx_word' id='word_1_724' title='bbox 1443 3235 1538 3270; x_wconf 86' lang='lat' dir='ltr'>nobis</span> <span class='ocrx_word' id='word_1_725' title='bbox 1559 3237 1706 3279; x_wconf 87' lang='lat' dir='ltr'>prospera</span> <span class='ocrx_word' id='word_1_726' title='bbox 1730 3236 1867 3281; x_wconf 83' lang='lat' dir='ltr'>largitus</span> <span class='ocrx_word' id='word_1_727' title='bbox 1889 3238 1925 3270; x_wconf 82' lang='lat' dir='ltr'>sit</span> <span class='ocrx_word' id='word_1_728' title='bbox 1947 3236 2067 3269; x_wconf 87' lang='lat' dir='ltr'>Domi·</span> 
     </span>
     <span class='ocr_line' id='line_1_114' title="bbox 1191 3285 2067 3332; baseline -0.006 -10"><span class='ocrx_word' id='word_1_729' title='bbox 1191 3299 1272 3329; x_wconf 87' lang='lat' dir='ltr'>nus,</span> <span class='ocrx_word' id='word_1_730' title='bbox 1298 3288 1467 3332; x_wconf 83' lang='lat' dir='ltr'>indagare.</span> <span class='ocrx_word' id='word_1_731' title='bbox 1495 3287 1656 3331; x_wconf 87' lang='lat' dir='ltr'>Legatum</span> <span class='ocrx_word' id='word_1_732' title='bbox 1669 3287 1823 3330; x_wconf 82' lang='lat' dir='ltr'>siquidem</span> <span class='ocrx_word' id='word_1_733' title='bbox 1845 3286 1988 3321; x_wconf 88' lang='lat' dir='ltr'>nostrum</span> <span class='ocrx_word' id='word_1_734' title='bbox 2003 3285 2067 3318; x_wconf 77' lang='lat' dir='ltr'>Ve-</span> 
     </span>
     <span class='ocr_line' id='line_1_115' title="bbox 1191 3334 2071 3419; baseline -0.002 -47"><span class='ocrx_word' id='word_1_735' title='bbox 1191 3338 1366 3374; x_wconf 83' lang='lat' dir='ltr'>nerabilem</span> <span class='ocrx_word' id='word_1_736' title='bbox 1389 3337 1534 3372; x_wconf 79' lang='lat' dir='ltr'>Fratrem</span> <span class='ocrx_word' id='word_1_737' title='bbox 1544 3337 1707 3372; x_wconf 84' lang='lat' dir='ltr'>Ottonem</span> <span class='ocrx_word' id='word_1_738' title='bbox 1720 3361 1731 3379; x_wconf 88' lang='lat'>,</span> <span class='ocrx_word' id='word_1_739' title='bbox 1753 3335 1977 3419; x_wconf 52' lang='lat' dir='ltr'>Tudertinurin</span> <span class='ocrx_word' id='word_1_740' title='bbox 1990 3334 2071 3377; x_wconf 48' lang='lat' dir='ltr'>Epis</span> 
     </span>
     <span class='ocr_line' id='line_1_116' title="bbox 1963 3395 2016 3420; baseline 0.038 -2"><span class='ocrx_word' id='word_1_741' title='bbox 1963 3395 2016 3420; x_wconf 74' lang='lat' dir='ltr'>CO·</span> 
     </span>
    </p>
   </div>
  </div>
 </body>
</html>
