2320 3730
929 152 1036 218 (ἐν)
1075 149 1378 213 (393><›1÷)
1433 182 1442 201 ·-
1935 184 1942 187 >

246 218 2065 362 ffiffisffiffiffiffiffiffffiffisffiffi'ffifflffiffiffiffiffiffiffissffiffi

317 432 1084 520 EXTRACTUM
1135 434 1293 519 EX
1336 425 1993 523 VOLUMINE

526 592 669 640 SEU
713 594 1024 640 CODICE
1061 594 1177 640 SIC
1228 588 1637 638 INTITULA
1661 589 1790 638 TO:

243 731 441 815 Mmoria
455 727 495 776 di
506 727 583 795 cose?
596 734 851 798 appartenenti
864 729 946 779 alla
956 728 1178 788 Reverenda
1191 733 1353 777 Camera
1378 728 1589 797 Apostolica
1602 748 1666 777 con
1697 727 1791 776 altri
1813 724 2069 797 particolari,

455 798 501 847 ed
532 798 642 861 utili,
677 822 694 849 e
729 802 882 867 cariffi,
917 816 1059 849 cavato
1092 821 1109 848 e
1141 798 1310 865 rescritto
1345 798 1396 846 da
1420 818 1468 846 un
1497 801 1618 847 Libro
1641 798 1826 847 intitolato
1844 835 1857 860 ‚

247 936 405 1022 DE
441 941 817 1026 DOMO
855 890 1221 1024 REGIA
1255 936 2072 1031 FRANJDRUM,

329 1093 480 1158 Scripto
513 1111 540 1138 a
573 1111 684 1140 mano
716 1097 755 1141 in
788 1107 837 1142 6.
873 1092 936 1142 che
970 1113 1034 1141 era
1068 1093 1109 1141 di
1138 1109 1249 1141 carta
1280 1107 1413 1160 pecora
1448 1092 1487 1138 di
1521 1109 1704 1141 carattere
1738 1092 1857 1155 bello,
1878 1094 1991 1157 farm

819 1168 922 1212 circa
967 1163 1104 1213 l’cmno
1150 1170 1223 1212 M.
1258 1167 1405 1211 CCCC.
1441 1162 1506 1229 Vl.

491 1304 530 1350 E
567 1304 611 1352 ci
645 1302 678 1353 fi
713 1318 849 1355 tratta
883 1302 931 1353 di
965 1303 1065 1356 cose
1100 1302 1147 1353 di
1196 1304 1417 1372 centinaja
1462 1301 1506 1352 d·
1521 1305 1626 1353 anni
1662 1305 1832 1372 prima.

251 1468 713 1556 PARS
840 1472 2080 1560 DUODECIMA

312 1645 372 1724 S
371 1670 685 1751 equentes
702 1649 773 1729 E
763 1649 1054 1756 pzssiolae
1075 1647 1342 1753 divers
1315 1679 1367 1730 s
1387 1650 1654 1730 direfiae
1670 1641 1995 1752 Personis
2009 1707 2028 1737 ‚

360 1790 363 1794 ·
567 1756 775 1866 sunt
813 1763 1164 1848 Anacleti
1212 1766 1719 1872 Anti-Papae.

535 1924 1229 2012 EPISTOLA
1295 1924 1794 2011 PRIMA*

463 2115 515 2132 Ν
562 2097 581 2125 „⁹
617 2079 829 2114 Onverfionis
859 2093 938 2115 mm
965 2081 1141 2124 primordia

433 2138 437 2145 ·
523 2125 569 2181 13<
631 2129 787 2163 reducens
805 2128 845 2163 ad
863 2132 1036 2170 animum,
1062 2131 1142 2164 mul-

629 2188 699 2211 tum
711 2189 763 2211 me
773 2179 1142 2213 CluniacenfiMonaste·

290 2251 301 2269 Δ
474 2255 476 2257 ,
503 2251 518 2273 3
632 2238 682 2260 no
693 2237 831 2260 invenio
841 2227 1045 2261 debitorem.-
1064 2227 1141 2262 Pro-

284 2274 304 2289 “‘
354 2285 366 2300 s
425 2302 428 2315 ,
469 2315 472 2320 ,
576 2299 579 2313 ,
632 2286 701 2320 pter
711 2275 822 2318 quod
813 2287 848 2309 in
860 2287 900 2310 eo
921 2276 1141 2311 &Monachi-

460 2307 578 2401 NJ»
631 2338 707 2360 cum
730 2324 913 2366 habitum,
948 2328 982 2361 &
1002 2339 1142 2362 conver-

415 2374 514 2401 nuk
493 2375 495 2377 ’
506 2373 583 2399 4
635 2376 723 2410 sandi
736 2377 867 2419 sumpfi,
886 2376 1016 2411 Divinae
1025 2388 1141 2421 poten-

628 2426 679 2460 tiae
690 2426 794 2471 gratia
812 2435 1027 2471 protegente,
1056 2429 1141 2471 prin—

250 2475 392 2519 cipium.
424 2476 490 2510 Cui
505 2476 610 2511 licet
602 2489 635 2510 m
647 2476 822 2516 omnibus,
848 2488 917 2520 quae
933 2476 1016 2511 mihi
1036 2477 1136 2521 pleno

247 2526 421 2560 charitatis
448 2525 545 2561 ubere
566 2527 618 2570 pia
639 2526 817 2561 devotione
828 2526 990 2570 impendit
1003 2551 1015 2566 ‚
1040 2539 1129 2572 aequa

246 2574 470 2611 redhibitione
482 2588 641 2621 nequeam
652 2577 842 2620 respondere
855 2601 867 2617 ,
893 2577 1052 2621 meipsum
1089 2588 1139 2612 ta-

247 2627 389 2667 menei,
416 2627 526 2670 quoad
539 2628 667 2670 possum
684 2626 865 2660 fidelissima
891 2628 1042 2661 servitute
1064 2627 1135 2662 sub-

246 2675 357 2710 sterno
369 2701 376 2707 .
403 2677 447 2711 Et
458 2675 534 2710 ideo
546 2677 587 2710 de
597 2676 679 2711 statu
694 2677 806 2710 nostro
814 2699 826 2717 s,
853 2678 908 2711 seu
919 2677 959 2712 de
972 2675 1024 2712 his
1037 2704 1048 2720 ‚
1065 2689 1134 2721 quae

248 2736 348 2768 penes
361 2737 441 2766 nos,
469 2726 534 2759 Dei
548 2737 609 2759 nos
619 2727 808 2770 respiciente
827 2727 1001 2762 clementia
1014 2753 1024 2769 ,
1051 2730 1135 2772 pros-

248 2775 326 2818 pere
347 2777 417 2809 asta
439 2775 513 2808 sunt
540 2776 594 2808 vel
618 2786 760 2820 aguntur
781 2801 792 2817 ,
818 2778 929 2811 sanstae
951 2778 1132 2813 Dileffioni

250 2824 363 2859 vestrae
384 2824 526 2869 dignum
545 2824 721 2865 duximus,
747 2826 845 2861 miffis
866 2827 907 2861 ad
926 2828 1130 2868 voslitteris,

249 2874 421 2909 intimare.
451 2873 639 2909 Decedente
660 2875 817 2919 fiquidem
838 2878 879 2911 de
900 2876 961 2912 hac
982 2881 1047 2913 vita
1061 2879 1132 2912 Do·

250 2925 346 2959 mino
361 2925 588 2962 Praedeceffore
599 2925 708 2959 nostro
718 2926 775 2968 piae
787 2929 949 2962 memoriae
959 2929 1047 2972 Papa
1061 2930 1132 2963 Ho-

250 2975 371 3015 notio,
398 2975 589 3011 cardinales
602 2976 749 3011 Ecclesia:
759 2977 918 3013 Romanae
930 2979 1129 3023 Presbyteri,

249 3024 286 3058 ὅ(
309 3024 453 3060 Diaconi
476 3051 488 3067 ‚
514 3026 548 3061 ὃς
569 3026 799 3069 Subdiaconi,
827 3028 1038 3067 primicerius
1054 3041 1128 3063 cum

249 3075 345 3109 omni
366 3074 484 3111 Schola
508 3078 542 3111 &
567 3076 750 3112 Ordinibus
773 3078 916 3121 Palatii,
943 3081 1071 3126 Judices
1096 3081 1130 3115 &

251 3124 440 3166 Scriniarii,
464 3126 626 3162 &Clerus
636 3128 744 3162 omnis
758 3128 955 3171 Romanus,
979 3141 1132 3174 expeten-

250 3185 285 3209 te
296 3175 390 3209 omni
411 3175 542 3220 Populo
563 3188 639 3210 cum
651 3178 901 3214 Honoratorum
923 3181 1129 3215 devotiffimo

250 3226 376 3259 assensu
391 3250 402 3267 ,
429 3227 462 3260 in
475 3225 595 3261 Titulo
619 3227 829 3262 BeatiMarci
849 3241 900 3264 me
915 3255 926 3271 ‚
953 3231 1027 3265 licet
1050 3230 1128 3264 indi-

251 3286 378 3320 gnum,
405 3276 439 3309 in
460 3275 582 3320 Papam
604 3277 800 3312 Anacletum
817 3282 1014 3315 unanimiter
1026 3282 1128 3326 elege-

249 3336 348 3361 runt:
375 3326 567 3362 Etelestum
578 3327 612 3363 in
624 3328 764 3363 Ecclesia
776 3328 869 3365 Beati
881 3330 969 3366 Petri
993 3331 1128 3367 Patroni

1206 2079 1306 2114 nostri
1319 2081 1524 2115 Venerabilis
1535 2065 1647 2114 Frater
1659 2079 1767 2113 noster
1777 2078 1891 2111 Petrus
1901 2075 2091 2110 Portuenfis

1207 2130 1389 2173 Episcopus
1399 2142 1474 2165 cum
1500 2129 1696 2164 diversarum
1711 2128 1906 2171 Regionum
1920 2125 2092 2169 Episcopis

1204 2179 1411 2212 celeberrime
1441 2177 1647 2210 consecravit
1666 2201 1673 2208 .
1700 2175 1827 2208 Verum
1856 2173 1990 2216 quidam
2020 2176 2090 2209 falsi

1202 2227 1357 2265 Fratres,
1386 2226 1463 2259 Filii
1491 2226 1630 2266 Belial,
1656 2225 1734 2259 Filii
1758 2224 1982 2268 pestilentiae,
2007 2225 2088 2259 Filii

1203 2276 1320 2321 Agar,
1346 2276 1558 2319 sapientiam,
1583 2287 1654 2319 quae
1674 2275 1715 2309 de
1728 2286 1811 2310 terra
1821 2274 1890 2315 est,
1915 2274 2089 2319 exquiren-

1202 2337 1270 2366 tes,
1295 2324 1446 2361 lnebrlatl
1458 2326 1578 2360 calice
1571 2337 1624 2359 1rae
1646 2327 1710 2359 Dei
1729 2325 1991 2368 omnipotentis,
2019 2324 2088 2358 Dei

1201 2375 1454 2420 dispositioni&
1477 2376 1709 2411 constitutioni
1742 2374 1973 2409 Ecclefiasticae
2007 2374 2087 2407 ausu

1201 2426 1355 2470 improbo
1375 2427 1432 2459 nili
1457 2427 1530 2460 sunt
1552 2427 1730 2460 contraire.
1759 2426 1912 2473 Qorurn
1931 2434 2029 2467 caput
2039 2424 2086 2457 est

1200 2474 1386 2511 Aimericus
1406 2477 1574 2520 quondam
1599 2475 1844 2516 Cancellarius,
1870 2475 2010 2509 avaritiae
2027 2475 2087 2508 ser-

1200 2537 1278 2567 vus,
1303 2525 1500 2560 histrionum
1521 2527 1555 2560 &
1577 2527 1754 2559 scurrarum
1771 2526 1891 2560 delirus
1912 2526 2085 2563 incentor,

1201 2576 1414 2611 Ecclefiarum
1425 2576 1608 2619 expoliator
1617 2599 1628 2615 ‚
1655 2577 1821 2610 servorum
1834 2576 1899 2610 Dei
1912 2574 2083 2618 improbus

1197 2628 1344 2664 exactor,
1357 2627 1436 2661 alter
1447 2627 1541 2660 Giezi
1555 2650 1566 2667 ‚
1592 2626 1648 2670 qui
1662 2627 1819 2660 Simoniis
1830 2625 1969 2668 publicis
1979 2626 2012 2659 &
2022 2624 2086 2667 pri-

1199 2680 1279 2711 vatis
1299 2677 1420 2721 lepram
1444 2677 1609 2713 Naamam
1628 2676 1930 2710 &maledictionem
1941 2675 2009 2709 Dei
2023 2674 2085 2707 hae·

1196 2728 1350 2765 reditario
1371 2728 1416 2761 est
1436 2727 1503 2770 jure
1516 2727 1647 2760 sortitus
1659 2750 1666 2758 .
1693 2726 1786 2760 Hinc
1799 2727 1940 2770 Ioannes
1952 2725 1993 2759 de
2005 2724 2085 2767 Cre-

1197 2789 1269 2819 ma,
1295 2777 1398 2811 homo
1423 2776 1611 2811 miserabilis
1632 2801 1643 2817 ‚
1669 2776 1703 2809 ὅ(
1726 2776 1799 2809 vere
1827 2775 1996 2809 Nicolaita
2011 2799 2021 2814 ‚
2046 2773 2083 2807 &

1196 2828 1282 2862 inter
1295 2825 1717 2871 ,BiothanatOS,aliquando
1737 2837 1794 2869 per
1816 2824 1938 2867 Papam
1961 2825 2083 2857 Hono-

1195 2879 1278 2912 rium
1303 2878 1337 2912 ὅ(
1359 2877 1549 2912 Cardinales
1566 2876 1738 2910 damnatus
1752 2873 2017 2918 promistionibus
2029 2884 2080 2906 va-

1193 2929 1243 2962 nis
1269 2926 1440 2969 inductus,
1464 2926 1581 2961 alludit
1595 2950 1602 2957 .
1630 2926 1682 2959 De
1703 2925 1802 2959 Petro
1818 2924 1987 2958 Cardinali
1999 2926 2079 2958 San-

1192 2979 1248 3012 ‹51ae
1269 2978 1467 3017 A'nastafiae‚
1495 2975 1583 3019 quod
1608 2975 1773 3009 Thesauri
1796 2974 2018 3009 Cluniacenfis
2030 2974 2078 3007 as-

1193 3029 1289 3062 suetis
1313 3025 1630 3072 tergiversationibus
1651 3025 1844 3059 insatiabilis
1864 3024 1989 3058 exstitit
2001 3035 2078 3068 prae-

1193 3078 1237 3112 do
1255 3103 1266 3119 ‚
1291 3078 1327 3112 δε
1347 3078 1513 3112 Gozelino
1535 3076 1656 3110 Sanctae
1676 3074 1814 3109 Caeciliae
1835 3075 1925 3109 silere
1943 3073 2077 3118 dignius

1192 3128 1364 3170 duximus,
1391 3139 1488 3172 quam
1512 3124 1552 3160 de
1571 3125 1640 3166 eis,
1664 3126 1748 3159 &de
1762 3136 1876 3159 eorum
1897 3125 2076 3169 turpiffima

1193 3179 1344 3214 servitute
1364 3178 1457 3212 vobis
1484 3176 1633 3211 scribere.
1662 3176 1710 3209 Hi
1724 3175 1882 3209 Aimerici
1895 3174 2015 3219 quadra
2031 3175 2078 3208 vi-

1193 3228 1310 3263 vebant
1322 3254 1333 3270 ‚
1358 3231 1391 3263 &
1414 3229 1491 3261 ficut
1508 3226 1632 3260 celebre
1645 3226 1689 3259 est
1704 3227 1789 3269 apud
1803 3236 1863 3260 nos
1874 3249 1885 3266 ,
1911 3226 2076 3269 Juramen-

1192 3289 1228 3313 to
1251 3278 1389 3313 adstricti
1411 3276 1592 3320 iniquitatis
1616 3277 1678 3309 sua:
1699 3276 1808 3319 Caput
1831 3288 1886 3320 per
1906 3275 2018 3310 omnia
2034 3275 2075 3307 se-

1193 3340 1338 3373 quuntur
1348 3355 1355 3363 .
1383 3330 1435 3363 De
1445 3327 1641 3373 quibusdam
1651 3326 2075 3410 Pseudo-Episcoz‘isdfluos

1933 3386 1949 3409 a
1981 3386 2028 3409 ιο·
