2320 3730
613 200 942 256 Scuomrs,
980 184 1276 239 'ErNons
1311 184 1715 243 ritusritarae.
1858 212 1978 260 ,179

1161 276 1259 310 totius
1267 275 1460 311 Dioeceseos
1469 301 1480 317 ‚
1508 275 1562 310 sed
1574 287 1616 310 ex
1628 277 1704 310 solis
1715 277 1847 315 advenis
1859 282 2043 328 Episcopis‚

1163 337 1303 368 quorum
1315 338 1397 361 unus
1409 338 1475 361 erat
1489 326 1610 360 Paulus
1630 326 1807 362 Emesenus
1821 354 1832 370 ‚
1855 344 1894 365 ex
1906 333 2045 368 provin.

1161 377 1210 410 cia
1220 379 1327 420 prima:
1337 377 1527 414 Phoeniciae.
1555 377 1612 411 Ad
1630 388 1703 411 eam
1725 376 1867 425 Joannes
1891 383 2044 419 invitavit

1161 426 1241 465 item
1254 429 1479 463 Alexandrum
1505 440 1544 462 ac
1557 425 1814 466 Theodoretum
1825 452 1836 472 ‚
1863 440 1975 472 utpote
1985 435 2045 468 As-

1162 477 1289 512 sessores
1305 479 1404 514 etiam
1427 479 1543 522 prioris
1555 478 1683 521 synodi
1697 502 1707 518 ,
1735 476 1875 525 ideoque
1893 483 2044 518 omnium

1161 528 1319 562 Asterum
1347 530 1498 564 conscios
1524 554 1531 560 .
1557 528 1652 562 Hinc
1670 538 1845 573 utrumque
1864 541 1982 575 rogat,
2009 542 2047 566 ur,

1159 577 1180 609 si
1192 578 1344 613 advenire
1371 579 1597 623 nequiverint,
1622 577 1802 624 dignentur
1812 581 1997 614 consentite
2010 582 2047 616 in

1158 627 1283 671 agenda
1298 653 1309 669 ‚
1333 630 1369 670 ἀ
1383 629 1471 665 Actis
1479 629 1685 675 acquiescere
1698 655 1705 662 .
1731 629 1836 670 Porro
1854 630 1945 674 quod
1970 630 2049 666 Ale-

1157 677 1281 712 xander
1299 679 1436 721 pedibus
1454 680 1618 721 doluerit,
1646 681 1682 715 &
1701 692 1743 715 ex
1766 679 1831 715 hoc
1854 681 1969 716 dolore
1990 682 2050 716 fte-

1158 737 1293 770 quenter
1303 727 1515 771 decubuerit,
1526 731 1627 765 etiam
1639 731 1724 772 infra
1735 730 1904 766 audiemus
1917 757 1924 770 ,
1947 731 2049 766 Haud

1158 776 1259 810 dubie
1285 775 1455 812 laborabat
1482 779 1624 824 podagra
1645 807 1654 815 .
1692 781 1850 815 Notanda
1877 784 1952 816 sunt
1980 781 2049 817 haec

1159 827 1256 861 verba
1282 839 1289 858 :
1317 827 1553 869 Profhna'tfflmae
1588 831 1679 872 nostre
1695 830 1840 874 senellml
1865 840 2046 874 parcentes.

1158 878 1304 911 Edicunt
1331 876 1494 918 ,Acacium
1521 877 1635 912 denuo
1674 893 1741 915 non
1771 883 1892 917 venisse
1928 882 2052 917 Antio-

1157 927 1268 967 chiam
1304 952 1315 967 ,
1354 927 1494 972 ideoque
1529 928 1563 962 &
1601 926 1687 962 hanc
1722 930 1891 971 Synodum
1928 933 2051 977 partim

1159 976 1348 1019 Antiochiae
1373 1002 1387 1027 2
1426 978 1545 1025 partim
1591 978 1687 1012 fuisse
1733 979 1928 1018 celebratam
1978 983 2053 1023 Βξζε

1159 1027 1266 1063 rhaeae.
1429 1026 1432 1029 ”

1221 1078 1325 1119 Porro
1344 1078 1465 1124 Cyrilli
1494 1080 1582 1115 sensa
1608 1079 1644 1114 &
1666 1078 1830 1123 postulata
1853 1092 1922 1115 non
1945 1082 2055 1127 displi-

1159 1129 1279 1165 cebant
1293 1129 1438 1166 Acacio.
1465 1130 1559 1165 Hinc
1582 1129 1810 1165 instantissime
1821 1139 1916 1175 rogat
1936 1132 1994 1165 sibi
2010 1133 2052 1171 ab,

1141 1179 1355 1231 lAlexandro
1378 1193 1415 1216 ac
1428 1179 1649 1216 Theodoreto
1674 1181 1744 1216 dari
1765 1191 1902 1221 manus,
1929 1190 1966 1216 ut
1987 1191 2057 1221 tan-

1161 1231 1239 1265 dem
1261 1244 1323 1275 pax
1347 1232 1406 1266 fiat
1424 1258 1436 1273 ,
1463 1240 1562 1275 atque
1583 1230 1629 1266 ita
1651 1232 1815 1266 auferatur
1840 1230 1906 1266 hoc
1922 1231 2058 1276 probro·

1161 1281 1232 1315 sum
1251 1282 1400 1316 Ecclesiae
1425 1281 1614 1316 scandalum
1628 1307 1636 1315 .
1666 1282 1710 1316 Et
1723 1293 1791 1326 quo
1802 1282 1974 1325 impetret,
2002 1281 2056 1317 ad-

1161 1331 1210 1370 dit
1235 1332 1266 1366 se
1288 1333 1350 1367 esse
1373 1332 1517 1375 ipsorum
1538 1331 1669 1367 fidelem
1694 1331 1979 1367 acincondustum
1993 1333 2060 1367 Mi-

1163 1382 1299 1417 nistrum
1322 1393 1420 1426 atque
1438 1382 1633 1427 Collegam.
1665 1382 1707 1420 Et
1728 1383 1844 1427 probat
1866 1382 1899 1417 id
1920 1394 1961 1417 ex
1977 1383 2061 1419 duo-

1144 1466 1146 1485 ,R
1162 1431 1221 1470 bus
1234 1444 1244 1475 3
1272 1432 1388 1473 Primo
1400 1457 1412 1475 ,
1438 1433 1619 1478 quodlicet
1632 1444 1709 1468 cum
1725 1433 1797 1478 ipsis
1811 1432 1976 1477 Ephesum
1989 1446 2061 1468 non

1162 1483 1281 1523 iverit,
1308 1493 1418 1522 tamen
1442 1485 1516 1523 istic
1541 1495 1609 1518 non
1631 1482 1773 1521 defuerit
1805 1498 1816 1522 ς
1846 1483 1980 1527 Utpote
2002 1483 2060 1529 qui

1145 1521 1234 1584 ἶὶίὶὶε
1255 1533 1375 1576 fuerit,
1402 1535 1437 1569 δε
1460 1533 1617 1568 omnibus
1645 1531 1737 1573 Affis
1759 1533 1976 1577 subscripserit
2005 1545 2062 1577 per

1145 1584 1336 1623 3Vicarium
1360 1608 1371 1624 ,
1397 1584 1539 1619 Paulum
1564 1585 1761 1624 Emesenum
1798 1607 1805 1615 .
1844 1585 1937 1619 Hinc
1970 1584 2062 1618 enim

1146 1628 1277 1668 *Factio
1304 1636 1338 1668 in
1369 1635 1534 1669 Mandato
1558 1658 1568 1674 ‚
1607 1633 1697 1677 quod
1720 1634 1783 1666 suis
1810 1633 1850 1666 ad
1872 1632 2061 1676 Principem

1164 1684 1296 1729 Legatis
1320 1684 1412 1718 dedit
1435 1710 1445 1726 ‚
1473 1686 1516 1717 ita
1539 1684 1658 1726 scripsit
1680 1696 1688 1714 :
1719 1687 1764 1720 Et
1792 1684 1884 1716 Paulo
1907 1681 2063 1726 Emeseno·

1163 1747 1230 1772 rum
1255 1734 1420 1777 Epiftopo‚
1446 1741 1497 1777 qui
1518 1735 1599 1767 idem
1626 1738 1725 1771 Aeacii
1737 1733 1912 1774 5anc¹7iffimi
1933 1732 2062 1775 Berrbe-

1164 1785 1271 1826 ensium
1285 1784 1427 1828 Episcopi
1434 1784 1593 1828 personam
1603 1789 1636 1816 in
1646 1785 1787 1826 loquendo
1792 1790 1889 1827 gerit.
1912 1783 1961 1817 Ita
1975 1782 2059 1818 Aca·

1164 1836 1235 1868 cius
1258 1835 1322 1868 fuit
1344 1835 1443 1868 etiam
1464 1835 1550 1878 quasi
1576 1844 1660 1867 unus
1684 1845 1726 1868 ex
1748 1832 1815 1866 istis
1826 1833 1978 1877 Legatis.
2006 1835 2062 1868 Se·

1165 1884 1272 1918 cunda
1299 1884 1383 1923 ratio
1407 1884 1451 1917 est
1470 1909 1481 1926 ,
1518 1884 1609 1926 quod
1630 1884 1731 1916 etiam
1759 1882 1878 1925 Cyrilli
1906 1882 2062 1928 degrada-

1164 1935 1292 1969 tionem
1316 1934 1464 1978 probarit
1477 1945 1514 1968 ac
1526 1932 1767 1976 subscripserit,
1793 1932 2062 1978 &Principiper-

1165 1985 1295 2018 suaserit
1305 1984 1471 2028 Cyrillum
1494 1984 1557 2017 esse
1583 1984 1786 2016 Haereticum
1799 2006 1810 2022 ,
1837 1981 1979 2027 ideoque
2000 1985 2063 2019 rite

1163 2033 1376 2067 damnatum.
1405 2035 1450 2066 Et
1470 2045 1504 2067 re
1528 2044 1601 2067 vera
1621 2034 1662 2067 ad
1686 2031 1773 2070 hanc
1797 2033 1913 2067 Aeacii
1935 2034 2063 2068 relatio-

1165 2094 1241 2117 nem
1263 2082 1444 2127 Imperator
1456 2081 1671 2118 Theodosius
1694 2095 1763 2118 non
1777 2083 1877 2121 solam
1889 2083 2035 2119 Nestorii
2050 2111 2061 2126 ,

1165 2133 1218 2168 sed
1235 2134 1336 2168 etiam
1360 2133 1482 2176 Cyrilli
1509 2145 1548 2168 ac
1575 2133 1771 2172 Memnonis
1792 2132 2063 2178 degradationem

1164 2185 1376 2219 confirmarat
1400 2207 1412 2223 ,
1439 2183 1473 2216 &
1497 2194 1553 2226 per
1574 2185 1735 2231 Joannem
1755 2184 1924 2218 Sacrarum
1946 2185 2058 2230 Largi-

1164 2235 1295 2268 tiouum
1319 2233 1491 2267 Comitem
1516 2234 1620 2267 fuerat
1646 2241 1803 2266 executus
1833 2234 1919 2276 apud
1951 2235 2060 2278 Ephe.

1163 2284 1250 2318 sum.
1278 2284 1323 2317 Et
1344 2283 1385 2317 ad
1407 2283 1564 2327 majorem
1587 2282 1637 2317 sui
1661 2282 1751 2317 Dicti
1774 2283 1961 2318 firmitatem
1974 2286 2060 2320 Aca-

1163 2335 1234 2369 cius
1256 2333 1347 2368 addit
1358 2334 1526 2377 Cyrillum
1553 2330 1615 2368 hac
1627 2332 1668 2367 de
1690 2333 1770 2367 rein
1794 2333 1984 2369 suislitteris
1994 2336 2057 2371 esse

1164 2386 1380 2428 conquestum
1401 2408 1410 2416 .
1446 2382 1575 2417 Similes
1607 2383 1732 2418 litteras
1769 2382 1912 2419 Aeacius
1937 2387 2057 2430 scripsit

1163 2431 1383 2468 Theodoreto
1408 2458 1416 2465 .
1445 2433 1489 2466 Et
1510 2432 1590 2467 hinc
1612 2433 1668 2467 ille
1689 2434 1803 2468 omnia
1830 2434 1937 2469 statim
1965 2447 2055 2471 corn-

1163 2483 1346 2518 municavit
1366 2481 1506 2517 Andreae
1527 2507 1538 2523 ,
1564 2494 1619 2526 per
1640 2483 1764 2518 litteras
1784 2485 1944 2519 exstantes
1967 2486 2054 2530 apud

1161 2535 1307 2569 Marium
1330 2534 1574 2568 Mercatorem.
1617 2532 1761 2569 Aeacius
1796 2535 1887 2570 enim
1919 2535 1959 2571 ad
1983 2539 2053 2576 An-

1159 2585 1270 2623 dream
1289 2583 1418 2620 videtur
1438 2594 1509 2618 non
1530 2583 1702 2628 scripsisse.

405 385 902 430 SCHOLION.

211 532 392 620 HAEc
419 532 569 577 Epistola
596 538 790 568 memoratas
810 528 876 572 jam
901 523 1098 570 aliquoties,

345 582 430 627 apud
469 583 614 619 Marium
658 583 878 617 Mercatorem
914 577 1097 621 exstantes,

209 633 421 669 Theodoreti
447 631 487 666 ad
509 633 675 670 Andream
697 629 954 668 Samosatensem
974 627 1097 666 litteras

208 685 308 729 plene
325 684 497 727 explanat.
527 685 571 720 Et
591 680 863 726 Magistrianum‚
888 680 947 724 qui
970 674 1097 717 Aristo-

208 735 266 769 lao
293 734 450 768 Tribuno
483 744 592 768 comes
617 743 656 767 ac
682 731 829 765 minister
854 740 923 765 erat
947 754 957 770 ,
998 724 1096 782 docet

208 785 305 820 fuisse
330 786 466 821 nomine
486 783 694 821 Maximum.
720 784 831 817 Docet
857 781 891 815 &
915 779 1000 814 alia.
1028 775 1096 816 Pn-

209 834 269 870 mo
281 861 291 878 ‚
315 836 404 880 quod
431 834 613 868 Aristolaus
635 844 711 867 cum
732 832 868 877 praefatis
889 826 1096 866 Berrhaeenfis

210 885 330 920 Aeacii
352 884 465 921 litteris
492 885 585 918 iverit
608 884 642 918 in
664 883 856 928 AEgyptum
873 907 884 923 ‚
913 886 1095 920 tentaturus.

210 946 253 969 an
266 934 413 978 Cyrillus
424 934 564 978 praefatas
577 934 798 973 Orientalium
810 931 1022 967 conditiones
1033 926 1095 961 vel-

209 986 258 1020 let
277 980 467 1020 admittere.
498 985 609 1019 Etiam
632 984 752 1019 detulit
773 984 903 1017 Sacram
918 979 1094 1025 Jusfionem

210 1035 393 1078 Principis,
419 1045 518 1076 quam
530 1035 619 1076 supra
632 1030 818 1068 audivimus
830 1029 974 1066 habuisse
996 1025 1096 1073 longe

206 1085 293 1122 alios
303 1082 475 1122 articulos.
502 1081 675 1123 Secundo,
707 1083 797 1127 quod
818 1081 1004 1123 Aristolaus
1025 1077 1094 1123 post

204 1134 358 1172 lubitum
369 1143 446 1167 cum
460 1133 578 1167 Sancto
592 1131 726 1178 Cyrillo
737 1132 933 1167 Traeiatum
957 1141 1025 1164 nou
1038 1129 1097 1168 sta-

203 1186 271 1219 tim
282 1183 411 1219 redierit
421 1208 431 1224 ,
459 1182 653 1218 relationem
665 1183 804 1225 facturus
814 1208 825 1224 ,
853 1184 886 1217 in
899 1181 1072 1220 Orientem
1086 1204 1096 1219 ‚

206 1235 263 1270 fed
284 1235 386 1278 ipsam
407 1232 519 1267 fecerit
543 1245 599 1277 per
626 1234 695 1266 suas
721 1244 759 1268 ac
781 1233 888 1267 Sancti
913 1230 1031 1272 Cyrilli
1056 1228 1097 1263 ad

206 1285 372 1320 Acacium
387 1283 510 1322 litteras
523 1306 533 1324 ,
560 1282 757 1317 transmiffas
776 1293 830 1326 per
842 1280 1096 1325 Magistrianum

205 1334 417 1368 Maximum.
444 1331 537 1367 Audi
550 1332 645 1372 verba
660 1332 891 1374 Theodoreti:
920 1329 1097 1374 Magnificus

208 1383 368 1424 Aristolaus
379 1383 419 1422 ,ab
430 1386 562 1427 (Ερμῆ)
572 1381 798 1426 Magistrianum
812 1395 874 1417 cum
886 1383 996 1422 litteris
1010 1381 1098 1421 Cyril-

207 1437 232 1470 11
244 1434 427 1475 destinavit,
453 1433 561 1475 quibus
575 1431 813 1474 anathematizat
847 1435 974 1472 Arium,
1001 1434 1099 1464 Euno-

207 1491 324 1523 mium,
348 1485 561 1526 Apollinarium
579 1506 590 1522 ‚
614 1480 716 1526 eosque
738 1489 790 1526 qui
812 1485 963 1517 Deitatem
984 1480 1097 1521 Christi·

201 1534 366 1578 paffibilem
383 1534 506 1574 dicunt,
534 1535 570 1568 <at
589 1538 639 1576 qui
665 1532 857 1576 confusionem
880 1534 915 1566 &²
924 1537 1099 1574 permixtio·

208 1596 280 1620 nem
290 1586 418 1621 duarum
432 1583 562 1627 asserunt
573 1591 751 1617 naturarum
762 1608 770 1616 .
798 1587 845 1617 Et
851 1581 943 1625 super
962 1581 1014 1614 hoc
1033 1586 1100 1623 qui-

210 1637 283 1670 dem
303 1633 404 1678 gavisi*
416 1632 519 1677 sumus
531 1657 542 1674 ,
567 1638 708 1676 quamvis
728 1632 951 1679 propositionem
973 1631 1100 1672 nostram

211 1687 264 1719 me
273 1679 443 1728 diffiaegerii.
471 1682 613 1718 Praesens
627 1684 774 1732 Epistola
785 1684 903 1723 docet,
923 1682 1014 1726 quod
1024 1683 1101 1716 San-

211 1737 282 1770 etus
295 1732 439 1778 Cy'rillus
449 1745 512 1768 tres
538 1744 594 1769 aut
607 1745 744 1780 quatuor
757 1734 818 1770 hac
829 1735 869 1768 de
880 1745 912 1768 te
924 1734 1046 1767 litteras
1058 1732 1099 1767 ad

211 1786 378 1820 Acacium
401 1784 558 1828 scripserit
580 1810 588 1818 .
615 1785 668 1819 Ex
694 1797 762 1830 quo
789 1794 877 1830 patet
899 1784 1099 1818 Aristolaum

211 1847 284 1870 non
304 1847 408 1879 pauco
429 1845 574 1878 tempore
593 1834 710 1870 haefifle
733 1836 819 1879 apud
843 1834 1096 1868 Alexandriam.

213 1884 339 1919 Tettio
349 1885 469 1925 docet,
495 1883 697 1927 quodetiam
719 1886 829 1919 Sixtus
851 1884 963 1918 tertius
986 1883 1102 1918 Ponti-

212 1936 268 1969 fex
281 1934 408 1969 Acacio
421 1934 576 1977 scripserit
588 1959 596 1966 .
624 1935 666 1970 Et
677 1934 723 1969 hae
736 1936 810 1969 sunt
824 1934 996 1978 Epistolae‚
1021 1943 1101 1977 quas

211 1986 307 2029 supra
319 1983 444 2018 laudari
456 1984 639 2018 audivimus
651 1986 684 2019 in
696 1985 852 2019 encomio
868 1984 1000 2019 Aeacii:
1029 1988 1102 2017 Aca·

211 2040 258 2069 clo
275 2059 286 2075 ,
313 2036 347 2069 (a
361 2040 391 2072 in
401 2032 467 2077 ipsa
482 2033 629 2078 discordia
636 2034 726 2077 pofito
736 2060 747 2076 ‚
774 2037 808 2069 (π
819 2036 910 2067 sede:
924 2033 1102 2074 Apostolica,

212 2086 250 2118 ό*
261 2088 375 2119 Beatus
386 2083 514 2123 cyrillus
527 2095 591 2117 cum
604 2096 717 2128 magna
727 2089 920 2118 veneratione
940 2081 1098 2125 rescripfit.

209 2135 256 2169 Ei
277 2135 379 2179 igitur
396 2134 508 2168 Sixtus
527 2145 568 2169 ex
594 2135 721 2178 pestore
745 2132 993 2169 commendavit
1015 2132 1100 2168 hanc

209 2195 326 2228 pacem
338 2210 345 2217 .
372 2184 566 2218 Prosecutus
574 2184 619 2217 est
634 2185 807 2229 negotium
817 2209 827 2223 ‚
854 2183 943 2226 quod
955 2183 1023 2226 ejus
1033 2183 1100 2219 An·

209 2235 348 2268 teceffor
358 2233 544 2267 celestinus
555 2232 781 2268 inchoaverat.
809 2233 1022 2268 Credendum
1033 2236 1077 2269 est
1089 2259 1100 2279 ‚

210 2284 303 2326 quod
316 2283 416 2318 etiarn
427 2281 467 2321 ad
479 2284 714 2327 Imperatorem
725 2282 956 2319 Theodosium
980 2284 1014 2318 ἀ
1025 2285 1101 2318 Sane

207 2336 298 2368 {ium
309 2333 476 2377 Cyrillum
490 2333 648 2377 scripserit
659 2359 666 2367 .
695 2333 837 2368 Ptaesens
851 2334 997 2379 Epistola
1007 2346 1099 2378 quar-

207 2383 247 2418 ιό
258 2384 377 2425 docet,
403 2383 493 2426 quod
512 2384 619 2417 Sancti
632 2384 753 2425 Cyrilli
776 2385 888 2418 litterae
906 2385 1009 2419 essent
1031 2396 1099 2419 non

207 2432 383 2466 dumtaxat
394 2431 591 2467 orthodoxae
603 2456 614 2472 ‚
642 2433 696 2466 sed
707 2433 807 2466 etiam
821 2433 924 2476 plenae
934 2434 1026 2467 omni
1049 2434 1101 2468 be-

208 2482 377 2525 nignitate
402 2481 564 2527 &gratia.
593 2481 699 2528 Qod
712 2482 815 2526 ipsum
826 2482 891 2524 jam
913 2484 1099 2518 audivimus

209 2530 230 2565 ὲ
251 2530 476 2567 Theodoreto
499 2554 507 2562 .
532 2531 669 2576 Qinto
690 2555 701 2571 ,
726 2528 816 2575 quod
841 2531 959 2567 harum
979 2533 1096 2569 littera-

208 2591 282 2616 rum
304 2581 397 2615 causa
425 2582 568 2627 Joannes
592 2579 778 2614 Patriarcha
801 2583 960 2624 paraverit
975 2583 1098 2619 Antio-

206 2630 292 2665 chiae
303 2641 424 2665 novam
436 2629 610 2674 Synodum
622 2653 633 2670 ‚
658 2631 714 2666 cui
725 2630 845 2669 adesset
858 2631 980 2666 Paulus
1002 2633 1095 2669 Eme-

205 2682 323 2720 senus,
348 2680 469 2725 aliique
489 2678 620 2717 advenae
631 2679 804 2727 Episcopi.
831 2681 926 2719 Hinc
949 2682 1094 2718 Aeacius

205 2731 359 2774 palmaris
386 2729 539 2775 Epistolae
558 2731 688 2774 copiam
707 2731 881 2766 transmisit
906 2733 940 2767 &
961 2733 1002 2767 ad
1017 2732 1093 2770 Ale-

205 2781 370 2816 xandrum
382 2780 691 2825 Hierapolitanum,
715 2782 749 2815 &
776 2780 817 2815 ad
836 2781 905 2826 ejus
932 2783 1091 2829 Suffraga-

205 2843 330 2874 neum,
356 2843 393 2866 ac
414 2831 448 2866 in
468 2830 624 2866 omnibus
642 2831 874 2867 Confiliarium
896 2833 1089 2869 Theodore-

204 2891 278 2917 tum
292 2906 303 2924 ‚
331 2892 449 2928 rogans
468 2890 643 2929 utrumque
666 2882 776 2919 venire
801 2883 843 2918 ad
864 2883 959 2919 istam
984 2884 1090 2928 Syno-

204 2931 304 2967 dum.
1010 2930 1014 2933 ’

258 2983 304 3016 Et
315 2981 383 3018 haec
393 2983 438 3018 est
451 2983 546 3019 tertia
558 2981 772 3019 Antiochena
784 2984 854 3028 post
865 2985 1006 3021 reditum
1028 2987 1086 3031 Jo-

204 3031 302 3067 annis
312 3031 505 3068 Patriarchae
514 3033 667 3077 synodus
679 3059 690 3075 ‚
718 3033 837 3070 indicta
849 3037 890 3071 ad
904 3035 1029 3071 mature
1049 3049 1086 3072 ac

205 3079 379 3126 prudenter
401 3081 662 3128 respondendum
683 3085 790 3122 Sancti
803 3086 924 3132 Cyrilli
950 3099 988 3122 ac
999 3087 1085 3122 Pon-

205 3132 306 3166 tificis
317 3132 402 3166 Sixti
415 3132 527 3168 litteris
540 3160 548 3167 .
574 3134 685 3169 Sixtus
695 3137 765 3170 suas
776 3135 922 3172 direxisse
943 3138 984 3174 ad
1009 3137 1084 3172 San-

205 3184 295 3216 etum
307 3182 473 3226 Cyrillum
485 3207 496 3224 ‚
521 3192 635 3227 utpote
647 3183 798 3228 Ephefini
811 3187 958 3225 Concilii
979 3188 1084 3222 Praefi-

203 3233 298 3273 dem,
325 3234 359 3267 δε
380 3234 532 3267 omnium
552 3234 636 3268 circa
655 3235 738 3270 illud
758 3237 975 3281 quaestionum
990 3239 1083 3277 Dire-

205 3284 350 3325 ssorem,
376 3282 431 3318 hic
444 3283 570 3319 videtur
580 3284 662 3329 ipsas
672 3286 738 3320 una
748 3298 824 3322 cum
846 3289 911 3323 suis
932 3290 1084 3327 direxisse

203 3332 244 3366 ad
257 3332 419 3370 Acacium
431 3359 438 3367 .
466 3333 591 3369 Ambas
601 3335 692 3370 enim
705 3336 831 3371 videtur
842 3337 991 3374 detulisse
1005 3341 1084 3375 Ma-

202 3383 312 3420 ximus
333 3384 569 3431 Magistrianus
588 3411 595 3418 .
616 3384 769 3430 synodus
792 3397 996 3434 nequaquam
1021 3391 1091 3424 fuit·

1805 3444 1979 3483 CAPUT
