2320 3730
577 213 891 274 Scn0L11s‚
931 230 993 260 ετ
1028 213 1221 260 Nous
1254 227 1645 258 ILLusruArm.

215 305 354 345 illustras
384 302 510 338 Marius
545 303 713 340 Mercator
740 317 748 336 :
774 305 874 343 cyrilli
897 303 1095 337 Alexandrini

216 356 353 400 Epifiopi
375 355 570 398 apologeticus
580 363 636 396 pro
648 356 799 388 duodecim
811 354 964 395 Capitulis
986 352 1095 384 adver-

222 407 465 441 so'aemOrientales
478 403 658 447 Episcopos,
684 416 806 448 quorum
834 408 949 435 nomine
961 402 1094 434 Andreas

212 453 417 497 samosatenus
430 454 600 495 objff‘ones
607 454 769 499 scripserat
783 477 790 485 .
818 452 912 485 Hinc
925 450 1095 494 Hypatius

211 504 353 540 Andreae
379 505 542 547 Scriptum
569 504 742 549 distinguit
781 510 894 535 contra
929 500 1091 542 Scriptum

214 555 460 589 Orientalium:
487 554 592 603 Qod
616 552 734 598 nempe
746 561 849 585 unum
871 561 912 584 ex
925 550 1026 583 totius
1037 549 1095 582 Fa-

216 604 337 638 &ionis
349 605 485 638 nomine
497 628 508 644 ‚
535 604 625 639 aliud
638 603 799 645 scripsisset
821 611 863 633 ex
875 599 1012 634 nomine
1025 608 1095 642 pro·

213 653 287 698 prio
309 679 317 687 .
343 653 432 687 Istud
452 664 529 688 ante
547 680 559 695 ,
585 652 650 688 hoc
681 650 752 696 post
775 648 972 693 Ephesinam
993 649 1096 691 Syno-

213 702 296 738 dum
306 716 317 735 ι
340 702 448 737 Immo
460 704 533 748 post
545 704 696 746 scriptum
706 701 723 735 a
736 700 852 734 Sancto
861 698 993 742 Cyrillo
1005 700 1097 741 Apo·

212 753 396 798 iogeticum
405 753 554 789 adversus
566 749 774 785 Theodoreti
799 749 983 784 calumnias
997 773 1004 780 .
1031 748 1097 786 Lu·

213 813 267 838 cet
286 814 327 837 ex
339 802 388 838 his
408 803 495 847 ejus,
520 801 606 846 apud
630 799 835 835 Anastafium
857 799 1017 834 Sinaitam
1042 808 1094 831 ex-

214 853 376 888 stantibus
395 878 407 894 ,
431 853 472 887 ad
495 851 661 894 Cyrillutn
686 849 791 888 verbis
819 862 827 882 ι
854 850 1009 893 ‚Quomodo
1032 858 1097 880 cum

214 901 413 937 neoda-etus
434 902 585 939 duodecim
597 902 742 944 Capitula
770 910 825 938 tua
833 899 970 941 refutare
981 894 1099 941 aggres-

209 950 268 994 sus
286 952 370 995 effet,
398 963 551 996 nunquam
563 951 721 995 defendisti
732 952 790 991 id,
815 950 895 993 quod
905 951 943 984 de
954 945 1099 990 hujusmo-

214 1002 251 1035 di
262 1000 449 1044 hypostasibus
468 1009 501 1036 in
520 1007 608 1037 tertio
626 1002 766 1043 Capitulo
786 1000 933 1042 asseveras
945 999 963 1030 ἒ
990 996 1100 1040 Cyril-

215 1050 289 1085 lum
306 1052 435 1095 arguit,
461 1051 552 1094 quod
564 1049 784 1085 Theodoreto
796 1048 1019 1093 responderit,
1046 1045 1099 1081 sed

214 1110 287 1133 non
316 1099 359 1133 ad
384 1099 511 1144 singula
534 1125 542 1132 .
568 1098 673 1148 Qod
695 1099 843 1144 quaedam
867 1096 1101 1133 dissimulando

215 1147 448 1194 subterfugerit
470 1175 478 1182 .
514 1150 558 1183 Et
580 1149 659 1183 hinc
685 1149 840 1184 discimus
865 1148 1035 1183 Andream
1061 1145 1102 1180 ab

214 1196 275 1232 illa
294 1198 509 1238 infirmitate,
531 1211 600 1242 quae
621 1200 728 1244 ipsum
756 1198 798 1233 ab
810 1197 966 1242 Ephesini
980 1196 1103 1231 Conci-

216 1247 256 1281 lii
276 1249 401 1283 accessu
426 1247 597 1292 prohibuit
619 1274 630 1289 ,
656 1260 698 1283 ex
724 1248 856 1291 integro
877 1246 1078 1281 convaluisse
1095 1269 1102 1276 .

216 1297 336 1332 Exstat
348 1297 560 1332 Theodoreti
581 1297 622 1331 ad
642 1297 748 1341 ipsum
773 1295 940 1339 Epistola,
968 1294 1036 1329 haec
1048 1292 1104 1328 ha·

59 1367 135 1403 Cap,
157 1369 204 1396 24·
218 1345 320 1382 bens:
350 1350 416 1391 ,Qui
435 1347 531 1388 mibi,
556 1351 682 1381 Domine
694 1370 705 1386 ‚
723 1346 876 1388 felicitate
889 1355 943 1379 tua
962 1345 1104 1389 effepoffit

220 1397 382 1433 amabilius
402 1398 415 1430 ἓ
442 1398 525 1431 Haec
545 1421 557 1437 ‚
589 1396 639 1430 uti
664 1397 700 1430 ὃ(
723 1396 794 1429 aliae
815 1396 921 1439 plures
946 1396 1106 1429 evincunt

222 1447 330 1492 ipsum
342 1446 551 1489 supervixisse
569 1446 670 1488 usque
682 1445 723 1480 ad
734 1446 935 1490 completam
950 1444 1107 1479 Ecclefia-

224 1508 298 1532 rum
325 1496 447 1530 Pacem
470 1519 479 1528 .
518 1495 677 1530 Attamen
704 1494 785 1530 dum
814 1497 952 1530 Irenaeus
985 1494 1106 1538 scripsit

223 1549 317 1582 suam
337 1544 555 1590 Tragoediam
576 1568 588 1585 ‚
614 1545 671 1579 ille
689 1554 758 1579 erat
784 1545 956 1590 defunssus
975 1571 982 1578 .
1015 1546 1108 1579 Hinc

223 1596 333 1640 ipsum
344 1594 485 1639 appellat
504 1594 722 1629 venerabilem
733 1595 834 1629 beatae
844 1594 1012 1629 memoriae
1026 1619 1033 1626 .
1063 1595 1107 1628 Et

222 1644 389 1688 Ephelino
401 1645 598 1679 Latrocinio
619 1643 723 1679 adsuit
747 1645 815 1688 ejus
834 1644 1002 1679 Successor
1027 1644 1110 1677 Ruf-

225 1695 336 1731 finus.
364 1693 511 1732 Proinde
534 1693 651 1729 labitur
687 1695 821 1729 Sanctus
857 1693 1110 1738 Theophanes,

226 1744 265 1779 i'n
277 1743 457 1779 Chronicis
477 1746 640 1779 affirmans
652 1743 820 1780 Andream
843 1745 936 1779 fuisse
958 1743 1110 1790 degrada-

227 1793 554 1830 tumaLatrocinio.
584 1795 688 1843 Qod
710 1796 745 1829 in
758 1795 860 1830 Notis
882 1796 922 1829 ad
935 1794 1110 1829 Theodori

227 1843 376 1879 Lestoris
387 1844 564 1879 secundum
584 1845 704 1881 librum
716 1845 884 1879 Henricus
898 1845 1048 1878 Valesius
1059 1844 1112 1877 de·

230 1891 345 1928 buerat
374 1892 539 1928 advertere
562 1906 570 1925 :
609 1894 654 1926 Et
676 1890 897 1937 Theophanis
924 1892 1112 1927 testimonio

227 1943 375 1987 praeferre
396 1941 481 1977 Acta
519 1942 699 1986 Synodalia
727 1967 736 1976 .
772 1943 960 1977 Anastasius
987 1942 1112 1976 Sinaita

229 1990 400 2027 Andream
420 1991 550 2034 insuper
571 1992 712 2035 appellat
722 1994 940 2026 execrandum.
969 1992 1030 2026 Per
1059 2004 1113 2026 ex·

230 2041 363 2079 cessum.
391 2040 527 2075 Etenim
551 2041 685 2085 etipse,
711 2040 1011 2080 &Theodoretus,
1036 2041 1111 2074 licet

230 2091 317 2127 circa
336 2091 444 2124 Sansti
469 2090 590 2133 Cyrilli
618 2090 771 2133 Capitula
809 2090 1090 2133 hallucinarentur
1105 2115 1114 2131 ,

228 2140 361 2175 flierunt
379 2149 490 2174 tamen
516 2138 708 2175 Orthodoxi
734 2164 745 2180 ,
772 2151 885 2183 pacem
913 2140 1112 2175 admiserunt

228 2188 477 2225 &Orthodoxe
496 2189 702 2225 dormierunt
727 2191 763 2224 in
777 2191 938 2228 Ecclesia.

281 2239 331 2273 At
343 2239 419 2272 vero
431 2251 501 2272 non
515 2238 602 2272 solus
615 2238 786 2276 Rabbulas
803 2240 837 2274 in
851 2240 1026 2275 Theodori
1037 2240 1114 2285 dog-

231 2297 321 2327 mata
342 2299 380 2322 ac
401 2289 572 2332 personam
591 2288 679 2323 dixit
704 2288 915 2331 Anathema,
940 2290 995 2325 sed
1015 2291 1114 2325 etiam

231 2338 377 2374 Aeacius
411 2338 625 2374 Melitinenfis
655 2339 835 2384 Episcopus
860 2366 871 2382 ,
899 2340 1115 2385 Metropolita

232 2387 378 2422 secundae
399 2387 580 2423 Armeniae.
608 2389 711 2424 Haud
727 2389 828 2425 dubie
853 2390 931 2424 fecit
942 2391 1118 2433 Synodali·

235 2448 284 2471 ter
305 2462 312 2468 .
340 2436 467 2470 Verum
489 2437 644 2479 Synodus
666 2450 735 2471 non
758 2439 823 2471 suit
843 2439 1010 2472 unanimis
1031 2463 1037 2470 .
1062 2440 1118 2472 Et-

79 2505 158 2538 cm,
175 2508 218 2529 10,
236 2486 329 2519 enim
342 2484 512 2519 Liberatus
525 2484 791 2531 Carthaginenfis
802 2486 912 2520 addit:
937 2491 1116 2531 congregati

234 2534 307 2580 sunt
330 2547 396 2578 ergo
417 2540 450 2567 in
476 2546 568 2567 unum
579 2535 771 2570 Venerabiles
794 2540 942 2570 Armeniae
954 2536 1120 2580 Episcopi,

238 2587 273 2620 (5
285 2583 425 2627 miserunt
437 2585 508 2617 duos
518 2584 705 2623 Presbyteros
720 2608 731 2624 ,
758 2589 912 2619 Leontium
923 2588 957 2619 62·
969 2586 1118 2627 Aberium,

237 2636 283 2669 ad
301 2635 434 2668 Proclum
456 2632 811 2675 constantinopolitanum
840 2635 1021 2678 Episcopum
1045 2660 1055 2676 ,
1076 2636 1118 2679 se-

238 2685 365 2721 cundum
390 2694 497 2717 morem
518 2694 583 2716 cum
600 2684 707 2718 libellis
722 2683 789 2727 suis
803 2708 814 2724 ‚
840 2686 875 2719 Θ·
893 2696 950 2719 uno
971 2687 1119 2721 volumine

240 2732 599 2777 TheodoriMopfiiistt-ni,
621 2732 696 2776 scire
717 2736 872 2775 volentes,
899 2743 1001 2768 utrum
1013 2737 1120 2769 doHri·

240 2797 282 2817 na
307 2783 473 2823 Theodori,
499 2795 539 2816 an
562 2784 707 2817 Rabbulae
730 2786 764 2819 ἀ)
777 2789 872 2818 Aeacii
895 2796 970 2818 vera
995 2786 1120 2828 effepro-

242 2835 365 2867 baretur
383 2858 390 2864 .
418 2832 563 2867 Proinde
596 2833 647 2866 isti
673 2833 827 2878 Episcopi
851 2836 998 2873 fecerunt
1020 2837 1119 2871 etiam

242 2883 417 2927 Synodum
441 2907 447 2914 .
483 2883 526 2916 Et
547 2882 680 2926 quidem
713 2884 772 2918 soli
794 2886 860 2920 sine
882 2885 1098 2929 Metropolita
1112 2910 1120 2918 .

242 2934 332 2981 Qia
353 2942 466 2967 contra
501 2933 606 2976 ipsum
629 2958 635 2964 .
667 2932 852 2969 Istiusmodi
885 2936 1119 2970 conventuum

244 2985 319 3017 sunt
344 2982 434 3026 plura
453 2983 619 3026 exempla.
646 2983 763 3019 Eidem
782 2984 956 3029 Episcopi,
977 2987 1011 3021 ὅ(
1026 2988 1121 3030 Joan-

246 3042 302 3066 nes
315 3031 497 3067 patriarcha
520 3031 749 3068 Antiochenus
760 3058 771 3074 ‚
798 3037 832 3069 δε
846 3035 996 3070 Andreas
1010 3038 1121 3071 Samo-

246 3082 374 3115 satenfis
396 3081 435 3115 ad
457 3082 535 3116 huic
557 3082 757 3119 anathemati
785 3086 1054 3121 recalcitrandum
1077 3087 1120 3120 vi-

248 3131 366 3165 dentur
388 3132 479 3165 fuisse
500 3133 581 3166 moti
603 3132 621 3167 a
635 3134 779 3168 secundae
792 3137 918 3170 Ciliciae
931 3137 1119 3181 Episcopis,

250 3179 419 3222 dequibus
442 3181 526 3215 idem
538 3181 705 3217 Liberatus
722 3197 728 3216 :
751 3185 991 3227 Infimulantibus
1003 3185 1119 3229 Episco-

248 3237 299 3273 pis
321 3232 433 3264 Ciliciae
445 3231 613 3263 Rabbulam
632 3233 663 3265 ὦ·
675 3237 807 3268 Acacium
821 3261 831 3277 ‚
857 3238 936 3279 quod
954 3236 1004 3269 hoc
1014 3248 1072 3269 non
1082 3248 1119 3270 ex

251 3280 418 3319 charitate,
438 3278 496 3323 sed
515 3293 551 3314 ex
564 3284 745 3317 aemulatione
767 3295 856 3327 atque
879 3292 1057 3321 contentione
1072 3286 1121 3328 fe·

254 3331 350 3373 ciffent
360 3356 367 3362 .
394 3331 528 3364 Etenim
541 3331 742 3375 Mopsuestia
757 3356 766 3372 ‚
788 3336 876 3379 cujus
888 3338 1120 3381 Episcopatum

251 3380 452 3415 Theodorus
464 3380 619 3425 gesserat,
643 3392 706 3418 erat
719 3383 754 3418 in
776 3386 911 3423 secunda
923 3388 1061 3425 Cilicia,

351 3429 458 3472 christ.
474 3435 553 3475 Lupi
567 3437 664 3475 Opera
675 3435 776 3470 Tyn.

1867 230 1883 261 1
1902 229 1972 276 37⁴

1205 298 1448 334 AEmulationis
1475 299 1510 333 ὃ(
1531 299 1758 334 contentionis
1778 302 2028 337 fundamentum

1154 349 1291 392 exponit
1313 350 1348 384 in
1371 350 1493 384 famosa
1516 350 1570 383 sua
1590 348 1736 392 Epistola
1757 349 1852 391 lbas,
1874 352 2031 387 Rabbulae

1155 400 1320 433 Succeffor
1340 422 1353 440 ,
1378 400 1419 443 de
1441 400 1510 442 ipso
1532 399 1643 433 dicens
1670 412 1680 431 .·
1711 402 1757 431 De
1778 400 1864 432 libris
1888 403 2032 436 Theodori

1155 450 1249 481 multa
1259 449 1363 492 ubique
1375 448 1567 492 perscrutatio
1583 449 1675 491 fac‘la
1687 448 1725 489 est
1736 473 1747 488 ,
1775 459 1832 481 non
1845 456 1915 491 quia
1929 453 1947 482 ὰ
1959 463 2032 484 vera

1150 498 1213 539 fide
1223 498 1382 539 existerent
1403 501 1516 540 alieni,
1542 501 1610 532 vidi
1632 504 1709 533 enim
1720 498 1888 532 Rabbulam
1901 523 1911 538 ,
1939 500 2033 532 adhuc

1155 549 1204 581 illo
1224 556 1297 583 vivo
1311 574 1322 590 ‚
1340 549 1514 592 frequenter
1536 560 1601 582 eum
1622 551 1796 583 laudantem
1819 572 1830 588 ‚
1856 549 2032 582 &inlibris

1154 599 1219 638 ejus
1245 600 1357 643 legebat
1378 612 1387 641 3
1422 598 1481 642 sed
1507 607 1628 642 propter
1664 604 1848 633 inimicitiam
1873 600 2034 638 latentem,

1156 658 1246 688 quam
1257 650 1404 681 adversus
1421 661 1484 682 eum
1496 649 1619 688 habuit,
1644 655 1781 692 quoniam
1803 648 1958 690 manifeste?
1971 659 2036 680 eum

1156 699 1281 730 convicit
1294 702 1332 733 tin
1362 700 1485 734 synodo.
1526 699 1583 734 An
1602 698 1668 734 haec
1692 712 1764 734 vera
1786 699 1846 733 sint
1866 724 1877 739 ,
1899 698 2037 743 ignoro.

1157 746 1240 780 Item
1272 747 1391 791 ignoro
1409 770 1419 785 ‚
1454 760 1495 781 an
1517 748 1686 784 Liberatus
1707 750 1814 784 solum
1853 748 2041 783 Rabbulam

1159 803 1274 836 notet,
1305 807 1347 829 an
1369 795 1469 829 etiam
1492 796 1651 833 Acacium
1676 825 1683 832 .
1718 798 1875 843 Ejusdem
1895 796 2041 832 Liberati

1160 844 1277 886 verba,
1303 845 1467 878 secundum
1490 856 1595 879 morem
1617 872 1628 888 ,
1650 849 1802 883 videntur
1824 848 1956 884 laudare
1974 858 2046 881 mo-

1160 906 1229 929 rem
1249 894 1414 929 Armeniae
1437 894 1586 929 Ecclefiae
1609 918 1620 934 ,
1647 897 1751 933 imme>
1775 900 1878 934 totius
1898 897 2045 932 Ponticae

1161 946 1366 986 Dioeceseos,
1387 944 1453 987 jam
1468 945 1593 988 pridem
1603 946 1813 982 referentium
1828 948 1868 984 ad
1882 947 2044 983 Constan-

1161 996 1421 1039 tinopolitanum
1446 995 1650 1038 Episcopum
1671 1019 1678 1027 .
1713 993 1843 1038 Nempe
1864 999 1882 1031 a
1898 1007 2046 1041 tempore

1163 1047 1270 1085 Sanffi
1297 1045 1430 1089 Ioannis
1452 1043 1703 1087 Chrysostomi‚
1726 1046 1785 1087 qui
1807 1045 1943 1080 &istam
1955 1049 2047 1082 Dioe-

1162 1097 1258 1132 cefim
1277 1106 1403 1130 tentare
1424 1096 1543 1138 coepit,
1567 1094 1708 1137 ideoque
1728 1094 1808 1127 dura
1830 1095 1892 1127 fuit
1905 1097 2005 1137 passus
2030 1097 2049 1131 ὲ

1165 1145 1361 1180 Caesaraeenfi
1385 1144 1538 1180 Exarcho
1561 1144 1725 1179 Helladio
1737 1170 1744 1177 .
1768 1143 1812 1177 Et
1827 1142 1957 1177 Praefati
1974 1145 2049 1187 Epi-

1167 1196 1255 1240 scopi
1268 1194 1422 1230 nolebant
1434 1195 1474 1229 ad
1493 1196 1642 1229 Firmum
1655 1192 1846 1229 Exarchum
1869 1205 2047 1228 recurrere.

1167 1246 1271 1292 Quod
1295 1257 1413 1288 nempe
1436 1246 1555 1279 Sandio
1568 1245 1698 1288 Cyrillo
1721 1243 1887 1279 adhaerens
1901 1269 1912 1285 ,
1939 1253 2055 1287 poten-

1167 1293 1285 1329 tiffime
1295 1295 1510 1330 adversaretur
1520 1295 1701 1337 Nestorio,
1724 1295 1866 1339 ideoque
1892 1293 2052 1328 &Theo-

1167 1344 1251 1380 doro
1264 1370 1271 1377 .

1221 1395 1355 1430 Relatio
1379 1395 1472 1440 periit
1486 1406 1542 1431 aut
1564 1396 1642 1431 latet
1666 1422 1674 1430 .
1697 1395 1771 1431 Nec
1792 1396 1884 1431 enim
1905 1395 1951 1430 est
1973 1393 2056 1435 i'sta,

1171 1457 1240 1488 quaa
1261 1446 1296 1479 in
1321 1457 1433 1490 quarta
1456 1446 1581 1491 quintae
1603 1446 1938 1490 SynodiCollatione
1952 1445 2057 1479 exstat

1171 1495 1229 1530 sub
1252 1494 1316 1529 hoc
1338 1497 1460 1531 titulo:
1486 1499 1540 1529 Ex
1561 1497 1668 1530 libellis
1675 1497 1817 1537 porrec‘lis
1839 1498 1859 1528 ἃ
1874 1495 2057 1534 Presbyteris

1171 1548 1205 1580 <9
1225 1550 1366 1580 Diaconis
1379 1572 1389 1587 ,
1416 1551 1468 1590 qui
1487 1546 1644 1590 transmiffi
1662 1545 1735 1589 sunt
1758 1546 1796 1579 ab
1818 1544 1972 1588 Episcopis
1987 1570 1997 1584 ,
2022 1545 2059 1577 &-

1172 1597 1314 1637 clericis,
1340 1598 1375 1630 &
1399 1596 1554 1630 Monacbis
1582 1621 1592 1637 ,
1622 1598 1656 1630 (¹5
1676 1603 1792 1629 caeteris
1819 1606 1937 1638 magnae
1961 1599 2061 1626 Arme-

1173 1651 1233 1678 niae
1246 1670 1256 1686 ‚
1285 1647 1319 1680 (τ
1330 1646 1459 1688 Perfidis
1474 1668 1484 1684 ‚
1504 1647 1538 1679 (θ’
1548 1646 1619 1678 aliis
1628 1644 1785 1689 gentibus,
1816 1645 1918 1677 Proclo
1932 1645 1951 1675 5
1953 1640 2062 1684 anc‘lis-

1166 1694 1238 1737 fimo
1249 1694 1397 1738 Episcopo
1409 1693 1742 1736 constantinopolitana
1755 1699 1890 1727 civitatis
1909 1719 1916 1726 .
1929 1694 2061 1726 Harum

1176 1745 1389 1779 Relationum
1413 1754 1562 1788 patenter
1573 1745 1647 1778 sunt
1663 1745 1754 1789 plura
1765 1744 1971 1778 discrimina.
1999 1741 2061 1775 Ista

1176 1807 1229 1839 per
1242 1795 1327 1829 solos
1340 1795 1423 1829 duos
1437 1795 1672 1837 Presbyteros,
1700 1794 1767 1828 haec
1791 1793 1898 1828 delata
1919 1794 1983 1826 fuit
2008 1802 2064 1835 per

1176 1844 1388 1886 Presbyteros
1410 1845 1444 1877 &
1466 1844 1657 1877 Diaconos.
1680 1843 1743 1876 Ista
1765 1843 1857 1877 missa
1882 1841 2064 1876 fuitasolis

1176 1893 1369 1937 quibusdam
1401 1891 1549 1926 secundae
1569 1891 1733 1926 Armeniae
1758 1892 1928 1935 Episcopis
1950 1917 1961 1933 ‚
1993 1890 2063 1924 haec

1177 1943 1218 1977 ab
1245 1942 1418 1985 Episcopis
1440 1944 1456 1982 '‚
1478 1943 1617 1977 Clericis
1631 1968 1641 1983 ,
1664 1942 1868 1982 Monachis,
1890 1941 2064 1976 &cunetis

1176 1993 1327 2026 fidelibus
1347 1992 1451 2026 totius
1467 1992 1631 2025 Armeniae
1653 2014 1663 2029 ‚
1682 1991 1818 2024 Persidis
1834 2016 1845 2032 ,
1867 2003 1905 2024 ac
1924 1992 2064 2025 aliarum

1176 2041 1344 2085 gentium.
1370 2041 1431 2074 Ista
1451 2042 1538 2084 quasi
1554 2052 1612 2083 pro
1623 2039 1812 2075 Theodoro
1827 2064 1837 2079 ‚
1857 2042 1924 2074 haec
1951 2052 2064 2085 paten-

1177 2090 1293 2125 tissime
1313 2100 1428 2124 contra
1441 2090 1553 2124 illum.
1584 2091 1669 2124 Eum
1689 2091 1779 2125 enirn
1794 2090 1943 2125 inscribit
1955 2090 2065 2126 homi·

1178 2151 1252 2176 nem
1264 2140 1448 2183 pestiferum
1459 2165 1470 2180 ,
1494 2140 1599 2174 immo
1611 2142 1720 2184 potius
1745 2143 1843 2175 feram
1855 2164 1865 2179 ,
1888 2140 2063 2175 habentem

1178 2190 1388 2226 Diabolicam
1411 2192 1551 2224 formam
1577 2190 1742 2224 hominis.
1771 2192 1900 2226 Laudat
1922 2192 2065 2235 priorem

1179 2241 1373 2275 relationem
1388 2263 1399 2279 ,
1418 2239 1437 2272 ὲ
1449 2241 1512 2273 suis
1533 2240 1646 2273 fastam
1657 2241 1697 2273 ad
1708 2240 1862 2275 Sanctum
1877 2241 2044 2283 Cyrillum
2055 2266 2063 2273 .

1179 2291 1262 2325 Item
1285 2299 1448 2324 memorat
1469 2292 1609 2324 extrasta
1641 2288 1659 2322 ὲ
1682 2288 1858 2324 Theodori
1890 2290 1982 2324 libris
2005 2290 2068 2324 Ca-

1180 2341 1281 2385 pitula
1302 2367 1310 2378 .,
1349 2339 1494 2375 Proinde
1517 2340 1563 2375 est
1588 2339 1756 2374 manifeste
1781 2341 1844 2375 alia
1866 2365 1876 2381 ‚
1908 2341 1941 2375 ὃς
1967 2340 2069 2384 ροίὶεε

1182 2402 1266 2424 rior.

1232 2437 1286 2470 Ad
1310 2437 1404 2471 istam
1428 2438 1528 2483 igitur
1554 2441 1696 2481 priorem
1718 2441 1910 2475 relationem
1930 2440 2069 2475 Proclus

1181 2499 1259 2521 mox
1271 2486 1437 2529 respondit
1451 2499 1507 2530 per
1519 2489 1611 2522 suum
1623 2489 1783 2523 famosum
1806 2490 1959 2524 Tomum
1973 2514 1980 2521 .
2011 2491 2072 2523 Et-

1182 2539 1248 2573 iam
1259 2538 1325 2580 ipse
1338 2547 1426 2571 totus
1439 2538 1552 2572 oderat
1561 2538 1752 2572 Nestorium
1764 2564 1775 2579 ‚
1802 2551 1840 2574 ac
1852 2540 1919 2583 ejus
1930 2540 2069 2584 dogma-

1180 2597 1212 2622 ta
1226 2613 1233 2619 .
1261 2587 1350 2620 Nam
1363 2587 1484 2629 primus
1496 2588 1611 2622 invasit
1622 2588 1690 2631 ejus
1715 2588 1928 2632 blasphemias
1942 2614 1953 2629 ‚
1979 2601 2069 2633 aper-

1180 2637 1212 2671 te
1230 2638 1264 2671 ὅ(
1277 2637 1459 2680 frequenter
1471 2637 1504 2669 in
1518 2636 1599 2680 ipsas
1610 2638 1842 2672 concionatus.
1871 2640 1944 2674 Nec
1956 2639 2067 2674 timuit

1179 2686 1220 2721 ab
1234 2685 1452 2721 Haerefiarcha
1464 2686 1614 2722 damnari
1623 2697 1678 2722 aut
1690 2687 1844 2732 relegari.
1873 2690 1967 2723 Licet
1978 2690 2068 2723 enim

1180 2737 1251 2771 istic
1264 2736 1347 2770 inter
1360 2737 1574 2779 Presbyteros
1583 2736 1734 2782 degeret,
1760 2749 1829 2772 erat
1841 2748 1950 2773 tamen
1975 2739 2016 2773 ab
2030 2740 2068 2773 il-

1180 2787 1242 2820 lius
1269 2785 1480 2821 Anteceffore
1498 2788 1641 2822 Sisinnio
1654 2789 1859 2822 consecratus
1877 2790 1912 2822 in
1936 2790 2066 2832 Episco-

1180 2848 1258 2880 pum
1274 2837 1477 2879 Cyzicenum
1493 2862 1500 2869 .
1529 2836 1616 2872 Asta
1630 2838 1759 2881 Populo
1774 2850 1841 2872 non
1854 2838 2007 2872 admissus
2019 2850 2067 2872 re-

1181 2887 1281 2921 dierat
1293 2887 1646 2931 Constantinopolim,
1673 2890 1706 2922 &
1729 2888 1798 2922 illic
1819 2896 1985 2931 tamquam
2000 2887 2066 2922 Va-

1181 2937 1329 2971 cantivus
1351 2937 1528 2981 Episcopus
1551 2938 1692 2982 degebat
1728 2938 1811 2972 inter
1837 2937 2065 2981 presbyteros.

1183 2987 1223 3020 Et
1237 2986 1315 3020 hinc
1326 2987 1497 3021 Nestorius
1509 3013 1519 3028 ‚
1549 2990 1603 3031 qui
1620 2989 1753 3021 cunc‘tos
1766 2988 1933 3022 adversum
1946 2989 1979 3022 se
1990 2999 2063 3031 prae-

1179 3035 1286 3071 dicare
1299 3037 1392 3072 ausos
1403 3037 1612 3081 presbyteros
1623 3038 1763 3080 privavit
1773 3037 1876 3082 gradu
1904 3039 1938 3072 ὅ(
1951 3038 2064 3072 civita-

1181 3097 1212 3121 te
1224 3112 1234 3127 ,
1261 3088 1406 3122 crudeles
1418 3099 1532 3121 manus
1544 3099 1610 3121 non
1626 3088 1815 3130 praesumpfit
1838 3088 1873 3122 in
1904 3088 2062 3123 Proclum

1178 3136 1366 3172 extendere.
1396 3140 1438 3172 Er
1455 3136 1532 3170 hinc
1544 3137 1599 3170 ille
1611 3136 1676 3179 jam
1688 3137 1868 3181 Episcopus
1878 3137 1912 3172 ἃ
1925 3138 2062 3173 Patriar-

1179 3186 1239 3222 cha
1251 3212 1262 3228 ,
1288 3189 1401 3222 videns
1415 3186 1481 3221 haec
1494 3188 1605 3220 omnia
1618 3198 1686 3220 non
1700 3199 1757 3231 pro
1772 3189 1843 3222 solo
1854 3187 2058 3228 Theodoro,

1180 3238 1231 3271 sed
1254 3237 1351 3271 etiam
1382 3249 1439 3281 pro
1464 3236 1618 3271 Nestorio
1639 3238 1778 3281 agitari,
1804 3238 1839 3272 in
1866 3238 1923 3276 suo
1940 3239 2058 3272 Tomo

1178 3287 1329 3322 acerrime
1339 3288 1476 3322 confixit
1490 3287 1681 3321 Nestorium
1695 3301 1702 3320 ;
1717 3289 1758 3322 Et
1772 3287 1846 3322 licet
1857 3300 1925 3323 non
1937 3288 2061 3331 expres-

1180 3337 1270 3378 serit,
1297 3348 1405 3372 tamen
1428 3337 1583 3372 stabilivit
1605 3338 1712 3373 Sancti
1735 3339 1855 3382 Cyrilli
1881 3338 2033 3381 Capituia
2049 3360 2056 3367 .

1182 3387 1358 3428 Praesertim
1371 3388 1603 3427 duodecimum
1616 3414 1623 3421 .
1651 3388 1768 3427 Tomo
1788 3390 1878 3424 enim
1899 3385 2057 3428 inscripsit

1582 3438 1624 3473 M
1674 3446 1697 3483 3
1896 3435 2008 3477 hunc,
