2320 3730
355 183 451 235 362

525 323 791 375 CAPUT
826 323 950 372 CCI.
1005 337 1170 378 ---29o

284 452 453 525 Epistola
486 451 657 506 Eutherii
667 484 681 512 ,
718 447 902 513 quondam
937 445 1171 519 lemnenfis

351 522 555 592 Epl'stopi‚
590 518 642 566 ad
677 517 944 569 Alexandrum
978 521 1169 585 Hierapo-

348 593 509 645 liranum
527 626 541 652 ‚
579 605 708 640 contra
737 608 872 658 pacem
897 586 1053 656 scripta
1088 594 1167 636 Ec.-

282 693 288 696 -
347 663 458 726 clestae
492 666 591 724 Dei,
628 680 705 726 quae
737 659 853 727 facfla
886 660 936 724 est
970 664 1063 707 inter
1088 664 1121 706 C
1108 678 1165 724 y,

344 731 475 782 rillum
509 736 568 779 (θ’
601 739 788 790 joannem
823 728 1053 804 Epistopum
1066 766 1080 781 .

387 855 476 891 Ovet
500 866 553 890 me
572 853 614 891 ad
637 854 843 894 scribendum
865 855 1022 894 consuete
1045 855 1161 893 aDeo-

411 904 569 943 Paffianis
589 904 741 944 adversus
763 907 918 951 pietatem
948 918 1059 955 pugna
1084 918 1158 940 con-

268 957 442 993 scendens.
469 955 573 995 Nune
595 955 673 993 ver&
698 956 767 992 duo
791 968 846 994 me
873 957 930 991 ista
955 957 1159 1004 compellunt

268 1006 445 1044 intacitum
458 1017 591 1045 movere
601 1007 783 1044 sermonem
794 1016 910 1044 contra
922 1019 980 1041 eos
992 1032 1003 1047 ‚
1030 1008 1087 1053 qui
1101 1008 1156 1040 im-

269 1058 562 1103 piisassenserunt.
592 1056 715 1096 Unum
730 1081 742 1100 ,
768 1058 844 1101 quia
856 1057 977 1094 Oriens
999 1056 1081 1092 bene
1105 1057 1158 1089 de-

266 1108 392 1154 gensin
403 1106 604 1151 paceprius,
631 1117 721 1142 nunc
736 1107 813 1143 ficut
837 1107 998 1143 &caeterae
1021 1105 1156 1142 Provin-

262 1157 325 1192 ciae
335 1155 538 1202 perturbatur
551 1180 559 1192 ,
586 1155 632 1192 Et
646 1155 722 1200 quia
739 1155 766 1191 is
777 1179 788 1196 ‚
815 1155 871 1198 qui
883 1153 983 1198 hujus
994 1153 1155 1198 perturba·

263 1208 369 1244 tionis
391 1205 436 1242 est
457 1205 552 1242 causa
569 1229 581 1247 ‚
614 1212 650 1240 ut
673 1203 868 1241 admirabile
891 1205 1039 1250 aliquid,
1065 1205 1154 1242 Deli-

263 1258 353 1293 &um
373 1255 466 1292 suum
489 1265 546 1298 per
558 1253 740 1297 Epistolam
765 1254 895 1291 laudat.
925 1254 1045 1291 Scribit
1059 1266 1156 1289 narn-

263 1316 328 1349 que
339 1305 381 1340 ad
405 1303 551 1342 Cilicum
564 1304 692 1342 Patres:
722 1307 756 1337 51
764 1311 834 1347 quis
850 1308 945 1346 vera,
971 1306 1050 1351 quod
1059 1305 1131 1347 abfit
1144 1329 1154 1345 ,

261 1355 364 1391 abhoc
384 1355 457 1389 bono
481 1361 656 1396 avertitur,
685 1353 732 1388 hic
741 1355 913 1397 manifestus
937 1355 975 1395 est
991 1380 1002 1396 ,
1028 1355 1154 1397 quodab

262 1407 330 1441 olim
343 1431 353 1449 ,
380 1406 444 1440 &ei
464 1410 613 1447 principio
635 1415 694 1438 non
704 1416 741 1439 ea
765 1417 834 1449 quae
851 1407 972 1440 Domini
978 1404 1075 1448 sunt,
1097 1403 1156 1448 sed

261 1467 331 1500 quae
349 1454 407 1503 sua
427 1454 589 1500 quaefierit.
621 1453 652 1488 A
666 1466 733 1498 quo
758 1455 923 1498 inquirere
945 1455 1070 1492 bonum
1083 1454 1152 1490 est:

260 1506 296 1542 A
319 1513 352 1539 te
374 1505 505 1539 interim
519 1515 590 1548 quae
602 1504 746 1540 Domini
769 1506 845 1539 sunt
856 1516 1051 1549 quaeremus,
1082 1516 1152 1549 quae

259 1554 297 1592 in
312 1554 441 1598 Epheso
453 1553 619 1598 perdidisti
635 1579 647 1596 ‚
675 1566 744 1588 non
757 1557 890 1591 veniens
916 1566 1063 1600 tempore
1074 1555 1151 1589 defi-

260 1605 336 1642 nito
349 1627 360 1644 ,
388 1614 487 1647 atque
509 1616 600 1639 nunc
625 1606 660 1638 in
674 1604 867 1651 AEgyptum
879 1605 1023 1650 dirigens
1035 1615 1148 1639 contra

259 1654 361 1692 fidem
374 1654 559 1699 perpetrasti
572 1680 578 1688 .
603 1653 720 1693 Taceo
734 1656 867 1691 interim
879 1667 949 1700 quae
958 1665 1074 1693 contra
1086 1666 1151 1699 per-

260 1706 397 1746 sonam,
425 1715 495 1747 quae
521 1705 555 1740 in
569 1704 694 1740 invidia
705 1706 774 1746 est,
800 1706 898 1743 fueris
921 1703 1151 1748 machinatus,

260 1755 366 1792 sciens
382 1754 470 1797 quod
481 1753 661 1795 jurisdifflo
673 1778 685 1796 ‚
712 1766 785 1798 quae
796 1767 855 1799 pro
869 1757 989 1800 pietate
1002 1755 1152 1792 moveba-

258 1813 335 1845 tur,
366 1803 454 1840 illius
464 1802 645 1841 defensioni
662 1805 854 1848 proficeret,
881 1808 968 1849 saepe
988 1806 1079 1842 enim
1097 1817 1152 1849 po-

259 1864 354 1889 tente
374 1854 510 1901 persona
535 1855 640 1899 pietas
663 1855 768 1893 utitur
794 1856 880 1890 circa
902 1856 1002 1890 fidem
1024 1867 1083 1900 pro
1093 1856 1151 1891 suo

258 1913 376 1940 contra
397 1904 604 1949 impietatem
625 1906 709 1941 statu
724 1931 735 1948 ‚
761 1907 893 1950 quoties
916 1907 948 1940 se
962 1904 1076 1942 viderit
1093 1907 1152 1941 im-

261 1955 425 1999 pugnari.
454 1954 545 1990 Sicut
556 1956 726 1999 quondam
741 1957 852 1994 sand'tae
871 1957 1037 1993 memoriae
1049 1955 1150 1991 Mele-

258 2005 312 2039 tio
329 2002 549 2040 Antiocheno
562 2006 733 2051 Episcopo
744 2031 754 2049 ,
768 2007 802 2043 δε
812 2017 888 2043 ante
900 2007 1004 2050 ipsum
1019 2007 1152 2042 immor-

259 2052 337 2088 talis
350 2054 520 2090 memoriae
532 2054 763 2091 Alexandrino
777 2057 942 2098 Episcopo
953 2054 1145 2090 Athanafio.

263 2102 335 2140 Dic
363 2102 465 2148 igitur
489 2101 587 2140 nobis
607 2127 618 2147 ‚
645 2102 779 2147 quando
799 2113 836 2140 tu
858 2115 895 2139 ea
917 2115 988 2147 quae
1008 2102 1150 2139 Domini

263 2154 341 2188 sunt
364 2153 546 2196 quaelieriS,
573 2153 740 2195 praeteritis
762 2153 965 2196 temporibus
980 2177 991 2196 ,
1017 2164 1058 2188 an
1080 2163 1151 2195 prae-

263 2201 435 2239 sentibus?
461 2200 525 2237 Sed
552 2211 595 2235 ne
615 2202 809 2237 scrutatores
821 2212 884 2237 tuae
895 2202 1152 2236 conversationis

262 2262 357 2297 putes
372 2275 383 2292 ,
408 2260 524 2288 contra
547 2250 708 2295 AEgyptii
732 2249 917 2295 impietates
937 2249 1004 2286 fine
1028 2250 1151 2294 pudore

266 2301 449 2338 debellatus
469 2311 519 2337 ες,
547 2301 601 2337 Ex
615 2311 673 2336 tuo
695 2300 728 2337 δε
741 2300 811 2344 ejus
835 2299 970 2336 novello
991 2300 1152 2346 negotio,

264 2351 405 2397 qualiter
429 2351 470 2386 de
483 2351 648 2396 praeteritis
668 2349 863 2395 dijudicatio
883 2351 975 2387 nulla
999 2351 1060 2391 fit,
1085 2348 1151 2384 hoc

264 2402 365 2437 nobis
382 2401 518 2439 ostende
532 2426 538 2434 .
570 2401 613 2437 Et
624 2411 733 2436 utrum
744 2400 899 2437 correctio
911 2400 1084 2444 cujuslibet
1097 2411 1153 2444 pu·

265 2452 367 2487 tanda
391 2453 451 2494 fit,
476 2451 657 2497 judicemus
680 2466 691 2488 .·
718 2451 810 2487 Illius
832 2462 874 2484 ne
895 2475 906 2491 ,
931 2451 986 2496 qui
1011 2449 1152 2494 deliquit

264 2514 363 2548 atque
374 2502 594 2546 correptusest
609 2527 619 2543 ,
645 2513 687 2538 an
699 2511 755 2537 tua
766 2501 823 2546 qui
834 2500 1018 2544 dijudicasti
1041 2502 1073 2537 δε
1085 2512 1153 2535 cor·

265 2552 393 2599 ripuisti
407 2552 424 2585 ἓ
449 2553 516 2589 Dic
528 2552 600 2597 quis
610 2553 747 2588 alterurn
772 2551 962 2587 fitlucratus
979 2553 992 2587 ἓ
1018 2551 1105 2600 Quis
1117 2551 1153 2584 fit

265 2604 391 2650 peccati
415 2602 532 2647 absque
554 2604 610 2638 sua
632 2602 826 2638 confufione
849 2602 1039 2645 correptor?
1067 2602 1154 2648 Quis

267 2654 417 2691 imitatus
443 2653 579 2689 Petrum
593 2677 604 2693 ,
630 2653 664 2687 δε
676 2649 715 2685 ad
736 2651 966 2696 poenitentiam
980 2650 1087 2694 parate
1100 2652 1153 2687 su-

267 2705 394 2747 sceptus
419 2704 432 2735 ?
459 2702 700 2737 Perscrutemur
723 2726 733 2743 ,
758 2702 780 2735 fi
803 2702 908 2745 placet
925 2727 935 2743 ,
962 2701 996 2735 δε
1015 2712 1128 2736 eorum
1142 2725 1152 2743 ‚

267 2764 339 2798 quae
369 2749 409 2788 ad
442 2760 476 2787 te
501 2750 543 2788 ab
581 2751 747 2797 AEgyptio
772 2752 888 2796 scripta
921 2753 998 2789 sunt
1017 2775 1029 2795 ,
1055 2751 1152 2786 virtu-

267 2812 338 2840 tem
351 2826 359 2834 ·

321 2850 505 2887 Videamus
516 2851 537 2886 si
549 2861 661 2894 pacem
673 2876 684 2893 ,
710 2861 809 2895 quam
821 2850 981 2888 redditam
1006 2850 1153 2895 prospere

269 2901 406 2939 Mundo
427 2901 626 2941 annuntias,
652 2901 727 2934 rixae
748 2900 928 2946 adjectione
953 2902 1070 2937 fastam
1084 2912 1150 2935 non

270 2952 448 2998 reperimus
471 2952 507 2987 in
526 2961 580 2986 te.
608 2951 653 2985 Et
677 2951 753 2985 veni
772 2974 783 2991 ,
810 2960 846 2986 ut
866 2952 1065 2996 attingentes
1077 2951 1153 2995 ipsa-

271 3013 344 3037 rum
364 3002 563 3048 principium
587 3001 771 3036 litterarum
794 3024 805 3041 ,
833 3000 1042 3045 AEgyptiacae
1065 3000 1152 3036 illius

271 3052 405 3088 interim
426 3050 617 3097 dejectionis
637 3051 800 3094 specimen
824 3050 1011 3085 videamus.
1038 3051 1154 3098 Qali-

276 3110 325 3135 ter
335 3102 368 3138 in
382 3102 454 3145 ἱρῆς
468 3100 618 3145 Epistolae
643 3101 809 3144 prooemiis
832 3100 1006 3137 Salvatoris
1019 3101 1152 3141 quidem

273 3150 400 3186 Christi
424 3150 604 3194 praeteriens
627 3151 726 3187 faciat
746 3150 971 3191 mentionem,
997 3150 1153 3193 Imperia·-

274 3198 342 3235 lem
364 3199 438 3236 ver&
459 3212 540 3236 mox
550 3199 662 3236 dilatet
679 3201 808 3236 laudem
821 3226 828 3236 .
859 3201 903 3236 Et
929 3199 993 3235 hoc
1015 3212 1152 3246 namque

275 3248 451 3292 impiorum
463 3251 507 3284 est
519 3250 686 3296 proprium
696 3250 861 3295 despicere
886 3249 1019 3295 quidem
1032 3251 1153 3294 patien-

274 3299 357 3335 tiam
377 3298 548 3336 Salvatoris
570 3325 581 3341 ,
608 3299 740 3344 obsequi
765 3299 842 3335 verti
864 3312 977 3335 eorum
998 3324 1008 3339 ,
1039 3301 1095 3343 qui
1119 3302 1151 3334 in

274 3358 358 3387 tetra
376 3348 574 3397 praevalent,
598 3348 836 3387 Potestatibus.
864 3350 927 3387 Sed
949 3349 1033 3386 mihi
1044 3350 1149 3392 dona,

722 172 1211 219 VARIORUM
1282 162 1638 216 Paruum

1233 256 1271 283 ut
1281 246 1323 281 de
1347 246 1538 284 vanisillius
1546 249 1630 285 circa
1649 249 1716 286 haee
1735 250 1939 287 sermonibus
1958 262 2113 298 taetram,

1234 298 1335 340 ipsam
1355 298 1510 331 virtutem
1530 297 1704 334 earundem
1726 301 2010 345 inspicienslittera
2021 316 2112 340 rum.

1233 347 1335 395 Quod
1360 346 1492 382 veroest
1513 346 1674 392 deterius,
1702 351 1761 395 qui
1771 351 1896 387 deludit
1910 354 2110 398 irreprehen-

1232 398 1325 433 fibile
1351 399 1493 436 Domini
1527 397 1700 436 confilium
1724 423 1735 438 ,
1763 400 1966 446 semetipsum
1987 405 2112 445 caelitus

1235 444 1471 485 Consiliarium
1503 450 1635 486 Divinae
1667 447 1918 494 gubernationis
1942 455 2105 492 efficiens.

1232 499 1322 536 Nam
1334 499 1460 537 sensum
1471 523 1482 542 ‚
1509 511 1604 546 quem
1617 500 1764 536 volentes
1775 499 1842 545 ejus
1863 500 2019 538 adhibent
2029 505 2110 543 blas·
2127 510 2142 522 s

1231 548 1390 593 phemiiS,
1418 550 1654 596 nominepacis
1664 551 1826 595 appellat,
1849 551 1994 597 &ipsam
2014 554 2108 592 &Sal-

1232 609 1342 636 vatore
1353 599 1542 636 attributam
1554 602 1693 645 quadam
1706 603 1794 648 quast
1808 602 1879 649 lege
1891 605 2089 647 pronunciat
2098 632 2107 641 .

1229 649 1353 686 Adhuc
1373 661 1484 685 autem
1507 653 1737 696 conspeffione
1756 652 1857 698 digna
1867 654 1913 688 est
1936 654 1971 689 δε
1984 655 2049 699 ipsa
2059 655 2108 689 in-

1228 701 1393 737 finceritas
1417 701 1618 739 adulationis
1655 703 1696 739 ad
1728 701 1896 747 Principes
1917 731 1924 740 .
1964 705 2109 742 Miratur

1227 751 1318 785 enim
1339 762 1453 786 eorum
1487 753 1642 796 pietatem
1672 755 1690 787 a
1713 753 1905 789 Parentibus
1929 755 2107 800 traditam,

1226 802 1321 845 &per
1332 800 1397 837 hoc
1408 812 1464 837 eos
1486 802 1615 839 suadere
1627 804 1740 838 volens
1750 802 1837 839 hanc
1857 805 1926 848 ejus
1949 806 2109 849 suscipere

1227 852 1454 897 impietatem,
1479 854 1621 897 quasillis
1633 854 1740 890 Beatis
1753 855 1883 891 adversa
1906 856 1971 891 est.
2000 854 2108 891 Unde

1225 912 1363 942 coronas
1374 903 1492 940 iterum
1506 904 1615 947 plestit
1625 905 1653 939 ei
1666 929 1678 947 ,
1705 906 1761 949 qui
1772 906 1913 942 occurrit
1925 906 1965 940 ad
1978 907 2082 950 ipsum
2094 929 2107 947 ‚

1224 951 1258 990 ὃς
1268 964 1364 997 auget
1375 953 1443 996 ejus
1457 955 1635 998 superbiam
1659 965 1774 993 contra
1786 955 1886 992 fidem
1900 981 1907 989 .
1935 956 2004 999 lpse
2019 966 2107 990 nam-

1224 1011 1286 1043 que
1296 1002 1450 1046 Epistolae
1472 1005 1644 1039 verborum
1669 1006 1811 1048 crepitus
1824 1007 2053 1050 interpretatur
2063 1005 2105 1040 il-

1225 1051 1285 1088 lius
1304 1054 1421 1089 animae
1431 1054 1568 1090 crudum
1590 1065 1753 1091 tumorem
1769 1079 1776 1088 .
1806 1056 1891 1101 Quae
1901 1066 2105 1090 commemo-

1223 1102 1283 1135 rari
1303 1102 1348 1135 est
1363 1101 1489 1137 bonum
1500 1126 1507 1133 .
1536 1105 1626 1138 Nam
1648 1116 1715 1146 quo
1728 1105 1862 1146 quidem
1875 1105 1979 1141 modo
1991 1106 2104 1141 Eccle-

1221 1150 1341 1185 fiaesint
1360 1150 1487 1190 divisae,
1516 1152 1712 1196 superfluum
1735 1152 1823 1187 distu
1843 1154 1887 1187 est
1900 1178 1909 1187 .
1936 1155 1970 1187 O
1984 1165 2104 1198 proter·

1222 1200 1290 1236 via!
1317 1202 1486 1238 insontem
1500 1201 1704 1244 semetipsum
1716 1203 1850 1243 censet,
1875 1202 1988 1238 &sola
1997 1228 2008 1247 ‚
2036 1216 2103 1249 qua

1217 1260 1332 1286 contra
1355 1251 1439 1287 alios
1460 1250 1567 1291 dicat,
1594 1251 1863 1288 interminatione
1886 1254 1938 1288 seu
1962 1255 2106 1290 commi·

1216 1299 1354 1337 natione
1366 1309 1563 1342 contentus,
1589 1299 1818 1346 probationem
1839 1303 1941 1348 culpae
1968 1304 2103 1340 alterius

1218 1351 1323 1393 putari
1348 1351 1438 1392 vult,
1462 1350 1552 1396 quod
1573 1351 1614 1388 ad
1626 1353 1845 1387 accusandum
1857 1352 1958 1396 prone
1972 1361 2101 1397 paratus

1217 1401 1273 1435 fit.
1301 1399 1371 1435 Ubi
1392 1402 1468 1438 sunt
1490 1412 1600 1443 nunc,
1627 1402 1683 1447 qui
1698 1401 1774 1437 tuba
1787 1414 1911 1438 canunt
1924 1401 2022 1447 hujus
2036 1414 2105 1448 poe·

1219 1450 1416 1488 nitentiarn?
1444 1450 1519 1486 Ubi
1541 1452 1615 1487 sunt
1634 1452 1793 1487 illusionis
1815 1451 1908 1496 hujus
1932 1453 2105 1499 impuden-

1217 1512 1264 1535 tes
1288 1500 1456 1538 Praecones
1481 1503 1494 1537 ἓ
1518 1502 1612 1550 Qid
1644 1502 1822 1547 loquimini
1845 1513 1961 1537 contra
1983 1503 2102 1546 illum,

1215 1551 1269 1594 qui
1282 1551 1324 1585 ab
1334 1562 1376 1586 eo
1394 1552 1428 1588 ὅ(
1439 1552 1547 1594 aperte
1561 1551 1807 1588 theatrezamini
1821 1554 1838 1585 ἓ
1868 1553 1990 1588 Videte
2001 1564 2102 1598 quam

1215 1600 1254 1635 de
1266 1600 1359 1635 vobis
1374 1600 1511 1637 exhibet
1522 1612 1676 1645 pompam
1690 1614 1697 1635 :
1731 1603 1774 1637 Et
1786 1614 1844 1637 eos
1864 1603 2024 1639 laetissimo
2034 1604 2102 1638 risu

1216 1649 1355 1688 traducit
1368 1675 1378 1691 ,
1404 1650 1460 1697 qui
1475 1651 1599 1694 pridem
1612 1652 1747 1696 quidem
1774 1652 1886 1688 bellati
1901 1653 2100 1688 suntcontra

1214 1713 1312 1745 eum;
1341 1712 1430 1735 nunc
1453 1701 1531 1735 vero
1540 1700 1608 1743 ejus
1630 1700 1792 1736 fastisunt
1812 1701 1978 1736 soederati.
2006 1702 2102 1750 Qid

1215 1752 1304 1786 enim
1313 1751 1400 1786 dixit
1412 1751 1425 1786 ?
1445 1752 1599 1794 ,Quoniam
1607 1753 1679 1786 verti
1686 1748 1838 1793 superflua
1847 1753 1964 1785 omnine
1975 1752 2010 1786 &r
2017 1756 2104 1796 inop-

1212 1811 1344 1844 portuna
1357 1800 1544 1843 Ecclqfiarum
1567 1798 1714 1845 discordia
1727 1801 1820 1843 fac‘la
1844 1800 1900 1841 est.
1927 1801 2031 1837 Nunc
2041 1812 2103 1836 no-

1217 1852 1266 1888 bis
1287 1850 1332 1885 est
1356 1850 1515 1895 praecipue
1540 1851 1736 1887 satisfactum
1761 1876 1770 1885 .
1797 1854 1834 1888 0
1851 1850 2099 1899 incongruitas!

1216 1900 1418 1946 Superfluam
1430 1900 1510 1936 dicit
1522 1901 1583 1936 suae
1592 1901 1760 1939 discordiae
1771 1902 2029 1945 increpationem
2040 1901 2101 1936 im-

1216 1953 1275 1997 piae
1285 1952 1419 1989 culturae
1431 1949 1798 1997 suaediscoopertionem
1809 1977 1817 1985 .
1845 1951 1908 1988 Sed
1929 1952 1963 1989 δε
1980 1952 2101 1987 satisfa-

1214 2003 1356 2039 ctionem
1389 2000 1618 2045 superfluitatis
1641 2002 1738 2046 hujus
1763 2002 1947 2038 annunciat
1969 2026 1978 2035 .
2008 2001 2100 2044 Dic,

1213 2052 1405 2095 domimo,
1432 2050 1529 2093 hujus
1547 2053 1777 2087 satisfafflonis
1800 2053 1960 2098 speciem,
1985 2051 2100 2087 defor-

1213 2111 1267 2136 ma
1288 2099 1539 2144 hypocritarum
1566 2101 1855 2135 subsannationem
1880 2101 2039 2144 triumphi
2062 2100 2099 2136 in

1193 2161 1293 2199 ²eos,
1318 2149 1375 2190 qui
1400 2148 1462 2183 tibi
1486 2148 1655 2191 prodidere
1678 2149 1865 2185 veritatem.
1891 2148 2002 2184 Scribe
2027 2159 2100 2186 tuo·

1192 2202 1285 2240 {rum
1307 2198 1512 2241 suppplicum
1542 2198 1794 2232 confeffionem.
1820 2199 1933 2234 Scribe
1953 2200 2100 2236 occultas

1192 2245 1198 2281 l
1215 2245 1301 2293 Judae
1324 2257 1413 2281 nunc
1434 2255 1548 2280 contra
1568 2246 1792 2283 Divinitatem
1813 2247 2000 2285 nundinas.
2031 2248 2101 2284 Die

1192 2291 1411 2371 {proditionis
1434 2296 1468 2332 δε
1490 2295 1646 2332 modum.

1264 2351 1389 2383 Domino
1400 2357 1464 2378 meo
1477 2371 1487 2387 ,
1497 2347 1605 2389 inquit
1622 2372 1632 2388 ,
1651 2346 1855 2390 Religiosr‘ffimo
1865 2346 2009 2391 Episcopo
2022 2350 2101 2383 Pau-

1214 2399 1240 2431 lo
1254 2396 1391 2430 chartam
1420 2395 1504 2429 nobis
1515 2395 1675 2438 offerente,
1701 2396 1979 2439 irreprebenfibilem
1993 2396 2100 2441 confes-

1208 2447 1316 2490 fionem
1334 2446 1407 2489 fidei
1427 2452 1624 2480 continentem
1637 2471 1648 2487 ,
1675 2448 1710 2482 Θ
1722 2446 1800 2482 banc
1821 2447 2017 2481 asanffltate
2027 2457 2098 2488 tua,

1213 2499 1247 2534 Θ
1267 2497 1305 2530 ab
1324 2496 1372 2531 bis
1390 2521 1401 2537 ,
1429 2502 1480 2539 qut·
1501 2497 1559 2531 illac
1576 2496 1673 2542 sunt,
1700 2497 1919 2543 Religitfiffimis
1941 2496 2099 2541 Episcopls

1214 2546 1397 2590 compositam
1415 2547 1605 2590 conflrmante
1623 2573 1630 2582 .
1659 2548 1797 2583 Intende
1815 2573 1826 2588 ,
1855 2549 1960 2591 quaeso
1984 2571 1996 2587 ,
2022 2559 2100 2581 con·

1215 2597 1359 2635 feffionis
1372 2597 1615 2641 conjunctioni.
1652 2598 1713 2631 Ait.
1724 2597 1836 2632 enim:
1864 2596 2100 2640 Irreprebenfibi-

1213 2650 1269 2684 lem
1293 2646 1488 2689 confeffionem
1518 2646 1593 2689 fidei
1615 2646 1807 2680 continentem
1830 2669 1837 2679 .
1873 2645 1977 2689 Judex
1997 2647 2096 2680 etiam

1215 2708 1303 2734 nunc
1327 2696 1364 2730 fit
1390 2693 1492 2735 fidei,
1519 2694 1762 2739 quidamnatus
1772 2695 1817 2730 est
1833 2719 1841 2727 .
1869 2695 1998 2740 Judicat
2010 2696 2098 2738 Judi·

1214 2759 1289 2787 ces,
1313 2747 1370 2792 qui
1403 2745 1549 2782 addictus
1569 2743 1614 2778 est
1636 2770 1643 2779 .
1672 2746 1716 2780 Et
1741 2744 1848 2789 exigit
1871 2744 2098 2780 testimonium

1215 2798 1302 2843 quafi
1327 2796 1493 2831 veracior.
1521 2794 1582 2830 Ait
1604 2794 1714 2828 enim:
1743 2797 1788 2829 Et
1808 2793 1885 2828 hanc
1906 2795 2100 2830 ᾶςαηέῖηακ

1215 2859 1291 2889 tua,
1318 2845 1403 2882 &ab
1427 2844 1498 2886 bis,
1524 2850 1577 2887 qui
1599 2846 1660 2878 illic
1665 2843 1759 2888 sum,
1786 2844 2005 2888 Religiofifflmis
2024 2847 2100 2887 Epi·

1210 2898 1307 2944 scopis
1326 2894 1506 2938 compqlitam
1528 2895 1719 2940 confirmante
1741 2919 1747 2927 .
1779 2895 1949 2941 Qantam
1971 2894 2099 2928 fimula-

1215 2950 1341 2985 tionem
1356 2946 1555 2983 demonstrat
1574 2945 1825 2981 absconditam?
1845 2944 2097 2984 confirmante,

1216 2999 1321 3042 inquit
1335 3021 1347 3039 ,
1370 2997 1486 3031 erroris
1497 3006 1612 3031 eorum
1632 2995 1869 3030 correctionem
1882 3019 1893 3035 ,
1920 2993 2097 3029 Gestorum

1214 3058 1328 3084 contra
1349 3057 1401 3083 me
1424 3044 1464 3080 ab
1475 3046 1520 3080 eis
1542 3045 1770 3091 poenitentiam
1784 3069 1794 3087 ‚
1820 3045 2030 3089 praecedentis
2051 3055 2101 3078 er-

1213 3110 1323 3134 rorum
1346 3096 1558 3132 confeffionis
1583 3096 1886 3140 incongruitatem,
1913 3095 1977 3129 mei
1990 3094 2097 3138 Magi-

1211 3149 1297 3184 sterii
1322 3146 1521 3187 utilitatem,
1548 3156 1697 3180 meorum
1721 3145 1951 3190 Capitulorum
1971 3145 2099 3178 conser-

1212 3199 1392 3234 vationem.
1424 3197 1560 3231 Etenim
1582 3207 1755 3240 expetam,
1782 3196 1911 3237 inquit,
1940 3205 1996 3229 eos
2018 3191 2095 3227 fidei

1212 3249 1307 3293 hujus
1329 3247 1574 3288 testimonium,
1601 3257 1637 3281 ut
1658 3257 1773 3280 eorum
1785 3255 1901 3280 contra
1922 3243 2094 3289 expolitio·

1211 3310 1287 3335 nem
1314 3308 1421 3333 meam
1443 3296 1607 3332 calumnia
1632 3297 1829 3340 publicetur.
1860 3296 1952 3330 Dico
1974 3294 2092 3330 &irre-

1205 3348 1425 3395 prehensibilem
1446 3359 1545 3383 eorum
1569 3346 1775 3392 Confeffionem
1797 3371 1805 3381 .
1834 3355 1871 3385 ut
1894 3344 2092 3428 ειδνεξέᾳηῐθδ

1626 3416 1631 3420 .
1785 3418 1788 3421 ,
1936 3404 1982 3429 ml
2009 3402 2044 3431 ι,
