2320 3730
603 173 1236 232 Senom1s‚‘m·N011s
1271 182 1676 220 11·LusT1zA1⁴AE.

217 262 271 296 nis
290 261 421 299 annos,‘
435 266 491 292 aut
513 256 597 291 circa
617 255 799 291 Theodosii
821 259 990 300 personam
1013 254 1098 292 labi,

217 323 257 346 ac
276 312 340 346 fibi.
354 306 411 351 ipsi
422 319 491 341 non
516 309 718 342 consonare.
746 308 828 342 Sane
840 308 1072 342 Theodoretus
1089 328 1099 343 ,

218 359 363 395 Simeoni
376 358 568 398 familiaris,
595 358 724 392 videtur
733 359 891 392 affirmare
905 382 917 397 ‚
945 355 1032 401 quod
1041 354 1099 388 sub

217 407 404 446 Patriarcha
421 409 563 442 Meletio
580 409 770 443 columnam
793 405 992 441 adscenderit
1007 431 1020 442 .,
1041 405 1100 439 Ri-

204 459 363 494 -diculum
374 459 420 493 est
431 483 442 498 ,
468 459 557 501 quod
568 458 678 494 scribit
689 456 837 492 Michael
849 456 990 498 Glycas:
1019 459 1102 488 Mar-

41 496 206 532 fol.1463.v

40 690 100 722 101.
114 699 195 726 1040.

213 516 298 543 tiano
306 519 448 554 regnante
457 511 571 543 Simeon
591 510 642 543 illc
652 519 777 552 magnus
796 508 962 540 columnam
985 503 1101 546 adscen-

213 562 280 594 dit.
309 561 419 595 Etiam
434 560 601 604 Georgius
615 559 794 594 Cedrenus
813 556 922 590 scribit
942 554 1077 588 ridicula
1090 575 1098 584 .

214 610 332 644 Scribit
345 611 433 645 enim
447 634 459 650 ‚
485 609 575 653 quod
589 608 722 643 Simeon
732 605 934 649 subJuniore
945 602 1102 638 Theodo-

214 661 262 694 fio
284 661 473 695 columnam
484 657 703 695 adscenderit.
731 656 775 691 Et
786 656 828 690 eo
848 658 892 690 est
906 653 1102 689 inexcusabi-

214 711 279 746 lior
291 736 304 752 ‚
329 708 418 754 quod
430 710 495 744 fere
505 709 652 754 ipsiffima
664 704 872 740 Theodoreti
897 705 993 740 verba
1005 704 1106 739 addu-

215 771 294 803 cat,
320 759 460 804 ideoque
471 761 577 803 ipsum
589 755 729 795 omnino
743 757 860 801 legerit
874 781 882 789 .
910 757 953 789 Et
968 755 1104 797 subjun-

215 812 267 856 git
290 824 297 844 :
336 812 495 855 Aliquam&
515 809 578 851 post
614 816 740 850 tempore
764 810 898 841 Divinus
935 807 1048 840 Daniel
1071 810 1104 840 in

217 863 357 903 Anaplo,
382 873 447 896 cum
466 860 586 903 vidzffee
607 862 756 902 Magnum
779 861 960 896 simeonem,
987 859 1104 889 Divina

215 910 404 952 «emulatione
424 910 581 954 instigatus
602 935 613 950 ,
639 908 700 952 ipse
724 919 836 950 quoque
858 909 1021 942 columnam
1042 916 1106 938 ron-

213 959 350 1004 stendit,
376 962 527 1002 multaque
545 962 728 994 &maxima
739 960 835 991 edidit
844 958 1004 990 miracula.
1033 958 1100 988 Per·

216 1009 324 1052 mansit
349 1015 383 1045 in
394 1011 527 1044 columna
549 1008 638 1050 usque
651 1010 697 1040 ad
716 1016 858 1050 quartum
869 1010 975 1050 Magni
999 1009 1103 1040 Leonis

216 1070 354 1099 annum,
381 1067 470 1100 atque
494 1064 542 1090 ita
565 1059 609 1090 ad
629 1060 792 1091 Dominum
815 1062 999 1101 emigravit,
1025 1055 1105 1088 bonis

212 1108 350 1150 operibus
373 1107 492 1142 abunde
508 1106 654 1150 praestitis
679 1132 685 1140 .
714 1107 808 1143 Errat
832 1107 917 1140 varie
939 1132 947 1139 .
974 1105 1107 1143 Primo,

216 1155 309 1202 quod
328 1157 415 1192 dicat
428 1157 616 1193 Simeonem
636 1156 654 1190 ὲ
666 1157 808 1191 Daniele
829 1157 924 1190 fnisse
949 1157 1053 1190 visum
1071 1156 1105 1188 in

216 1207 357 1252 Anaplo
379 1233 386 1240 .
414 1207 536 1253 Longe
558 1207 649 1245 aliud
679 1207 789 1244 scribit
818 1206 854 1239 in
889 1206 1107 1241 Collestaneis

203 1255 423 1295 :Theodorus
435 1258 571 1293 Lestor:
598 1258 716 1289 Daniel
715 1256 885 1298 praeclarus
905 1257 922 1289 ἑ
933 1254 1108 1296 Monasterio

204 1311 361 1342 simeoni:
377 1306 531 1351 profhcqus
544 1331 556 1347 ‚
582 1308 745 1341 columnam
758 1330 769 1346 ‚
792 1317 849 1348 que
866 1311 900 1338 in
913 1305 1030 1347 Anaplo
1049 1304 1086 1342 eli'
1096 1328 1107 1344 ,

217 1356 372 1400 adscendit
391 1383 399 1390 .
439 1357 573 1391 Etenim
596 1357 732 1392 Simeon
761 1356 850 1390 stetit
869 1355 969 1399 prope
989 1354 1107 1389 Antio·

216 1406 331 1443 chiam
341 1431 354 1448 ‚
382 1415 416 1441 at
427 1407 504 1441 vero
516 1406 686 1449 Anaplum
699 1406 744 1441 est
757 1405 857 1450 prope
870 1405 1107 1441 Constantino-

219 1456 343 1502 polim.
370 1455 428 1491 Est
449 1457 549 1500 prope
571 1468 683 1495 mare,
708 1455 807 1500 prope
816 1456 984 1498 antiquam
998 1456 1028 1490 S.
1042 1456 1107 1490 Mi-

218 1506 345 1544 chaelis
358 1505 558 1546 Ecclesiam,
585 1517 684 1549 quam
707 1506 886 1550 Imperator
909 1505 1108 1549 lastinianus

219 1556 390 1602 ampliavit
411 1568 449 1591 ac
470 1556 616 1591 ornavit.
644 1557 767 1593 Daniel
791 1556 854 1590 fuit
865 1556 986 1598 Syrus,
1013 1567 1108 1592 natus

205 1605 532 1652 -propeEuphratem
542 1630 554 1648 ,
581 1606 617 1640 in
637 1605 781 1650 quodam
793 1607 865 1642 vico
878 1606 937 1641 sub
959 1607 1038 1642 urbe
1049 1608 1108 1642 Sa-

216 1658 393 1694 msatensi
417 1670 424 1690 :
452 1655 675 1692 Monasticam
696 1659 927 1702 profeffionem
948 1657 1051 1694 emisit
1072 1659 1105 1693 in

217 1707 366 1751 quodam
385 1706 460 1742 >istic
489 1706 706 1743 ·Monasteri0
727 1734 735 1742 .
764 1709 918 1745 Gloriosa
944 1710 1109 1744 Simeonis

218 1759 306 1792 fama
318 1758 422 1802 ipsum
433 1759 582 1793 evocavit
593 1783 604 1799 ,
629 1758 663 1794 ὃ(
674 1759 737 1794 fuit
749 1760 805 1803 ipsi
817 1758 900 1795 adeo
912 1770 1022 1805 gratus
1035 1785 1046 1801 ‚
1073 1771 1108 1795 ut

205 1806 262 1844 aad
273 1809 465 1844 columnam
481 1809 681 1843 intromissus
701 1810 816 1844 fuerit.
846 1810 940 1844 Hinc
962 1811 1033 1845 zelo
1046 1811 1109 1853 ple·

217 1868 283 1892 nus
300 1857 629 1901 Constantinopolim
650 1857 755 1898 abiit,
781 1857 943 1893 habitavit
963 1859 998 1892 in
1021 1859 1113 1894 Ana-f

218 1908 280 1951 plo
299 1905 398 1950 prope
418 1909 583 1950 praefatam
608 1908 638 1941 S.
660 1907 835 1944 Michaelis
850 1908 1047 1951 Ecclesiam,
1072 1920 1110 1944 ac

219 1956 355 1991 tandem
367 1956 436 1990 illic
452 1957 620 1991 adscendit
631 1958 822 1993 columnam
833 1985 840 1992 .

266 2005 422 2042 >Secund&
433 2005 599 2041 Cedrenus
609 2017 691 2042 errat
702 2032 713 2048 ‚
740 2009 828 2053 quod
844 2009 969 2045 Daniel
992 2019 1108 2051 quarto

219 2056 347 2092 Leonis
360 2055 503 2101 Augusti
515 2067 604 2090 anno
619 2057 755 2092 obierit.
787 2058 978 2094 Confundit
988 2069 1038 2092 res
1047 2059 1109 2092 dis-

214 2106 450 2153 paratislimas:
478 2106 643 2140 Simeonis
670 2115 810 2143 mortem
829 2132 840 2147 ‚
866 2118 903 2141 ac
933 2108 1086 2142 Danielis
1099 2133 1106 2141 .

206 2156 312 2191 -Nam
332 2156 571 2191 &Simeonem
582 2157 721 2191 affirmat
740 2157 804 2192 isto
823 2170 914 2192 anno
926 2157 1106 2192 decessisse.

206 2206 275 2240 >De
297 2205 440 2240 Daniele
456 2204 547 2239 aliud
570 2205 670 2250 longe
692 2205 803 2242 scribit
823 2206 1027 2242 Theodotus
1048 2209 1107 2242 Le-

219 2257 289 2290 {lor
302 2267 310 2289 ε
336 2254 458 2288 Publica
467 2254 579 2288 Edic‘lo
591 2254 749 2299 Bafilifius
760 2279 770 2295 ‚
790 2257 974 2300 Tyrannus
985 2282 996 2298 ‚
1009 2257 1108 2292 Chal-

217 2305 438 2341 cedonensem
461 2306 605 2343 synodum
626 2306 779 2352 reprobari
793 2308 894 2348 jufflt.
921 2307 994 2349 Urfit
1007 2318 1106 2341 autem

220 2357 257 2389 6
281 2359 435 2395 Acacium,
459 2363 493 2387 ut
514 2356 595 2388 idem
619 2356 653 2390 (ν
678 2355 740 2398 ipse
752 2356 885 2398 faceret,
916 2359 999 2400 quod
1007 2366 1107 2390 tamen

219 2404 353 2436 obtinere
363 2414 421 2436 non
428 2409 530 2443 potuit
540 2427 550 2442 ,
578 2406 660 2444 quod
666 2405 772 2436 cunda
783 2411 894 2439 civitas
907 2408 969 2438 unit
979 2417 1043 2438 cum
1061 2413 1107 2438 vi-

221 2457 268 2486 ris
293 2452 328 2484 Θ
344 2451 515 2485 mulieribus
532 2461 635 2486 contra
656 2452 829 2496 Basiliscum
851 2459 884 2487 in
896 2454 1023 2495 Ecclesia
1047 2467 1107 2488 con-

210 2509 415 2546 gregantur,
441 2502 476 2534 (θ’
499 2505 622 2541 Acastus
638 2500 787 2543 seipsum,
811 2505 845 2537 ὠ·
858 2505 981 2545 sedem,
1002 2505 1042 2538 ’δ’
1059 2508 1107 2539 ΑΙ·

224 2555 394 2593 tare-*nigris
405 2554 555 2583 amiciret.
584 2552 701 2583 Daniel
710 2555 781 2585 vere
794 2577 804 2592 ‚
830 2564 954 2596 magnus
973 2556 1042 2595 ille,
1070 2557 1108 2588 de

210 2601 357 2637 columna
367 2598 539 2642 descendit,
564 2610 599 2632 ac
619 2601 732 2632 Divino
754 2601 815 2634 zelo
841 2611 938 2635 motus
956 2605 1016 2635 una
1042 2615 1108 2637 cum

221 2651 336 2693 Populo
355 2651 389 2684 (τ
400 2653 501 2684 Acacio
521 2654 554 2682 in
566 2648 693 2691 Ecclesia
711 2657 896 2693 comparuit.
926 2651 1007 2687 Erat
1018 2654 1107 2687 enim

220 2699 420 2742 Presbyter,
445 2699 615 2735 ordinatus
631 2699 672 2734 ab
686 2699 800 2735 Aeacii
822 2701 1011 2737 Praeceffore
1031 2703 1109 2738 San·

207 2752 277 2786 κἃς)
289 2748 469 2784 Gennadio
481 2774 488 2782 .
515 2750 652 2783 Factum
663 2749 697 2783 id
710 2750 771 2785 fuit
783 2752 874 2786 istius
893 2751 996 2786 saeculi
1016 2764 1107 2789 anno

65 3359 219 3396 Lmen„

222 2800 457 2845 septuagesimo
484 2800 598 2833 sexto.
626 2799 714 2833 Istud
742 2801 893 2841 Danielis
911 2803 1018 2837 zelum
1034 2827 1045 2843 ,
1072 2804 1106 2838 &

222 2851 352 2885 varium
366 2848 517 2884 Ecclefiae
543 2860 582 2883 ac
596 2849 802 2892 Reipublicae
823 2863 864 2886 ex
884 2854 954 2897 ipso
966 2855 1106 2888 frustum

220 2899 344 2945 largius
358 2898 456 2934 habes
467 2899 503 2932 in
530 2898 597 2942 ejus
611 2899 703 2933 Actis
728 2901 811 2944 apud
824 2903 1039 2938 Laurentium
1051 2904 1106 2938 Su-

221 2950 309 2986 rium
320 2975 328 2983 .
356 2948 438 2983 Asta
448 2949 611 2984 affirmant
626 2950 720 2984 illum
735 2952 855 2988 venisse
867 2954 1102 2989 Constantino-

222 2998 329 3041 polim
341 2998 399 3032 sub
411 2999 597 3039 Anatolio,
622 2999 813 3037 columnam
825 3003 1024 3039 adscendisse
1047 3004 1105 3039 sub

222 3048 343 3084 Sansto
365 3049 562 3092 Gennadio‚
589 3049 631 3084 ad
657 3050 794 3096 Superos
804 3055 958 3089 transiisse
977 3054 1035 3089 sub
1046 3056 1106 3089 Pa-

222 3095 363 3132 triarcha
376 3097 562 3141 Euphemio
576 3124 583 3131 .
609 3099 784 3137 Promotus
799 3102 853 3139 hic
862 3105 925 3139 fuit
946 3105 1036 3139 istius
1059 3106 1104 3138 sae-

218 3147 291 3182 culi
302 3158 392 3182 anno
417 3150 617 3194 ostogefimo
644 3162 761 3193 nono,
787 3153 910 3188 &sedit
937 3157 1037 3199 usque
1063 3155 1103 3189 ad

221 3198 474 3242 nonagesimum
493 3199 648 3243 quintum
660 3225 672 3241 ,
698 3202 837 3246 ideoque
849 3205 973 3240 Daniel
993 3205 1033 3239 ad
1044 3206 1104 3239 mi-

221 3248 285 3282 nus
310 3247 446 3306 trigInta
472 3249 567 3283 annis
593 3251 768 3294 supervixit
798 3255 857 3289 suo
873 3255 1037 3302 Magistro
1055 3256 1104 3291 Si·

221 3309 335 3335 meoni
348 3323 356 3331 .

271 3347 432 3393 Evagrius
446 3349 692 3394 Epiphanienfis
704 3351 814 3391 laudat
826 3356 921 3391 nobis
947 3357 982 3392 δε
1000 3357 1103 3397 alium

318 3398 425 3445 Christ.
438 3404 628 3445 Luplopera
652 3406 755 3439 T.V11.

1876 193 1892 223 1
1906 191 1964 238 73

1160 252 1347 288 Simeonem
1359 253 1515 297 Stylitem
1528 278 1539 293 ,
1564 253 1663 288 etiam
1688 255 1786 299 prope
1796 256 2012 293 Antiochiam
2025 282 2036 298 ,

1161 304 1216 336 snb
1244 303 1538 346 Justinolsecundo
1564 304 1762 347 Imperatore
1793 318 1829 340 ac
1849 306 2036 343 Patriatcha

1162 353 1325 398 Gregorio
1347 378 1353 385 .
1380 353 1533 389 Affirmat
1551 353 1644 388 illum
1668 355 1685 388 ὲ
1711 355 1848 397 pueritia
1874 370 1927 398 pet
1952 360 2038 399 sexa,-

1162 403 1254 446 ginta
1266 415 1371 438 annos
1392 404 1507 439 stetisse
1530 405 1564 438 in
1578 405 1755 445 columna,
1781 403 1949 441 inductum
1972 419 2040 450 par-

1163 454 1222 486 tim
1235 453 1252 486 a
1265 455 1347 488 faelo
1359 453 1418 488 fibi
1430 455 1558 489 Divino
1570 455 1738 490 Beneficio
1748 478 1759 494 ,
1784 455 1902 499 partim
1920 457 1961 490 ab
1971 458 2039 491 alio

1164 502 1286 537 ibidem
1308 504 1556 540 Columnicola.
1584 506 1673 540 Eum
1695 505 1806 543 laudat
1825 505 1925 539 etiam
1950 506 2041 548 septi,-

1165 564 1216 586 ma
1229 553 1381 596 Synodus
1392 580 1403 595 ,
1429 567 1466 590 ac
1478 556 1610 590 adducit
1633 556 1667 590 in
1679 557 1866 590 assertorem
1879 556 1940 589 suae
1952 556 2041 589 Defi÷

1165 603 1321 637 nitionis:
1343 605 1445 639 San&
1466 609 1608 640 simeonis
1626 606 1824 648 columnalis,
1849 610 1901 649 qui
1939 610 1972 639 in
1989 609 2043 637 mi-

1164 652 1254 685 rabili
1264 662 1362 686 monte
1377 655 1463 697 fuit,
1491 656 1625 699 Epistola
1641 663 1745 700 quinta
1766 659 1811 697 qd
1831 661 2044 699 Imperatorem

1157 701 1316 746 Justinum
1321 706 1354 747 J
1356 710 1485 738 uniorem
1503 730 1510 738 .
1538 707 1590 740 Ex
1603 718 1669 750 quo
1680 708 1768 747 lucet
1790 707 1896 752 plures
1912 706 1954 745 ab
1974 706 2043 750 ipso

1167 754 1345 794 proceffiffe
1355 752 1534 795 Epistolas.
1565 758 1627 791 ma
1644 757 1789 801 Epistola
1802 757 1982 801 supplicat,
2007 765 2045 790 ut

1167 801 1324 845 Princeps
1350 800 1505 846 dignetur
1527 804 1674 841 Gentiles
1692 809 1864 843 Samaritas
1891 808 2007 851 ejicere
2027 806 2046 841 ὲ

1167 852 1373 887 Monasterio
1384 876 1396 894 2
1421 851 1511 896 quod
1522 853 1588 896 ipse
1600 856 1698 899 prope
1708 857 1982 902 Porphyriensetn
2004 857 2047 890 ci-

1169 963 1226 995 pto
1237 953 1332 987 sacris
1344 953 1548 997 Imaginibus
1560 953 1669 988 laudat
1680 956 1812 989 Sanctus
1826 959 1965 998 Ioannes
1983 958 2049 991 Da-

1169 1004 1338 1037 mascenus
1348 1027 1356 1036 .
1383 1003 1488 1038 Porro
1500 1004 1690 1039 Patriarcha
1700 1004 1880 1049 Gregorius
1892 1030 1903 1045 ‚
1913 1007 1972 1047 sub
1982 1017 2049 1050 quo

1168 1051 1223 1087 hic
1233 1053 1367 1090 Simeon
1378 1053 1465 1087 obiit
1477 1079 1488 1094 ‚
1515 1054 1623 1089 sedere
1633 1055 1734 1098 coepit
1744 1055 1823 1088 sexti
1833 1055 1950 1096 saeculi,
1960 1067 2050 1092 anno

1170 1104 1408 1148 septuagesimo
1430 1104 1595 1145 secundo,
1624 1104 1752 1141 &sedit
1772 1115 1828 1148 per
1838 1104 1958 1148 viginti
1968 1105 2051 1139 duos

1169 1164 1274 1188 annos
1288 1178 1295 1185 .
1324 1155 1465 1197 Ioannes
1481 1152 1640 1189 Moschus
1651 1155 1687 1188 in
1698 1154 1866 1199 Spirituali
1879 1154 1980 1188 Prato
2001 1153 2053 1187 ad·

1169 1203 1262 1237 ducit
1284 1203 1380 1238 nobis
1406 1205 1439 1238 ὅ(
1453 1204 1584 1240 tertium
1595 1204 1786 1240 Simeonem
1797 1204 1968 1248 Stylitem,
1996 1203 2055 1248 qui

1169 1253 1258 1287 stetit
1278 1254 1313 1286 in
1336 1254 1455 1288 Cilicia
1476 1254 1576 1298 prope
1600 1255 1784 1301 AEgensem
1804 1255 1995 1294 civitatem,
2022 1255 2057 1291 &

1166 1303 1307 1337 fulmine
1318 1303 1479 1346 percussus
1491 1305 1634 1340 interiit.
1666 1307 1711 1341 Et
1725 1318 1824 1350 quem
1837 1306 1921 1340 alius
1933 1304 2056 1339 ibidem

1167 1353 1288 1397 Stylita
1301 1365 1337 1393 ac
1348 1352 1523 1398 Presbyter
1534 1355 1682 1399 Julianus
1693 1356 1777 1391 vidit
1787 1357 1971 1402 gloriosum
1980 1365 2058 1390 cum

1169 1403 1375 1438 exultatione
1397 1404 1431 1439 in
1444 1405 1547 1440 coelos
1560 1405 1756 1442 adscendere
1769 1433 1776 1440 .
1804 1406 1934 1442 Laudat
1956 1406 2058 1440 alium

1171 1454 1324 1497 Stylitem
1335 1454 1435 1499 prope
1445 1456 1557 1490 Petras
1566 1457 1599 1490 in
1612 1456 1744 1491 Arabia.
1773 1457 1890 1492 Alium
1902 1457 1993 1500 supra
2006 1468 2060 1490 au-

1171 1505 1313 1540 divimus
1324 1505 1448 1544 laudari
1462 1507 1497 1540 in
1509 1505 1601 1541 Actis
1627 1508 1734 1541 Sancti
1759 1508 1857 1542 Lucae
1870 1505 2060 1542 Anachore-

1172 1566 1232 1590 tae.
1260 1555 1304 1590 Et
1329 1556 1460 1600 Martyr
1480 1555 1708 1601 Theophanes
1735 1556 1776 1592 ad
1802 1558 1938 1593 tertium
1961 1557 2059 1591 Pauli

1172 1605 1348 1641 Pontificis
1357 1617 1483 1641 annum
1497 1606 1608 1640 scribit
1621 1607 1661 1641 de
1671 1606 1801 1641 Abdela
1825 1609 2058 1641 Saracenorum

1172 1655 1346 1700 Principe:
1373 1655 1503 1689 Abdelas
1515 1655 1645 1697 imposita
1666 1655 1845 1697 Christianis
1857 1656 1982 1689 Tributa
2005 1669 2059 1690 au-

1173 1712 1219 1742 xit
1231 1731 1242 1747 ,
1268 1707 1340 1739 ade&
1352 1713 1384 1739 ut
1393 1717 1492 1740 omnes
1506 1730 1517 1745 ,
1539 1704 1602 1746 five
1615 1705 1754 1740 Monacbt'
1764 1731 1776 1748 ,
1796 1706 1861 1747 five
1877 1706 1984 1748 Inclufi
1992 1729 2002 1745 ‚
2021 1705 2059 1747 fi-

1172 1769 1211 1791 ve
1233 1758 1465 1799 Colummcolae,
1497 1759 1558 1789 Deo
1577 1755 1635 1799 sua
1656 1761 1726 1790 vita
1745 1759 1870 1798 placiti,
1897 1757 2059 1799 vec‘ligales

1173 1806 1403 1850 describerentur
1423 1831 1430 1838 .
1458 1806 1571 1839 Palam
1595 1807 1733 1839 affirmat
1754 1806 1838 1841 istud
1860 1806 1932 1841 vitae
1956 1817 2060 1851 genus

1174 1867 1252 1891 tunc
1265 1855 1357 1893 fuisse
1368 1866 1546 1891 commune
1571 1855 1603 1893 &
1625 1855 1781 1892 obvium.

1387 2176 1655 2225 CAPUT
1708 2180 1826 2226 Lm.
1914 2197 2051 2242 --141

1148 2203 1153 2251 i

1148 2253 1153 2291 l

1148 2304 1427 2429 lProposttsones
1440 2400 1452 2422 ‚
1496 2384 1574 2430 quae
1598 2366 1743 2414 direciae
1751 2366 1850 2433 firm
1878 2371 1927 2416 ab
1953 2373 2057 2416 Aca-

1239 2439 1292 2479 cio
1327 2431 1548 2498 Perrhae-effi
1581 2435 1764 2504 Episcopo
1801 2455 1870 2504 per
1905 2441 2057 2496 Aristo-

1242 2502 1349 2549 laum
1384 2505 1600 2551 Tribunum
1634 2511 1693 2552 ἐφ
1719 2511 1945 2572 Notarium
1979 2515 2056 2574 Cy-

1237 2571 1322 2620 rillo
1356 2571 1540 2641 EPI'fiOPO
1575 2573 1833 2624 Alexandrino
1875 2600 1925 2627 ex
1958 2585 2055 2628 Con-

1238 2641 1322 2690 cilio
1358 2641 1626 2711 Episcopofrum
1660 2682 1673 2706 ,
1726 2653 1885 2700 joannis
1921 2655 2053 2698 Antio-

1237 2712 1325 2760 chiae
1358 2749 1371 2773 ,
1407 2711 1621 2761 Alexandri
1655 2717 1870 2786 Hierapolis
1898 2755 1911 2778 ,
1947 2727 2052 2767 Ma-

1238 2786 1332 2830 carii
1375 2783 1571 2832 Laodiceae
1603 2821 1616 2846 ‚
1666 2787 1822 2836 Andreae
1869 2789 2050 2856 samosit-

1232 2870 1285 2900 tae
1315 2889 1328 2912 ‚
1366 2858 1424 2900 (9⁴
1459 2852 1681 2905 Theodoreti
1714 2862 1806 2920 Cyri
1836 2894 1851 2919 ,
1902 2858 1944 2906 de
1972 2875 2046 2928 pct-

1237 2943 1274 2972 ce
1302 2923 1503 2988 facienda.
1976 2929 1978 2932 ¹

1167 3102 1495 3189 PErmanemusin
1507 3105 1589 3143 Fide
1610 3109 1793 3146 sanstorum
1802 3106 1958 3154 Patrum,
1985 3112 2043 3156 qui

1259 3156 1292 3189 in
1306 3156 1419 3192 Nicaea
1442 3168 1692 3200 convenerunt,
1718 3172 1788 3204 quae
1807 3161 2043 3208 Evangelicam

1161 3204 1196 3238 δε
1217 3205 1445 3251 Apostolicam
1466 3207 1648 3244 doctrinam
1669 3211 1839 3254 continet,
1866 3212 1899 3247 ὅτ.
1917 3210 2045 3247 addita-

1162 3266 1273 3292 mento
1283 3268 1353 3292 non
1366 3257 1515 3302 indiget.
1542 3258 1754 3295 Manifestum
1767 3260 1844 3297 vero
1853 3261 1921 3306 ejus
1933 3264 2041 3298 effecit

1162 3306 1360 3343 intellestum
1384 3308 1419 3341 ὅ(
1430 3308 1648 3346 Sanstiffimus
1667 3322 1705 3346 ac
1720 3310 1922 3348 Beatiffimus
1938 3311 2041 3347 Atha-

1163 3357 1264 3397 nasius
1273 3381 1284 3401 ,
1307 3358 1491 3403 ,Episcopus
1503 3357 1711 3409 Alexandriae
1719 3385 1731 3404 ‚
1743 3370 1841 3408 atque
1852 3360 2038 3402 Confeffor,

1654 3411 1683 3446 P
1733 3423 1755 3459 3
1953 3409 1991 3444 in

2063 636 2183 669 Actione
2197 645 2219 672 ς.

1139 914 1142 918 ¹
1167 902 1301 936 vitatem
1312 901 1541 938 aedificaverat.
1571 903 1722 939 Eundem
1734 908 1769 940 in
1781 909 1878 942 tertia
1897 907 2049 942 oratione
2103 916 2105 918 ·

2078 1328 2210 1364 Cap.57.

2079 1444 2154 1480 Cap.
2173 1452 2236 1478 ιιι).
