2320 3730
356 203 452 235 102

283 279 375 312 quam
397 266 607 303 Monachorum
626 279 737 311 quoque
749 267 920 311 falsorum.
949 267 1080 309 Nempe
1100 265 1175 300 Mo-

284 317 465 354 nachorum
484 343 495 359 ‚
516 319 572 363 qui
593 317 614 352 ὲ
637 319 741 363 Regia
755 318 888 353 civitate
909 317 1020 362 egreffi
1037 326 1096 347 nos
1109 313 1174 347 im·-

284 370 437 412 petebant
462 369 643 413 lapidibus.
670 371 835 412 Septimus
859 369 951 401 locus
978 365 1043 399 est:
1069 368 1172 400 Nove-

282 427 333 451 rat
344 424 412 454 Rex
433 420 645 460 memmimus,
672 421 755 461 quod
773 420 930 451 multitudo
950 422 1171 457 congregaretur

280 480 385 505 contra
398 482 467 504 nos.
498 473 527 504 Ε
533 479 544 502 t
551 468 630 512 solus
644 469 728 502 nobis
745 479 898 502 occurrens
920 465 1052 498 dicebat:
1083 468 1170 499 Novi

279 523 361 564 quod
368 522 685 564 malicongregaminl.
714 519 825 552 Prima
848 518 979 551 devium
996 539 1006 553 ‚
1029 514 1167 550 secunda

279 571 434 616 periodus
457 570 554 604 habet
574 570 701 605 sensum
737 569 911 602 obscurum
933 590 939 596 .
974 565 1167 601 Caffinenfis

278 621 399 656 Codex
422 621 536 655 omnia
564 620 739 663 explanat:
759 623 886 660 Agnovit
907 622 1006 648 autem
1021 616 1165 657 Pirffimus

275 676 444 713 Imperator
459 695 470 711 ,
481 671 561 713 quod
570 671 725 703 multitudo
733 674 956 709 congregaretur
966 668 1010 698 ad
1018 677 1070 698 nos
1083 692 1089 699 .
1117 671 1164 700 Et

270 719 342 767 solis
367 722 450 755 nobis
473 722 633 763 colloquens
656 723 718 750 ait:
746 720 863 760 Agnovi
883 740 895 761 ‚
921 722 994 761 quia
1014 716 1162 755 Colleelas

273 773 537 805 extraordinarias
552 770 661 812 facitis
677 791 684 798 .

324 822 469 855 octavus
494 813 586 853 locus
614 816 677 850 est:
708 821 775 850 Nos
788 819 880 855 vero,
903 821 955 859 qui
962 825 1019 858 pro
1025 817 1088 860 fide
1099 830 1158 852 cer·

270 879 392 912 tamus,
420 873 454 904 ὢ*
471 876 590 910 propter
610 866 662 901 hoc
681 867 722 900 ab
743 867 805 900 illts
818 873 1027 900 communionis
1042 879 1159 904 exortes

260 920 364 965 fac‘los
376 945 387 961 ‚
414 929 471 951 non
483 924 596 952 intrare
620 924 654 953 tn
676 916 855 958 Ecclesiam.
884 917 940 951 Est
953 918 1048 953 devia
1063 920 1158 953 trans-

266 970 365 1003 latio.
414 968 550 1005 Etenim
577 966 739 1010 Ephesina
762 968 939 1012 Synodus,
965 969 1042 1003 licet
1063 971 1158 1015 Joan-

266 1030 342 1053 nem
370 1017 621 1053 Antiochenam
649 1018 976 1063 excommunicarit,
1004 1020 1038 1054 δε
1063 1022 1155 1063 quos-

261 1069 341 1104 dam
362 1069 431 1111 ejus
453 1067 612 1112 Collegas
633 1068 841 1112 degradant,
866 1079 970 1103 totam
984 1080 1096 1106 tamen
1111 1071 1154 1104 il—

264 1119 330 1154 lius
361 1119 553 1153 Factionem
591 1129 762 1163 nunquam
793 1119 874 1157 fecit
902 1121 1154 1155 communionis

259 1178 427 1204 exortem.
454 1168 649 1203 Caffinensis
671 1179 782 1203 textus
803 1169 848 1203 est
865 1169 1055 1214 legitimus:
1083 1174 1151 1204 Nos

257 1223 332 1254 vero
349 1244 361 1261 ,
386 1224 438 1263 qut
463 1227 521 1261 pro
539 1218 597 1261 fide
618 1226 765 1253 certamen
784 1218 948 1259 babemus,
976 1221 1011 1254 <9¹
1030 1227 1154 1262 propter

258 1269 311 1304 boc
338 1282 386 1304 eos
406 1277 604 1304 communione
621 1275 817 1312 privavimus
829 1292 840 1308 ,
864 1274 897 1305 in
918 1269 1076 1311 Ecclesiam
1093 1281 1152 1304 non

257 1325 403 1354 intremus
419 1346 427 1354 .
455 1320 589 1357 Etenim
604 1320 741 1367 Joannis
752 1320 866 1357 Faffio
882 1343 893 1360 ,
920 1320 968 1354 uti
982 1320 1149 1365 Cyrillum

254 1370 290 1404 δε
313 1371 534 1407 Memnonem
559 1371 760 1408 Sacerdotali
780 1369 907 1415 gradu,
935 1371 980 1404 ita
1011 1382 1147 1405 omnem

256 1421 433 1463 synodum
457 1422 697 1457 communione
719 1430 853 1455 exuerat
875 1446 882 1456 ,
910 1420 1033 1455 Nonus
1057 1421 1148 1455 locus

253 1471 321 1504 est:
347 1473 446 1514 ‚Quod
456 1471 534 1515 fecit
557 1471 696 1515 Magister
717 1480 788 1506 tuus
802 1475 908 1505 Comes
922 1475 1145 1515 Largitionum.

254 1519 450 1555 Caffinensis
462 1519 580 1556 Codex
594 1521 695 1564 longe
706 1520 824 1555 melius
837 1535 849 1555 .-
877 1523 942 1564 ,Qut
954 1533 1031 1555 nunc
1050 1525 1147 1566 Magz-

244 1568 312 1612 ster
323 1570 361 1611 est
371 1595 383 1612 ‚
410 1572 532 1613 quando
552 1579 619 1607 erat
633 1574 737 1604 Comes
749 1574 958 1615 Largttionum
976 1580 1046 1605 tuus
1057 1597 1064 1603 .
1095 1573 1145 1605 Ex

253 1630 321 1663 quo
336 1620 454 1655 iterum
469 1629 555 1663 patet
568 1643 579 1659 ,
606 1621 697 1664 quod
710 1621 853 1667 Joannes
864 1621 1009 1664 Comes,
1039 1620 1143 1666 Ephe-

253 1670 290 1704 so
312 1669 644 1714 Constantinopolim
670 1671 794 1711 redux,
819 1671 928 1704 statim
954 1673 1050 1707 fuerit
1073 1684 1145 1717 pro-

253 1730 366 1755 motus
378 1720 413 1755 in
425 1720 625 1769 Magistrum
638 1720 835 1755 officiorum
853 1745 860 1754 .
882 1722 1042 1756 Decimus
1054 1723 1144 1758 locus

254 1769 300 1804 est
315 1782 322 1802 ε
349 1773 434 1805 Solaes
444 1780 545 1805 autem
550 1779 654 1814 preces
665 1779 722 1814 pro
730 1770 792 1813 fide
806 1773 841 1805 6·
852 1771 951 1811 vestra
963 1772 1120 1817 Mnjestate
1133 1797 1143 1814 ,

253 1821 288 1854 &
310 1821 346 1854 de
370 1822 505 1865 religione
522 1823 681 1866 colloquia.
709 1820 902 1857 Cassinensis
915 1823 1088 1857 translatio
1097 1824 1142 1857 est

252 1870 394 1904 melior:
421 1873 507 1905 solas
517 1873 590 1906 vero
606 1870 902 1912 Litam'asprofide‚
928 1872 962 1904 Θ
981 1881 1038 1913 pro
1050 1873 1144 1912 vestro

253 1924 379 1963 Imperio
392 1920 521 1962 fecimus
542 1944 550 1953 .
579 1923 625 1953 Et
646 1929 703 1962 pro
727 1922 863 1965 religione
881 1926 938 1963 pia
964 1921 1116 1965 sermones
1134 1949 1140 1955 .

256 1969 412 2005 Omnino
437 1970 626 2006 crediderim
641 1981 756 2004 vocem
771 1995 782 2010 ‚
809 1975 973 2012 tirtamus,
1000 1972 1139 2006 fuissein

253 2031 360 2066 graeco
394 2029 506 2055 textu.
533 2020 577 2054 Et
600 2019 835 2054 Theodoretus
855 2020 926 2054 istic
947 2032 1015 2055 non
1041 2022 1142 2056 collo-

254 2071 331 2113 quia
346 2068 501 2104 habuerat
512 2095 523 2112 ,
550 2069 603 2105 sed
629 2070 777 2113 publicas
787 2070 968 2104 conciones
980 2071 1020 2104 ad
1032 2070 1140 2114 Popu-

254 2122 343 2155 lum.
371 2120 585 2155 Undecimus
596 2120 688 2153 locus
708 2119 774 2154 est:
803 2119 1008 2153 Multitudinis
1032 2123 1139 2154 adnos

255 2176 408 2205 venientis
421 2196 428 2204 .
456 2170 647 2205 Caffinenfis
659 2169 778 2204 Codex
789 2169 834 2203 est
846 2169 1047 2204 distinctior:
1070 2176 1140 2205 Na-

256 2227 383 2266 vigante
402 2222 448 2254 ad
467 2233 522 2254 nos
543 2221 734 2254 multitudine
761 2221 884 2262 PopuII.
913 2220 1140 2255 Duodecimus

253 2272 388 2306 tandem
403 2271 496 2306 locus
506 2271 551 2304 est
566 2283 573 2304 :
601 2274 647 2306 Et
654 2276 821 2312 potentiam
835 2272 868 2304 (9⁴
878 2275 1023 2303 incurram
1035 2273 1139 2304 viden-

253 2331 319 2355 tes.
348 2323 431 2356 Sunt
453 2333 552 2355 voces
575 2322 640 2355 fine
661 2322 774 2355 sensu.
804 2320 998 2355 Caffinenfis
1021 2322 1137 2356 Codex

253 2371 299 2405 est
317 2370 446 2406 lucidus
461 2385 473 2405 .·
498 2372 747 2414 Facilitatemque
762 2372 1021 2412 Potentr'ffimorum
1035 2373 1137 2405 viden-

253 2430 301 2456 tes
316 2448 324 2455 .
355 2422 488 2456 Etenim
501 2422 603 2457 nimia
618 2420 802 2456 Theodosii
826 2421 966 2455 facilitas
977 2421 1021 2454 est
1033 2423 1139 2455 omni-

254 2472 314 2507 bus
325 2472 493 2515 explorata
506 2496 513 2503 .

304 2522 453 2566 Epistola
477 2521 544 2555 haec
559 2532 619 2556 nos
629 2520 727 2557 docet
749 2521 859 2564 plura.
888 2520 1024 2559 Primo,
1049 2519 1138 2562 quod

253 2572 390 2606 factiosi
414 2571 532 2615 Legati
553 2572 652 2613 pleno
671 2572 795 2613 impetu
815 2571 944 2613 egerint
971 2571 1138 2604 adversum

254 2622 377 2665 Cyrilli
402 2620 578 2662 Capitulis,
604 2620 638 2652 (Sc
661 2631 718 2662 pro
742 2620 943 2661 reparatione
970 2619 1139 2654 Nestorii.

255 2672 300 2704 Et
313 2673 346 2704 in
359 2672 482 2704 secreto
495 2667 580 2712 apud
594 2669 700 2702 solum
715 2669 900 2711 Principem
912 2694 922 2709 ‚
949 2670 1027 2703 &in
1042 2670 1140 2713 pleno

256 2719 480 2754 Consistorio.
509 2718 660 2752 Secundo
681 2743 691 2759 ,
717 2719 805 2762 quod
827 2719 1021 2754 crediderint
1043 2720 1141 2763 Capi-

256 2770 325 2804 tula
350 2770 443 2804 fuisse
469 2768 680 2812 Synodaliter
693 2769 889 2812 approbata,
916 2770 1139 2813 &subscripta

254 2820 297 2855 ab
319 2819 474 2854 omnibus
507 2819 678 2862 Episcopis
701 2845 707 2852 .
736 2820 816 2853 Hoc
850 2818 883 2851 in
906 2831 1011 2854 errore
1030 2821 1138 2854 cuncti

256 2870 444 2905 Orientales
460 2869 613 2914 Episcopi
635 2869 760 2903 dudum
783 2869 913 2903 fuerunt
935 2871 1142 2912 pertinacissi-

256 2921 323 2954 mi.
351 2920 493 2962 Tertio,
518 2919 607 2963 quod
630 2918 734 2953 audiri
753 2920 874 2953 fuerint
888 2920 921 2952 in
941 2919 1044 2955 hortis
1058 2921 1140 2954 Ruf-

256 2971 408 3010 finianis‚
435 2971 488 3006 feu
511 2970 544 3003 in
567 2968 696 3004 Palatio
717 2969 757 3003 ad
780 2970 949 3017 Qercum
963 2994 973 3010 ,
1001 2970 1056 3004 ubi
1072 2983 1138 3005 non

257 3021 301 3055 ita
335 3020 458 3065 pridem
489 3019 663 3054 damnatus
694 3019 798 3054 fuerat
832 3021 852 3053 S
876 3021 965 3053 ustus
1000 3021 1140 3064 Joannes

258 3069 511 3115 Chrysostomus
534 3096 541 3104 .
569 3069 699 3118 Qarto
718 3095 728 3111 ,
755 3069 845 3113 quod
869 3079 937 3103 non
963 3070 1049 3103 solus
1073 3071 1139 3104 Pa-

258 3120 396 3155 triarcha
411 3123 551 3205 [loannes
563 3146 574 3162 ‚
601 3120 654 3155 sed
665 3121 698 3154 δε
710 3120 765 3155 alii
778 3120 898 3163 septem
910 3130 985 3153 cum
998 3121 1067 3163 ipso
1081 3122 1140 3155 Le-

258 3169 328 3213 gati
351 3182 419 3213 pert
435 3172 555 3207 naciter
575 3181 612 3204 ac
634 3172 816 3215 frequenter
838 3169 1011 3213 juraverint
1031 3170 1137 3214 Cyril-

259 3220 351 3260 lum,
376 3214 452 3254 libet
472 3223 512 3256 de
530 3220 693 3264 Capitulis
705 3221 915 3264 poeniteritem
930 3245 940 3259 ‚
969 3232 1136 3264 nunquam

258 3269 398 3312 recipere
419 3269 454 3302 in
483 3269 705 3314 Episcopalem
733 3271 1001 3305 communionem
1022 3295 1029 3303 .
1058 3271 1137 3305 Hoc

259 3319 365 3364 ipsum
375 3319 466 3353 enim
476 3330 588 3354 omnes
598 3321 832 3356 confirmarunt
843 3322 876 3355 in
884 3320 999 3354 ultima
1012 3321 1137 3363 Episto-

260 3369 312 3412 la,
338 3379 439 3414 quam
458 3369 500 3404 ad
522 3370 597 3405 suos
616 3370 804 3414 scripserunt
817 3370 999 3416 Ephesum.
1027 3371 1138 3415 Qin·

698 184 1041 232 VARIORUM
1078 183 1335 229 Paruum
1370 179 1696 241 Ennoea,

1229 263 1267 299 to
1279 288 1291 306 ‚
1317 265 1408 307 quod
1429 266 1513 301 istud
1537 268 1642 311 ipsum
1654 268 1828 312 juraverint
1845 269 1996 307 adversus
2009 271 2119 309 Mem·

1230 325 1369 351 nonem.
1397 315 1491 351 Licet
1515 318 1604 351 enim
1631 320 1689 353 ista
1701 320 1818 356 ultima
1829 321 1934 356 solum
1950 323 2117 367 Cyrillum

1228 367 1389 408 exprimat
1403 390 1413 405 ‚
1438 364 1507 400 haec
1527 375 1637 400 tamen
1660 368 1807 411 Epistola
1829 371 1947 406 diserte
1965 373 2117 419 adjungit

1228 416 1262 450 dc
1278 416 1498 451 Memnonem
1512 440 1519 448 .
1548 417 1651 450 Sexto
1662 440 1674 457 ,
1697 418 1789 461 quod
1811 418 2017 458 Theodosius
2029 424 2116 469 apud

1229 466 1478 501 Chalcedonem
1499 477 1670 508 nunquam
1693 468 1805 502 audire
1818 471 1955 506 voluerit
1967 473 2115 509 Nestorii

1229 527 1371 558 nomen,
1397 517 1507 551 statim
1529 529 1711 560 reponens:
1738 521 1852 553 ,Forma
1876 522 1954 554 data
1974 523 2032 565 est.
2059 525 2115 559 Ex

1226 577 1293 609 quo
1317 567 1403 601 lucet
1430 568 1516 602 hane
1540 569 1680 602 formam
1707 571 1867 604 emanasse
1891 581 1968 605 ante
1990 573 2058 618 ejus
2078 575 2115 609 in

1226 616 1437 653 Ruffinianos
1458 616 1573 653 hortos
1596 619 1776 654 adventum
1790 644 1801 661 ,
1826 631 1904 655 ante
1915 622 2047 657 auditos
2057 625 2116 663 Fa-

1221 668 1340 701 {tiosos
1361 668 1506 714 Legatos
1524 682 1532 703 :
1560 670 1691 713 Nempe
1714 670 1755 704 ad
1774 671 1903 705 auditos
1914 672 2001 708 solos
2012 673 2116 718 Lega-

1222 727 1273 751 tos
1287 718 1413 760 Synodi
1430 744 1437 751 .
1464 719 1610 763 Septimo
1622 744 1632 760 ,
1659 720 1750 765 quod
1762 721 1876 755 Fadio
1889 734 1948 757 nec
1971 723 2088 769 Ephesi
2102 748 2115 765 ‚

1223 779 1282 802 nec
1296 768 1508 804 Chalcedone
1519 768 1667 804 habuerit
1681 772 1855 806 Ecclesiam
1869 797 1880 813 ‚
1901 774 2040 817 ideoque
2054 785 2115 809 nec

1221 818 1325 852 Missae
1337 819 1537 854 Sacrificium
1549 845 1558 861 ,
1589 832 1645 854 aut
1658 822 1720 855 alia
1733 822 1857 857 Divina
1870 824 1996 858 officia.
2020 824 2114 871 Qiz

1223 880 1338 914 nempe
1364 881 1425 904 nec
1449 870 1649 914 Ephefinus,
1674 882 1732 907 nec
1744 871 2024 915 Chalcedonensis
2037 874 2114 918 Epi·

1220 920 1413 965 scopusipfis
1426 920 1532 954 voluit
1552 920 1655 955 facere
1668 922 1761 955 istam
1789 925 1949 967 gratiam.
1980 925 2031 957 Ex
2042 935 2113 969 quo

1221 970 1309 1004 vides
1335 971 1403 1005 duo
1417 996 1425 1005 ,
1453 972 1582 1015 Nempe
1596 971 1683 1016 quod
1700 973 1852 1016 Episcopi
1876 985 1955 1007 tunc
1969 975 2112 1010 necdum

1219 1018 1374 1057 haberent
1385 1021 1581 1056 domesticas
1593 1021 1741 1065 Capelsas
1750 1047 1760 1062 ,
1784 1034 1839 1056 aut
1853 1023 2033 1059 domestica
2044 1024 2112 1058 Al·-

1217 1071 1320 1113 taria,
1347 1073 1516 1119 praesertim
1531 1073 1564 1106 in
1578 1073 1694 1108 alienis
1714 1071 1925 1107 Territoriis.
1956 1074 2112 1117 Deinde,

1216 1119 1305 1162 quod
1329 1120 1364 1155 in
1390 1122 1453 1157 isto
1473 1124 1546 1155 casu
1562 1123 1741 1156 Ecclesiam
1765 1122 1943 1157 concedere
1956 1125 2111 1168 spestaret

1215 1169 1317 1203 etiam
1339 1180 1419 1204 tunc
1444 1169 1486 1204 ad
1509 1170 1575 1205 loci
1601 1171 1836 1205 ordinarium.
1865 1172 1954 1206 Nam
1977 1173 2111 1219 &apud

1213 1219 1417 1255 Florentiam
1445 1220 1550 1254 Graeci
1565 1221 1718 1264 Episcopi
1733 1221 1828 1256 istam
1850 1222 2037 1258 facultatem
2057 1223 2111 1258 de·

1216 1269 1356 1306 buerunt
1376 1271 1526 1314 accipere
1546 1272 1791 1307 aFlorentino.
1821 1271 1863 1306 Et
1874 1274 2007 1316 quidem
2021 1272 2110 1316 apud

1216 1317 1378 1363 Ephesum
1390 1321 1506 1355 Factio
1519 1322 1582 1366 fuit
1595 1318 1678 1355 adeo
1689 1332 1814 1356 remota
1827 1321 1869 1357 ab
1893 1323 1950 1357 ista
1974 1323 2110 1359 faculta-

1212 1381 1268 1410 te,
1294 1379 1330 1404 ut
1355 1381 1416 1403 nec
1443 1370 1514 1414 post
1537 1371 1832 1406 incarcerationem
1845 1373 2111 1416 Memnonispo·

1213 1419 1310 1453 tuerit
1332 1419 1373 1453 ad
1386 1419 1490 1463 ipsam
1502 1420 1689 1464 pertingere
1701 1445 1709 1452 .
1737 1421 1927 1464 Nequidem
1944 1421 1989 1455 ob
2001 1432 2113 1466 preces

1212 1480 1268 1505 aut
1291 1469 1398 1506 minas
1425 1470 1563 1515 Joannis
1595 1470 1763 1506 Comitis.
1790 1469 1894 1518 Qod
1918 1471 2034 1506 Clerus
2059 1473 2109 1507 sui

1216 1520 1369 1564 Episcopi
1380 1518 1506 1564 judicio
1519 1518 1782 1555 constantissime
1791 1520 1963 1555 insisteret.
1992 1521 2108 1557 Theo·

1211 1571 1329 1605 doreto
1359 1570 1518 1604 debemus
1547 1571 1667 1614 gratias
1687 1594 1699 1611 ,
1724 1570 1815 1613 quod
1844 1570 1931 1606 istud
1968 1573 2107 1616 Joannis

1210 1633 1293 1664 opus
1305 1621 1514 1655 transmiserit
1527 1620 1568 1654 ad
1582 1620 1725 1655 nostram
1740 1621 1895 1656 notitiam
1911 1646 1919 1654 .
1946 1622 2023 1656 Sine
2042 1622 2106 1657 hac

1213 1670 1358 1715 Epistola
1382 1680 1452 1706 erat
1463 1670 1623 1717 sepultum
1637 1671 1672 1706 in
1687 1670 1829 1707 tenebris
1839 1683 2008 1717 perpetuae
2019 1672 2106 1709 obli·

1209 1733 1319 1757 vionis
1331 1746 1338 1756 .

1257 1771 1401 1819 Qaestio
1422 1772 1468 1807 est
1495 1796 1506 1812 ,
1533 1772 1611 1820 Qa
1636 1772 1678 1806 de
1698 1772 1794 1806 causa
1820 1770 2104 1808 Chalcedonensis

1209 1821 1392 1865 Episcopus
1418 1822 1564 1856 noluerit
1586 1822 1674 1856 hisce
1689 1822 1825 1866 Legatis
1843 1824 2030 1866 permittere
2042 1823 2104 1857 Eo-

1206 1872 1332 1905 clefiam
1347 1895 1357 1910 ,
1387 1872 1624 1904 &facultatem
1641 1872 1760 1905 Divini
1787 1873 1928 1907 Officii?
1955 1873 2105 1915 Respon-

1205 1920 1268 1956 deo
1281 1920 1419 1955 noluisse
1431 1920 1476 1954 ob
1485 1921 1870 1955 excommunicationem
1881 1921 2019 1966 Joannis
2029 1922 2103 1956 An-

1207 1969 1374 2005 tiocheni.
1403 1971 1474 2004 Hic
1492 1970 1582 2004 enim
1606 1981 1678 2004 non
1688 1970 1788 2004 solius
1798 1971 2018 2015 Legationis‚
2044 1971 2104 2007 sed

1205 2021 1352 2055 &torius
1375 2019 1542 2054 Fastionis
1570 2017 1796 2062 Coryphaeus,
1823 2021 1918 2055 erata
1932 2021 2027 2065 plena
2039 2023 2102 2066 Sy-

1208 2069 1297 2104 nodo
1322 2070 1631 2103 excommunicatus
1645 2092 1656 2108 ,
1681 2069 1716 2103 δε
1736 2068 1793 2103 alii
1814 2069 1933 2115 Legati
1947 2072 2100 2107 nolentes

1204 2118 1272 2160 ejus
1294 2119 1565 2152 communionem
1595 2118 1739 2153 deserere
1762 2141 1774 2158 ‚
1811 2119 2006 2156 affricabant
2038 2121 2101 2157 sibi.

1205 2167 1341 2203 eandem
1367 2169 1527 2203 scabiem.
1556 2168 1683 2203 Eadem
1704 2168 1789 2203 ratio
1808 2170 1978 2212 promovit
1989 2170 2099 2206 Mem-

1206 2230 1327 2253 nonem
1341 2243 1348 2250 .
1377 2220 1421 2252 Et
1443 2220 1573 2262 insuper
1583 2218 1656 2253 duae
1668 2218 1756 2252 aliae.
1783 2219 1916 2263 Nempe
1932 2222 2024 2262 quod
2039 2222 2105 2256 Fa·-

1204 2270 1268 2302 έὶίο
1282 2269 1428 2302 damnati
1452 2269 1599 2303 Nestorii
1612 2267 1890 2303 communionem
1910 2271 2098 2315 festas-iper-

1202 2330 1292 2364 geret
1305 2333 1316 2353 .-
1342 2319 1385 2352 Et
1398 2319 1488 2363 quod
1502 2317 1746 2353 machinaretur
1758 2317 1895 2362 Ephesis
1918 2319 2099 2364 superordi-

1204 2380 1278 2403 nare
1288 2380 1417 2403 novum
1433 2369 1632 2413 Episcopum
1646 2393 1653 2400 .
1680 2367 1821 2403 Accedit
1833 2369 1868 2404 <Sc
1880 2371 1975 2405 tertia
1987 2371 2095 2405 ratio:
2158 2407 2166 2415 ‚

1201 2418 1303 2465 Qod
1331 2430 1411 2452 tunc
1425 2430 1541 2452 omnes
1563 2420 1641 2453 osto
1654 2418 1772 2461 Legati
1785 2419 1958 2454 videantur
1969 2431 2023 2463 per
2035 2422 2097 2465 Sy·

1204 2466 1327 2502 nodum
1352 2469 1445 2501 fuisse
1476 2467 1645 2511 degradati
1666 2489 1675 2499 .
1704 2468 1757 2501 Ex
1779 2467 1902 2503 eisdem
1926 2470 2097 2514 principiis
2129 2499 2133 2502 .

1203 2516 1478 2553 Chalcedonensis
1501 2517 1680 2561 Episcopus
1702 2518 1733 2552 S.
1759 2517 1912 2561 Cyrillo,
1940 2520 2103 2555 Memno«

1203 2570 1236 2602 ni
1255 2593 1266 2609 ,
1292 2580 1329 2601 ac
1353 2568 1447 2601 omni
1470 2567 1610 2607 Synodo
1631 2566 1790 2599 inflictam
1812 2567 1831 2599 Ξι
1858 2568 2017 2603 Fastione
2028 2572 2096 2604 sen·

1203 2618 1341 2651 tentiam
1354 2616 1449 2650 duxit
1463 2615 1527 2648 esse
1540 2614 1692 2647 hostilem
1705 2625 1743 2648 ac
1756 2616 1908 2650 frivolam
1921 2627 2094 2653 contume-

1201 2668 1299 2705 liam,
1328 2666 1470 2709 ideoque
1490 2675 1605 2698 eorum
1627 2664 1772 2708 Legatos
1789 2664 1886 2700 duxit
1897 2667 2094 2703 Canonicos

1205 2717 1406 2761 Episcopos,
1432 2726 1470 2747 ac
1493 2714 1566 2756 ipsis
1578 2713 1716 2756 permisit
1740 2715 1913 2750 Ecclesiam
1930 2740 1938 2749 .
1962 2717 2092 2753 Praeser·

1202 2768 1262 2802 tim
1279 2766 1368 2810 quod
1379 2765 1496 2799 adesset
1507 2763 1648 2808 Legatio
1670 2763 1865 2807 Apostolica
1877 2790 1885 2799 .

1252 2816 1380 2851 Odiavo'
1390 2814 1545 2849 discimus
1558 2838 1568 2854 ,
1594 2815 1683 2856 quod
1696 2814 1798 2849 Sacrae
1820 2816 1903 2851 olim
1915 2816 2090 2852 Romano-

1203 2879 1275 2903 rum
1295 2869 1530 2910 Imperatorum
1552 2865 1707 2908 Juffiones
1727 2876 1796 2900 non
1826 2867 1859 2901 se
1879 2868 2089 2904 extenderint

1203 2919 1244 2953 ad
1266 2916 1533 2953 sacro-Sanctum
1554 2915 1757 2949 sacrificium
1772 2939 1783 2956 ,
1809 2917 1939 2960 aliaque
1959 2917 2089 2952 Christi

1204 2967 1346 3005 Domini
1358 2968 1563 3001 Sacramenta
1574 2991 1584 3006 ,
1595 2974 1651 2999 aut
1661 2965 1913 3001 Sacramentalia
1927 2992 1934 2999 .
1950 2967 2087 3003 Etenim

1203 3020 1380 3063 Imperator
1390 3015 1597 3063 Theodofius
1608 3041 1619 3057 ‚
1641 3016 1697 3059 qui
1709 3017 1794 3051 circa
1804 3016 1984 3060 Synodalia
2002 3017 2097 3053 Λᾶτ

1202 3071 1327 3114 jusserat
1340 3067 1443 3107 varia,
1472 3065 1609 3100 factiosis
1623 3066 1757 3111 Legatis
1779 3066 1894 3101 diserte
1912 3079 1950 3101 ac
1963 3068 2085 3112 simpli-

1202 3122 1283 3155 citer
1305 3118 1359 3152 hic
1380 3116 1568 3161 profitetur:
1595 3118 1746 3159 Equidem
1767 3116 1911 3160 Episcopo
1932 3124 2082 3160 imperare

1201 3182 1260 3204 non
1275 3169 1402 3212 poffum.
1429 3168 1519 3214 Qia
1541 3166 1696 3212 agebatur
1719 3166 1759 3201 de
1783 3168 1877 3202 rebus
1898 3168 1976 3211 pure
1986 3168 2085 3202 Divi-

1202 3221 1251 3256 nis
1263 3245 1270 3252 .
1297 3220 1428 3261 Nempe
1440 3217 1632 3252 Orthodoxi
1646 3217 1813 3262 Principes
1825 3220 1923 3262 usque
1935 3216 2001 3251 huc
2013 3214 2085 3253 istis

1201 3273 1233 3305 se
1259 3279 1430 3313 nunquam
1461 3269 1659 3301 miscuerunt
1682 3293 1689 3300 .
1718 3268 1923 3302 Miscuerunt
1951 3269 1983 3301 se
2006 3267 2083 3301 solis

1202 3320 1289 3361 illis,
1314 3320 1332 3353 a
1346 3317 1465 3362 quibus
1488 3318 1648 3361 pendebat
1670 3318 1800 3361 publica
1821 3317 1912 3361 quies
1926 3315 2082 3351 Christia-

1198 3369 1386 3414 niPopuli.
1413 3367 1457 3404 Et
1469 3367 1551 3402 nihil
1562 3367 1672 3413 jubete
1683 3377 1861 3413 potuerunt
1876 3393 1888 3410 ,
1912 3367 1972 3402 nisi
1989 3366 2081 3410 quod

1950 3417 2032 3463 psset
