2320 3730
575 156 886 212 Scironis,
926 170 991 200 ET
1025 153 1218 202 NOTIS
1255 146 1652 201 ILLthTRATAE.

366 288 839 328 ANATHEMATISMUS
874 290 889 324 Ι
906 290 948 324 X.

1909 172 1924 202 1
1938 173 1967 217 7

1161 248 1194 272 ta
1207 261 1214 270 .
1239 241 1321 282 ,Quae
1334 244 1475 281 temporis
1487 248 1564 272 notae
1575 264 1585 279 ‚
1613 238 1670 281 m'fi
1677 244 1866 276 emendentur
1875 265 1886 280 ‚
1911 241 2034 275 cohaere-

1162 300 1193 322 re
1206 300 1263 321 non
1270 289 1401 331 possunt.
1429 293 1516 322 Nam
1524 288 1637 331 scripfit
1643 293 1831 330 proculdubio
1843 293 1970 332 Cyrillus
1980 301 2034 333 po·

1147 343 1152 380 f
1158 338 1295 380 flremscm
1318 343 1351 371 N
1354 338 1451 379 estorio
1471 351 1549 371 anno
1574 340 1851 382 quadringentestmn
1871 342 2012 386 trigesimo
2024 366 2035 381 ‚

271 392 304 428 si
318 392 390 436 quis
402 392 482 427 dicit
497 403 600 427 unum
612 393 798 427 Dominum
812 392 918 434 Jcsum
932 387 1102 424 Christum
1148 381 1196 422 l&
1217 388 1365 428 Nestorius
1391 389 1493 427 cyrilli
1512 390 1632 422 litteras
1658 396 1769 431 accepit
1791 392 2036 433 Constantinopoli

222 442 472 488 glorificatuma
489 443 608 486 Spiritu
621 466 633 482 ,
661 443 748 486 quasi
766 442 872 475 aliena
884 440 1004 473 virtute
1025 437 1102 478 illa,

1159 436 1284 480 septimo
1294 441 1366 473 Idus
1379 438 1547 472 Decembris
1559 464 1566 470 .
1592 442 1625 472 51
1638 451 1697 481 qua
1709 446 1798 484 igitur
1816 440 1896 481 fides
1908 444 2008 474 Codict
2025 466 2038 480 ‚

222 505 291 535 quae
304 504 358 536 per
366 504 443 527 eum
456 492 500 528 est
512 515 522 531 ‚
535 502 703 532 utentem,
722 493 755 530 ὅσ
770 491 811 525 ab
823 502 864 524 eo
887 489 1102 532 accipientem
1164 496 1281 530 accepta
1297 488 1399 531 fusffit
1419 489 1556 530 Epistola
1579 489 1829 530 Constantinopoli
1846 489 1958 532 septem
1977 491 2038 531 poll

222 544 346 586 operari
362 546 447 587 pofle
461 566 471 582 ,
496 543 530 577 &
540 553 620 577 cont
626 554 658 576 ra
671 541 806 583 Spiritus
829 538 1020 580 immundos
1030 562 1041 579 ‚
1069 538 1105 572 δε
1165 538 1267 572 diebus
1280 563 1291 579 ‚
1317 550 1406 581 quam
1418 541 1610 573 Alexandriae
1617 539 1734 582 scripta
1745 539 1810 583 esset
1824 564 1834 580 ,
1862 535 1942 581 qu'od
1950 546 2042 572 omn}-

222 593 442 636 adimplenda
467 592 501 625 in
513 590 663 627 homines
681 591 746 625 Dei
767 590 946 628 miracula,
972 589 1007 622 &
1031 599 1102 622 non
1165 599 1201 620 no
1211 590 1396 622 incredibile.
1424 587 1617 623 cohaerebunt
1629 596 1728 623 omnia
1740 590 1853 632 facili,
1871 590 1901 632 fi
1922 592 2043 623 dicatur¹

223 643 328 687 magis
340 643 505 686 proprium
517 642 583 685 ejus
593 640 673 676 dicit
688 640 843 684 Spiritum
854 665 864 681 ,
894 650 948 683 per
958 649 1057 682 quem
1070 638 1105 673 &
1166 639 1356 671 Alexandriae
1364 637 1478 681 scripta
1492 645 1581 674 tertia
1594 642 1778 674 Novembris
1788 666 1798 681 ,
1825 648 1946 682 accepta
1967 644 2043 672 con-

223 701 373 736 operatus
384 693 430 727 est
444 693 511 727 Dei
523 693 611 736 figua
627 714 639 731 ,
666 689 855 725 Anathema
870 689 908 725 stt
921 715 928 725 ,

385 790 859 828 ANATHEMATISMUS
899 789 942 826 X.

275 891 471 927 Pontificem
498 890 549 925 vel
577 889 778 934 Apostolum
805 889 1025 926 Confeffionis
1052 898 1109 922 no-

225 941 293 978 sstae
304 942 421 975 fadum
437 939 604 977 Christum
617 942 744 976 Divina
755 942 919 985 Scriptura
929 940 1010 975 dicit
1021 963 1033 979 ,
1053 938 1110 973 ob-

224 991 335 1026 tuliffe
358 992 458 1026 etiam
475 1003 534 1035 pro
559 991 656 1028 nobis
675 991 883 1035 semetipsum
909 990 944 1024 in
971 989 1108 1024 odorem

223 1041 390 1077 filavitatis
401 1041 477 1075 Deo
502 1041 537 1075 ἀ
548 1038 653 1076 Patri.
682 1042 717 1075 Si
737 1042 808 1085 quis
819 1040 898 1086 ergo
910 1039 1109 1074 Pontificem

225 1089 307 1124 dicit
332 1091 367 1124 δε
391 1090 590 1134 Apostolum
613 1090 760 1126 nostrum
773 1091 843 1127 fieri
865 1102 933 1125 non
949 1090 1058 1134 ipsum
1070 1101 1110 1125 ex

224 1140 304 1174 Deo
326 1139 497 1180 Verbum,
523 1141 658 1184 quando
681 1143 798 1176 fastum
822 1142 867 1175 est
884 1141 996 1181 Caro,
1021 1140 1113 1174 &se-

223 1189 372 1225 cundum
384 1202 445 1225 nos
455 1189 559 1230 horno
571 1215 582 1231 ‚
607 1190 660 1232 sed
678 1192 766 1235 quasi
778 1191 916 1228 alterum
927 1201 1039 1234 praeter
1065 1189 1074 1221 i
1079 1201 1111 1232 p-

226 1241 298 1274 sum
308 1241 489 1284 specialiter
499 1239 667 1274 hominem
680 1252 720 1274 ex
732 1240 885 1274 muliere:
912 1241 984 1274 Aut
1005 1239 1026 1271 fi
1039 1239 1111 1281 quis

225 1289 308 1329 dicit
334 1291 369 1330 ,ὃς
381 1301 439 1334 pro
454 1290 485 1324 se
495 1289 647 1325 obtulisse
660 1290 865 1326 oblationem
875 1315 887 1331 ,
913 1290 947 1323 &
961 1300 1028 1323 non
1047 1300 1111 1322 ma·

226 1340 278 1385 gis
288 1351 348 1384 pro
359 1340 456 1375 nobis
467 1339 543 1374 solis
569 1342 582 1383 (
593 1351 652 1374 nec
663 1340 752 1375 enim
764 1340 909 1385 indiguit
920 1337 1088 1375 sacrificio
1099 1363 1111 1380 ‚

227 1390 286 1434 qui
305 1391 407 1429 nescit
430 1390 623 1435 peccatum)
650 1389 839 1427 Anathema
850 1390 909 1424 fit.

378 1486 857 1529 ANATHEMATISMUS
891 1490 925 1524 X
936 1490 961 1524 1.

277 1588 397 1634 Siquis
408 1600 477 1624 non
489 1591 668 1626 confitetur
677 1591 820 1627 Domini
832 1591 974 1626 Carnem
992 1590 1111 1625 Vivifi-

228 1639 386 1677 catoriam
397 1640 460 1675 esse
468 1664 480 1682 ,
508 1641 543 1678 δε
555 1642 722 1685 propriam
732 1641 800 1686 ejus
812 1640 917 1676 Verbi
931 1665 942 1681 ,
969 1640 1058 1685 quod
1072 1651 1113 1675 ex

228 1689 306 1731 Deo
316 1688 413 1727 Patre
423 1690 469 1725 est
480 1715 492 1731 ,
519 1690 573 1726 sed
595 1691 686 1728 velut
700 1692 833 1729 alterIus
858 1701 968 1736 praeter
980 1692 1086 1736 ipsum
1102 1714 1114 1731 ,

228 1739 375 1783 copulati
398 1741 533 1785 quidem
552 1741 583 1776 ei
606 1742 783 1779 secundnm
805 1741 1027 1787 dignitatem,
1057 1750 1113 1776 ant

227 1791 315 1834 qnasi
326 1791 536 1827 solummodo
547 1791 706 1827 Divinam
730 1791 971 1827 habitationem
994 1791 1112 1829 haben-

227 1841 272 1875 tis
288 1865 300 1882 ,
326 1841 359 1875 &
380 1852 450 1875 non
473 1843 580 1886 magis
602 1841 866 1877 Vivificatoriam
887 1867 899 1882 ,
924 1842 1005 1878 ficut
1031 1840 1112 1875 dixi·

228 1901 304 1929 mus
315 1913 327 1929 ‚
354 1890 430 1932 quia
441 1892 522 1925 fasta
534 1890 579 1923 est
591 1892 718 1934 propria
731 1891 835 1926 Verbi
846 1914 858 1931 ,
884 1891 999 1925 omnia
1011 1889 1114 1924 vivifi-

232 1948 304 1972 care
314 1937 474 1978 valentis,
501 1938 691 1973 Anathema
708 1940 743 1974 fit
757 1965 764 1972 .

1122 1330 1133 2011 -————————-—---—-—-——-

381 2034 857 2077 ANATHEMATlsMUs
890 2038 964 2072 ΧΠ.

282 2138 317 2172 Si
341 2138 415 2182 quis
436 2149 505 2172 non
524 2139 698 2176 confitetur
726 2139 791 2174 Dei
819 2139 967 2175 Verbum
994 2139 1116 2183 passum

233 2188 366 2228 Carne,
390 2188 640 2225 &Crucifixum
663 2190 772 2224 Carne
786 2215 797 2231 ,
821 2191 854 2225 ἀ
877 2192 953 2232 quia
978 2200 1118 2224 mortem

233 2238 375 2282 gustavit
386 2238 514 2279 Carne,
541 2240 662 2275 faitum
679 2241 779 2275 etiam
793 2241 1052 2284 primogenitum
1074 2251 1116 2274 ex

234 2289 375 2323 mortuis
392 2311 403 2328 ,
430 2289 609 2324 secundum
627 2291 716 2333 quod
729 2291 795 2325 vita
806 2291 851 2325 est
862 2313 873 2330 ‚
899 2292 933 2325 ὃ(
949 2290 1120 2325 vivificans

235 2348 273 2373 ut
283 2339 399 2379 Deus,
425 2338 613 2374 Anathema
636 2340 693 2374 fit.
958 2361 961 2364 -

287 2389 375 2423 Data
387 2389 495 2424 mense
517 2389 724 2431 Novembri,
749 2390 804 2426 die
826 2391 1013 2436 trigesima,
1038 2391 1123 2428 indi-

237 2438 344 2477 stione
355 2438 480 2476 decima
505 2440 599 2471 tertia
612 2464 619 2470 .

443 2489 480 2519 In
493 2486 721 2528 Acoemt'tenfium
738 2489 823 2529 jacet
836 2491 921 2523 XCI.

427 2619 921 2669 Scitottori.

325 2736 449 2771 Pistola
467 2734 534 2775 haec
560 2737 593 2771 &
605 2736 718 2772 Graece
727 2737 832 2772 exstat
845 2739 877 2772 δε
892 2738 1011 2773 Latino
1025 2762 1032 2771 .
1060 2738 1125 2772 Ex-

350 2787 409 2820 stat
439 2785 515 2820 bina
536 2786 604 2830 ejus
629 2788 748 2823 Latina
776 2789 945 2823 translatio
972 2802 982 2823 ι
1011 2787 1123 2823 Altera

246 2837 379 2881 vulgata
403 2837 437 2870 in
464 2834 694 2871 Conciliorum
715 2839 814 2872 tomis
839 2863 849 2879 ,
887 2838 978 2881 cujus
1006 2837 1125 2873 author

244 2887 431 2931 ignoratur3
450 2886 546 2920 altera
560 2888 640 2921 fasta
655 2900 708 2931 per
722 2889 866 2922 Marium
881 2888 1100 2923 Mercatorem
1114 2913 1124 2928 ,

245 2948 350 2979 nuper
370 2937 502 2980 vulgata
524 2948 578 2979 per
599 2938 641 2973 R.
664 2939 698 2973 P.
719 2938 880 2981 Ioannem
906 2940 1102 2975 Garnerium
1116 2963 1123 2970 .

245 2985 377 3023 Placuit
399 2987 433 3020 &
452 2986 537 3021 hanc
548 2988 676 3023 tertiam
689 2987 873 3032 publicare,
900 2989 944 3022 ob
956 2989 1035 3023 duas
1053 3000 1123 3033 prae·

248 3035 357 3071 sertim
376 3037 485 3070 causas
509 3061 515 3067 .
544 3035 680 3078 Primo,
706 3038 794 3082 quod
816 3039 943 3082 aliquid
966 3051 1026 3082 prae
1051 3039 1124 3074 aliis

248 3083 374 3118 duabus
384 3086 542 3130 singulare
555 3085 672 3122 habeat
685 3113 695 3129 ,
722 3099 817 3132 atque
837 3090 882 3123 ita
899 3090 1065 3138 veritatem
1086 3100 1122 3122 ac

249 3133 280 3166 S.
294 3133 730 3176 Cyrillimentemillustret‚
759 3137 931 3179 Secundo,
959 3139 1049 3181 quod
1063 3150 1123 3172 nos

248 3183 375 3226 aliquid
388 3183 502 3218 doceat
512 3186 599 3220 circa
610 3198 738 3231 tempus
761 3189 842 3226 datae
858 3189 1012 3232 Epistolae
1026 3200 1033 3223 ε
1061 3192 1120 3221 Da-

249 3243 285 3268 ta
298 3231 399 3276 Mense
412 3234 579 3272 Novembri
595 3260 605 3276 ‚
628 3239 676 3271 die
700 3238 844 3282 trigefima
856 3262 866 3278 ‚
892 3239 1055 3273 lndidlione
1074 3241 1122 3272 de-

248 3288 445 3319 cima-tertia.
462 3282 655 3321 Audiendus
666 3289 709 3322 est
728 3290 874 3332 praefatus
886 3289 1027 3331 joannes
1042 3290 1120 3324 Gar-

248 3332 360 3367 nerins
385 3347 395 3367 .-
421 3338 452 3366 in
473 3336 578 3368 Codice
596 3336 791 3380 manuscripto
814 3341 1045 3373 Carmelitarum
1071 3342 1121 3370 Di·

245 3381 451 3425 [calceatorum
464 3387 639 3419 Conventus
656 3388 819 3430 Parifiensis
832 3390 908 3422 data
922 3391 1026 3432 legitur
1042 3392 1119 3422 Men·

243 3431 280 3475 [e
290 3433 458 3467 Novembri
470 3459 480 3473 ,
492 3435 538 3471 dle
551 3435 695 3479 trigefima
709 3461 719 3476 ‚
732 3439 894 3475 ,Indic‘ltone
906 3441 1022 3475 decima
1033 3451 1121 3482 quar·

349 3482 457 3525 christ.
468 3488 548 3531 Lupi
558 3489 656 3529 Opera
668 3490 774 3521 RVH.

1159 687 1350 728 stantinopoli
1355 687 1483 729 septima
1497 691 1664 725 Decembris
1679 716 1690 732 ,
1712 692 1746 724 <w
1767 691 1890 723 indiHio
1902 716 1912 731 ‚
1939 700 1974 724 ut
1981 699 2043 732 par

1166 737 1225 778 est,
1252 749 1310 771 non
1331 738 1512 781 &januario
1525 765 1536 780 ‚
1562 743 1700 784 quomodo
1720 742 1786 785 esset
1806 742 1921 775 decima
1932 747 2042 781 tertia,

1163 786 1220 830 sed
1226 789 1247 822 ᾶ
1256 786 1444 828 septembri,
1468 798 1523 829 quo
1532 789 1625 832 mense
1644 793 1757 826 decima
1780 799 1891 834 quarta
1916 796 2047 834 incepit.

1170 838 1214 871 Et
1223 836 1301 871 alibi
1310 835 1407 870 habet
1424 836 1466 871 de
1477 836 1540 872 hac
1551 838 1615 880 ipsa
1629 840 1773 883 Epistola
1783 855 1795 875 .·
1820 844 1949 884 Tempus
1961 866 1972 882 ,
1989 852 2046 884 quo

1168 889 1244 921 data
1265 887 1303 928 est
1323 887 1483 927 synodica,
1508 894 1598 929 atque
1618 890 1692 921 ade&
1712 893 1838 929 synodus
1863 892 1986 932 habita,
2014 897 2048 924 in

1169 943 1263 972 veteri
1274 935 1473 980 manuscripto
1482 942 1676 978 invenimus,
1703 947 1805 980 nempe
1825 942 1905 975 diem
1923 947 2049 975 tertium

1169 987 1371 1024 Novembris.
1402 987 1520 1022 Codex
1532 986 1726 1022 Caffinenfis
1739 989 1887 1022 vacillat.
1915 992 2050 1026 Etenim

1170 1038 1273 1072 rubris
1298 1048 1336 1072 ac
1348 1036 1576 1082 originalibus
1602 1038 1718 1072 litteris
1734 1037 1852 1072 diserte
1870 1042 2051 1082 expressum

1169 1089 1232 1123 est:
1260 1091 1346 1122 Data
1364 1086 1464 1131 Mense
1491 1087 1688 1129 Novembri,
1715 1090 1763 1122 die
1784 1085 1947 1132 trigesima,
1974 1093 2054 1123 indt-

1170 1139 1263 1173 Hione
1277 1140 1389 1172 decima
1398 1144 1507 1171 tertia.
1534 1138 1582 1173 At
1594 1140 1671 1173 vero
1684 1138 1785 1184 nigris
1811 1138 1845 1172 &
1859 1138 2055 1173 'recentiori-

1171 1188 1230 1223 bus
1240 1189 1377 1229 litteris,
1402 1188 1547 1232 antiquis
1569 1199 1702 1229 tamen,
1728 1188 1840 1224 nescio
1862 1190 1957 1231 quis,
1982 1200 2056 1223 cor*

1171 1239 1253 1273 rexit
1276 1264 1283 1271 .
1310 1237 1454 1278 Videtur
1477 1239 1743 1284 superscripsiffe:
1768 1241 1902 1273 secunda
1931 1238 2052 1281 Mensis.

1171 1290 1300 1324 Littetae
1318 1299 1387 1322 non
1410 1289 1482 1323 sunt
1503 1289 1637 1324 lucidae.
1666 1290 1800 1326 Interim
1822 1290 1881 1323 ista
1897 1290 2056 1324 correetio

1172 1340 1249 1375 facit
1263 1349 1323 1373 nos
1336 1337 1504 1374 vacillare.
1533 1339 1617 1373 Haec
1628 1339 1774 1383 Epistola
1793 1340 1838 1374 est
1850 1341 1966 1374 summi
1987 1351 2057 1374 m0÷

1172 1388 1276 1426 menti
1298 1402 1306 1422 :
1332 1388 1422 1422 lnter
1444 1389 1612 1433 primarias
1639 1391 1670 1425 S.
1691 1389 1831 1433 Cyrilli.
1857 1391 1902 1423 Et
1928 1400 2058 1434 propter

1172 1441 1272 1484 ipsam
1284 1450 1338 1484 per
1348 1449 1484 1474 centum
1505 1451 1610 1475 annos
1621 1440 1754 1475 fuerunt
1774 1441 1962 1486 graviffimae
1982 1451 2059 1474 cone

1175 1491 1340 1526 tentiones
1353 1489 1390 1525 in
1403 1489 1546 1524 Ecclesia
1557 1515 1565 1523 .
1593 1491 1855 1534 Comprehendit
1866 1502 1981 1525 omnes
1991 1491 2059 1523 Ne-

1173 1541 1264 1575 storii
1278 1540 1459 1583 impietates
1471 1550 1495 1580 ,'
1509 1541 1654 1584 ipsasque
1666 1539 1802 1575 nervose
1823 1542 1959 1574 refutat.
1989 1539 2061 1572 To.-

1171 1600 1237 1625 tam
1249 1602 1413 1633 exponere
1434 1602 1472 1624 ac
1495 1590 1659 1630 elucidare
1670 1591 1747 1625 estet
1767 1589 1894 1633 operosi
1917 1589 2061 1631 molimi*

1173 1641 1242 1677 nis:
1271 1640 1328 1676 Est
1352 1638 1581 1681 alterinsloci,
1697 1672 1699 1674 .
1781 1641 1799 1657 ·’

1324 1803 1520 1845 CAPUT
1549 1803 1893 1846 SECUNDUM.
1953 1818 2060 1859 ----77ι

1176 1915 1206 1951 E
1202 1911 1324 1963 pzstola
1333 1913 1452 1950 Sami
1459 1916 1607 1961 Joannis
1617 1909 1904 1965 Archi-Epifiopi
1926 1918 2058 1957 Antio*

1231 1966 1304 2006 ch‘iae
1322 1967 1368 2004 ad
1388 1969 1570 2015 orientales
1595 1964 1773 2018 Epifiopos
1792 1969 1832 2014 dc
1851 1968 1949 2014 fhfia
1972 1975 2059 2008 ‘Pace

1187 2020 1190 2029 ¹
1233 2020 1434 2075 universalis
1454 2023 1620 2076 Ecclesia,
1649 2038 1749 2077 quam
1770 2025 1790 2063 ὰ
1809 2030 1899 2064 Beati
1914 2031 1943 2066 C
1931 2027 2058 2076 yrilli,

1233 2083 1278 2120 ad
1297 2086 1465 2122 Acacium
1485 2096 1552 2134 qua:
1577 2086 1769 2121 nominatur
1788 2109 1800 2128 ,
1828 2082 1978 2134 Epistola
2000 2097 2060 2122 no«

1234 2150 1381 2179 minavit
1394 2169 1403 2177 .

1275 2235 1405 2272 Btinuit
1415 2236 1548 2278 Pietas,
1574 2236 1727 2273 &omnis
1747 2236 1886 2274 Diaboli
1908 2238 2061 2273 abscedat

1301 2287 1446 2326 invidia.
1474 2289 1519 2323 Et
1539 2288 1710 2328 obtinuit,
1735 2289 1864 2323 nullum
1888 2289 2000 2323 locum
2020 2289 2062 2323 de

1181 2349 1295 2374 caetero
1329 2338 1507 2377 admittens
1529 2339 1737 2383 impudenter
1778 2339 1970 2374 calumniari
1994 2350 2063 2375 ten·

1182 2388 1329 2425 tantibus
1350 2389 1592 2432 expolitionem
1606 2388 1698 2425 Fidei
1714 2389 1863 2423 Ecclefiae
1884 2390 2063 2434 Magistro·

1184 2449 1255 2471 rum
1265 2462 1272 2468 .
1300 2437 1461 2471 Obtinuit
1474 2439 1517 2471 fic
1530 2460 1540 2476 ,
1566 2449 1730 2481 quatenus
1753 2440 1806 2482 pia
1819 2439 1991 2473 Confeffio
2004 2440 2065 2474 Di-

1186 2486 1267 2519 vinae
1287 2483 1572 2520 inhumanationis
1596 2498 1664 2522 non
1690 2487 1784 2520 aliter
1810 2488 1894 2528 apud
1914 2498 2001 2528 nos,
2027 2490 2062 2523 δε

1185 2535 1277 2572 aliter
1286 2533 1365 2567 alibi
1387 2535 1503 2576 suscipi
1520 2545 1619 2577 queat
1631 2559 1638 2568 .
1667 2536 1906 2571 Concurrimus
1916 2538 2005 2570 enim
2020 2536 2061 2571 ad

1186 2585 1329 2620 invicem
1340 2595 1401 2619 nos
1415 2584 1449 2618 δε
1459 2584 1630 2618 Dominus
1639 2595 1730 2618 meus
1743 2585 1820 2618 Deo
1834 2584 2061 2621 Amiciffimus

1187 2634 1332 2679 Cyrillus
1343 2658 1355 2674 ‚
1380 2645 1481 2669 unam
1490 2633 1525 2667 δε
1536 2633 1673 2669 eandem
1683 2634 1801 2669 Fidem
1815 2636 1992 2670 secundum
2005 2648 2060 2671 ve·

1185 2696 1253 2722 tam
1267 2683 1527 2729 Evangeliorum
1535 2685 1682 2730 regulam
1695 2686 1941 2720 conservantes.
1957 2685 2057 2721 Nihil

1184 2736 1275 2771 enim
1287 2734 1431 2770 medium
1444 2759 1455 2775 ‚
1482 2745 1587 2778 neque
1597 2734 1764 2770 dubietate
1774 2735 1915 2780 dignum
1932 2737 1966 2770 in
1986 2735 2059 2777 his,

1185 2798 1253 2830 qua:
1264 2786 1304 2820 ad
1319 2795 1378 2819 nos
1389 2784 1430 2819 de
1440 2784 1523 2820 Fide
1535 2796 1589 2828 per
1598 2784 1782 2830 Epistulam
1794 2786 1916 2830 scripsit
1927 2809 1938 2825 ‚
1960 2798 2059 2831 expo-

1186 2837 1249 2873 suit
1263 2860 1274 2876 ,
1299 2835 1355 2870 sed
1366 2836 1480 2870 omnia
1490 2835 1575 2872 clare
1586 2846 1684 2879 atque
1695 2847 1801 2880 aperte
1815 2837 1991 2871 secundum
2003 2849 2063 2871 no-

1184 2887 1261 2922 stras
1273 2887 1505 2930 propositiones
1519 2887 1728 2920 satisfactioni
1740 2888 1802 2920 suae
1813 2910 1823 2926 ,
1850 2897 1949 2928 quam
1964 2886 2060 2921 nobis

1185 2937 1322 2977 ditexit,
1349 2937 1511 2971 intexuit.
1538 2937 1636 2971 Facta
1650 2935 1695 2971 est
1708 2937 1809 2981 igitur
1821 2960 1831 2976 ,
1859 2937 2060 2988 propitiantq

1184 2987 1260 3023 Deo
1283 3011 1294 3027 ,
1319 2997 1374 3030 per
1392 2985 1460 3022 haec
1479 2997 1544 3020 una
1570 2987 1766 3022 communio
1786 3011 1797 3028 ,
1823 2986 1855 3020 &
1880 2985 2059 3023 concordia

1183 3037 1335 3075 omnium
1345 3038 1448 3071 totius
1458 3035 1557 3073 Orbis
1569 3036 1784 3073 Ecclefiarum
1795 3062 1802 3069 .
1831 3036 1949 3078 Neque
1961 3036 2057 3071 nobis

1184 3087 1320 3123 subdole
1340 3085 1570 3121 accedentibus
1594 3087 1635 3121 ad
1650 3087 1796 3122 Ecclesiae
1818 3097 1928 3130 pacem
1957 3110 1968 3127 ,
1995 3098 2058 3121 nec

1183 3138 1332 3181 praedicto
1354 3137 1563 3174 Amiciffimo
1580 3136 1665 3172 Viro
1684 3146 1845 3172 contento
1865 3146 2056 3172 extraneam

1184 3186 1278 3222 nobis
1297 3187 1408 3232 eloqui
1423 3198 1536 3223 vocem
1549 3211 1559 3226 ‚
1589 3197 1697 3231 praeter
1720 3198 1819 3230 quam
1832 3187 1901 3221 vult
1914 3187 2059 3231 Scriptu-

1182 3249 1215 3272 ra
1227 3238 1372 3272 Divina.
1403 3237 1456 3272 Sic
1477 3237 1566 3271 enim
1581 3238 1676 3280 pure,
1703 3236 1909 3279 mundeque,
1935 3249 1972 3271 ac
1993 3237 2057 3271 fine

1182 3287 1262 3323 dolo
1286 3287 1434 3322 dissolvit
1452 3286 1653 3322 dubietatem
1666 3312 1677 3328 ‚
1705 3299 1776 3331 quae
1799 3287 1883 3325 inter
1895 3298 1955 3322 nos
1966 3297 2034 3321 erat
2045 3310 2057 3326 ,

1183 3349 1218 3372 ut
1232 3339 1357 3372 nullam
1380 3336 1574 3381 relinqueret
1585 3339 1789 3372 occasionem
1810 3336 1882 3379 his,
1909 3338 1965 3381 qui
1979 3347 2061 3370 con«⁸

1182 3396 1228 3422 tra
1249 3399 1324 3427 eum
1345 3387 1460 3423 volunt
1481 3386 1522 3426 de
1540 3388 1682 3427 Divinis·
1696 3387 1861 3424 dissentire
1882 3384 2057 3430 Dogmati=

1182 3437 1258 3477 bus,

1601 3488 1629 3521 B
1681 3499 1701 3536 3
1906 3484 2009 3527 Susciff
