2320 3730
607 177 924 229 Scironis,
961 187 1023 219 ET
1057 171 1250 218 Nous
1288 181 1676 217 inveniaris.

1875 188 1965 232 115

206 258 420 297 authoritatem
429 254 592 288 ordinandi
603 253 738 289 babent:
763 259 920 290 Nimirum
937 254 1040 287 illicite*
1051 252 1090 285 ab
1151 264 1190 286 ex
1212 257 1314 295 quoin
1330 251 1418 292 islam
1437 251 1622 286 benedieiam
1644 254 1786 291 synodum
1807 260 1946 288 venimus
1957 279 1968 296 ,
1995 257 2029 292 δ’

206 311 268 344 illis
273 312 419 351 petitorii.
446 305 612 339 Seditiones
627 310 661 338 in
673 305 801 347 Ecclefia
821 311 956 340 excitant
971 329 979 336 .
1006 305 1089 346 ,ραι
1131 307 1383 348 {Imperatorem
1408 304 1443 337 ὁ·
1459 304 1614 348 Judices‚
1638 305 1673 337 ὁ·
1695 305 1828 344 Milites,
1854 307 2032 340 &Sacerdo-

206 356 402 400 expendenda
420 359 454 388 in
478 353 551 399 ufics
565 365 738 399 pauperum
752 380 763 397 ,
790 362 823 389 in
841 356 912 400 suos
935 353 1088 397 insumunt
1131 353 1194 391 {tes
1218 377 1229 393 ‚
1255 356 1290 388 (9·
1319 357 1424 391 Laicos
1444 353 1636 394 contestantes
1655 378 1665 394 ,
1693 365 1730 388 ne
1758 354 1837 398 fiant
1858 358 1985 391 traditae
2009 358 2031 390 ἃ

205 407 333 443 milites.
360 404 470 440 Aliter
490 406 609 441 Codex
636 406 830 444 Caffinenfis
855 419 864 438 :

203 457 305 491 dotum
319 453 396 500 sunt
409 463 539 500 gerunt,
564 459 734 491 &utuntur
755 455 894 502 Ecclqfin
906 480 917 496 ,
944 454 1089 488 &illicite

199 505 334 550 speratae
357 508 565 544 Ordinatiom's
587 531 598 548 ,
625 516 659 542 ut
677 513 792 551 putant
810 531 823 551 ,
847 506 982 542 obtinent
997 504 1089 547 firma

203 557 349 601 Promissa
362 582 370 590 .
396 559 444 589 Et
455 569 492 590 ea
505 581 517 597 ,
542 569 609 600 quae
619 560 665 591 ad
675 565 845 601 pauperum
854 555 1018 597 offeruntur
1029 559 1089 588 ino-

196 613 288 651 piam
300 631 312 649 ,
331 608 509 653 expendunt
522 613 557 643 in
567 610 776 647 Seditionariis
794 605 859 650 suis
871 631 878 638 .
906 606 963 639 An
974 604 1087 639 restius

202 668 261 701 per
270 656 409 699 omnia,
434 657 575 703 ignoro.
605 657 738 694 Etenim
760 657 894 702 vulgata
916 655 1087 691 translatio

202 707 332 743 videtur
352 708 470 745 restior
490 709 524 747 in
536 706 587 745 his
609 707 713 743 verbis
726 721 737 741 :
761 708 864 741 illicite
883 706 924 740 ab
933 707 996 740 illis
1005 710 1088 748 peti-

202 766 283 791 tam.
312 757 376 792 Ista
386 758 566 796 Ordinatio
576 767 644 792 erat
658 758 755 802 plena
767 758 944 799 executio,
971 756 1087 800 plena-

203 818 270 852 que
306 808 444 842 firmitas
478 807 642 851 Synodici
667 809 703 842 in
724 809 919 844 Nestorium
943 805 1084 851 Iudicii:

202 858 300 892 Hinc
325 858 445 903 Legati
470 857 561 896 illius
586 859 778 895 facultatem
804 858 922 894 merito
948 856 1087 902 postula-

201 916 281 941 runt
302 932 310 940 .
338 908 502 942 Attamen
526 909 563 943 δε
580 908 774 947 Caffinenfis
793 907 962 945 translatio
987 906 1086 941 habet

199 955 260 992 hic
280 956 408 999 aliquid
429 957 590 1003 singulare
603 984 611 992 .
639 959 751 994 Edicit
772 959 1030 998 ordinationem
1040 957 1088 994 us·

203 1017 267 1050 que
277 1016 357 1041 tunc
367 1007 461 1042 fuisse
481 1008 694 1046 solummodo
707 1010 866 1052 speratam
878 1033 889 1049 ,
915 1019 985 1043 non
996 1018 1089 1051 pera-

198 1057 295 1090 {tam-
308 1055 346 1090 In
358 1054 493 1098 reliquis
501 1055 547 1089 est
557 1057 701 1092 omnino
707 1058 834 1095 melior.
851 1058 987 1094 Etenim
998 1056 1087 1091 aliud

196 1106 245 1139 est
280 1103 442 1144 Ecclefias
471 1117 672 1152 congregare
690 1132 702 1149 ,
730 1108 819 1143 aliud
840 1110 890 1143 uti
916 1107 1086 1142 Ecclefiis.

197 1153 245 1189 Et
255 1152 420 1198 prefina
431 1157 590 1198 synodus
601 1158 710 1191 secum
730 1169 800 1193 non
814 1156 930 1193 habuit
941 1156 1070 1191 Milites
1081 1181 1088 1188 .

199 1204 335 1239 Sanetus
347 1204 496 1249 Cyrillus
515 1217 631 1241 nautas
655 1206 842 1252 AEgyptios
856 1233 868 1248 ,
894 1219 932 1241 ac
944 1206 1090 1240 Alexan-

197 1253 298 1289 drinae
321 1255 469 1292 Ecclefiae
479 1255 722 1297 Parabolanos,
747 1257 916 1291 Memnon
933 1253 1089 1299 Ephesius

195 1305 366 1339 accusatur
399 1305 511 1344 secum
550 1304 698 1340 habuiffe
724 1306 887 1341 Afiaticos
913 1304 1086 1340 Rusticos.

197 1353 277 1388 Hos
287 1354 420 1399 vulgata
432 1355 519 1390 male
529 1356 678 1394 Milites,
702 1356 899 1392 Caffinenfis
917 1355 1090 1395 translatio

196 1403 283 1439 reste
303 1405 444 1448 appellat
454 1405 693 1444 seditionarios
705 1431 713 1442 .

250 1453 401 1500 Qintus
424 1455 539 1489 locus:
579 1458 654 1499 ‚Qua
675 1457 711 1494 ‘b‘
732 1468 811 1494 nunc
830 1465 899 1500 opos
919 1455 1037 1492 habetis
1056 1460 1089 1491 in

197 1503 289 1545 bello,
313 1514 370 1550 quo
390 1504 525 1546 Africam
541 1510 687 1547 premms
701 1530 710 1538 .
735 1506 929 1542 Caffinenfis
952 1505 1088 1540 transla-

196 1552 249 1588 tio
267 1552 313 1587 est
332 1554 448 1589 restior
469 1566 477 1587 z
505 1556 583 1598 ,Qua
609 1556 644 1589 Θ
666 1556 810 1599 indigens
835 1561 868 1588 in
886 1556 978 1596 bello,
1007 1556 1089 1597 quod

194 1613 277 1638 nunc
287 1603 420 1647 Asi-icam
427 1604 651 1647 comprehendit
663 1630 671 1637 .
694 1605 837 1640 'Etenim
859 1605 951 1650 quod
965 1604 1079 1639 Africa

196 1661 280 1688 tunc
302 1665 373 1688 non
400 1663 599 1699 premeretur
622 1655 642 1691 a
662 1652 858 1691 Theodosio
880 1679 891 1695 ,
917 1655 972 1690 sed
998 1654 1087 1689 bello

199 1703 532 1748 comprehenderetur
542 1704 561 1738 ὲ
573 1705 818 1740 Wandalorum
829 1707 924 1751 Rege
935 1705 1088 1739 Geizeri-

169 1774 173 1776 -
199 1764 267 1794 co,
293 1755 339 1789 est
349 1755 576 1799 exploratum.
606 1756 723 1790 Sextus
736 1757 828 1791 locus
846 1756 913 1791 est:
940 1755 996 1796 Est
1007 1758 1087 1789 Deus

200 1806 371 1839 commilito
391 1805 486 1846 vester
512 1832 519 1839 .
549 1804 682 1840 Reffifis
719 1806 915 1841 Caffinensis
945 1806 1087 1840 Codex:

202 1855 278 1886 Erit
288 1854 374 1888 vobis
382 1863 532 1898 pugnator
543 1861 675 1888 omnium
689 1859 772 1889 Deus
786 1881 793 1888 .
820 1856 919 1889 Certe
937 1853 1005 1891 haec
1019 1865 1088 1898 pro-

200 1903 321 1946 positio
332 1927 343 1947 ‚
369 1907 448 1937 Deus
460 1903 499 1945 est
510 1913 579 1938 tuus
591 1905 760 1939 commilito
775 1929 786 1945 ,
809 1905 878 1939 olet
892 1905 1066 1950 Pelagium
1078 1927 1089 1945 ‚

202 1953 240 1986 &
252 1951 392 1986 offendit
404 1954 474 1996 pias
495 1965 587 1988 aures
598 1977 606 1985 .
629 1954 795 1996 Septimus
813 1954 908 1991 locus
920 1955 964 1988 est
978 1968 989 1987 .-
1018 1959 1092 1987 Haee

197 2000 281 2046 sape*
304 2002 425 2044 quidem
448 2013 548 2036 coram
560 2006 642 2043 Deo,
669 2004 746 2037 &in
769 2002 911 2047 Epheso,
938 2003 1030 2038 &bic
1040 2012 1089 2036 te-

194 2051 271 2092 stati
289 2050 391 2094 sumus
403 2077 414 2094 ,
441 2052 615 2093 &vestram
632 2054 783 2087 Pietatem
800 2054 973 2094 docuimus,
1000 2059 1090 2085 ratio-

196 2112 270 2134 nem
280 2103 363 2135 illius
377 2126 388 2142 ‚
410 2111 445 2139 ut
454 2113 551 2136 coram
562 2106 691 2134 omnium
704 2106 764 2135 Deo
775 2126 786 2143 ,
813 2103 971 2136 reddentes
984 2127 991 2135 .
1017 2103 1089 2136 Re*

200 2151 302 2186 eiius:
327 2154 398 2188 Haec
413 2154 485 2194 Jam
506 2153 630 2195 quidem
649 2149 761 2195 saepius
781 2159 814 2187 in
836 2151 983 2197 conspec‘lu
1007 2156 1088 2193 Dei,

200 2202 237 2235 ό·
254 2207 287 2234 in
309 2200 448 2245 Epheso,
475 2203 510 2238 θ’
531 2202 578 2237 hic
598 2200 729 2241 obtestati
747 2201 852 2246 sumus
865 2228 875 2244 ‚
902 2205 937 2238 (u
959 2202 1090 2243 vestram

202 2252 356 2285 docuimus
374 2253 526 2286 Pietatem
540 2275 551 2291 ,
572 2249 812 2297 satisfae‘lionem
832 2253 914 2288 nobis
935 2259 1088 2295 acquiren-

201 2308 248 2334 tes
258 2302 343 2343 apud
353 2307 479 2335 omnium
491 2305 653 2337 Dominum
665 2328 672 2336 .
702 2302 805 2337 Aliud
818 2304 907 2338 enirn
920 2302 966 2337 est
977 2314 1088 2337 coram

202 2351 281 2384 Deo
293 2352 454 2385 rationem
477 2351 629 2393 reddere,
654 2351 743 2388 aliud
764 2351 850 2397 apud
863 2354 968 2398 ipsum
979 2354 1089 2396 acqui-

203 2411 274 2433 rere
294 2401 545 2434 satisfastionem
560 2425 567 2432 .
594 2403 739 2435 Ostavus
759 2403 870 2435 locus:
897 2406 942 2433 Et
967 2407 1089 2434 animas

891 408 974 450 ,ραι
992 406 1090 438 Sacer·
1130 403 1134 456 ᾗ
1153 404 1299 438 Patribus
1314 405 1389 452 fidei
1405 406 1574 447 proditores
1596 429 1604 437 .
1633 404 1821 439 orientales
1840 405 1930 440 enim
1953 407 2033 449 Epi·

1131 455 1241 499 'scopi
1267 466 1473 500 nequaquam
1498 455 1698 499 fibimetipfis
1730 453 1894 489 timebant
1931 479 1942 495 ,
1977 457 2033 491 sed

1151 505 1225 539 aliis
1246 531 1254 539 .
1290 504 1486 550 Ephefinam
1511 505 1687 550 Synodum
1711 505 1878 550 appellant
1904 502 2034 539 benedi-

1329 959 1597 1013 CAPUT
1633 962 1847 1011 xxxvi.
1899 978 2044 1030 --124

1154 1158 1253 1199 Pars
1287 1155 1473 1200 Sermonis
1506 1154 1612 1203 unius
1645 1189 1659 1214 ,
1710 1167 1779 1217 quo
1812 1152 1850 1199 in
1885 1147 2042 1198 Chalce-

1223 1220 1310 1273 done
1344 1221 1471 1274 dicunt
1520 1219 1629 1288 ufirm
1664 1220 1937 1270 Theodoretum
1960 1256 1975 1285 ‚

1381 1291 1611 1361 Epfiopum
1645 1296 1679 1339 C
1665 1293 1811 1359 yrensts

1416 1362 1419 1366 ’
1503 1362 1695 1429 Ecclefiae.

1241 1552 1373 1588 Hristus
1385 1553 1487 1598 praefit
1506 1553 1620 1590 nostro
1634 1552 1777 1589 sermoni
1790 1577 1801 1593 ,
1827 1549 1882 1598 per
1896 1562 1996 1595 quem
2013 1552 2048 1587 δε

1266 1605 1323 1648 ipfi
1337 1606 1520 1644 sermoneS‚
1545 1605 1580 1638 &
1594 1615 1654 1638 nos
1675 1603 1744 1645 ejus
1762 1601 1967 1636 Divinorum
1982 1601 2049 1633 Μί·

1152 1653 1244 1687 nistri
1257 1653 1451 1688 verborum.
1482 1653 1659 1694 Christus,
1685 1652 1743 1695 qui
1751 1650 1861 1694 pofitus
1883 1650 1922 1693 est
1940 1656 1973 1683 in
1983 1657 2046 1684 rui·
2066 1648 2172 1678 Luc-2·

1152 1715 1225 1738 nam
1233 1728 1245 1745 ‚
1270 1702 1321 1746 res
1317 1704 1564 1745 ornatioremque
1587 1704 1746 1736 multorum
1759 1714 1766 1734 :
1795 1703 1841 1736 Et
1867 1700 2021 1745 insignum
2031 1725 2042 1741 ,

1150 1759 1195 1790 cui
1205 1755 1437 1788 contradicetur.
1469 1754 1566 1788 Olim
1579 1753 1711 1797 quidem
1723 1753 1765 1787 ab
1778 1752 1895 1787 Israele
1905 1751 2042 1792 carnali,

1153 1815 1243 1838 nunc
1254 1805 1334 1838 vero
1345 1804 1475 1839 etiami
1489 1803 1666 1847 spirituali.
1697 1802 1852 1838 Christus
1863 1827 1873 1843 ,
1901 1801 1958 1846 qui
1972 1800 2045 1835 infi-
2068 1803 2201 1833 IoPetr.z-

1151 1853 1280 1887 delibus
1295 1853 1429 1896 quidem
1439 1852 1604 1893 offenfionis
1617 1852 1655 1892 est
1663 1853 1743 1893 lapis
1758 1877 1770 1893 ,
1798 1854 1833 1886 Θ
1838 1851 1978 1895 scandali
1983 1859 2043 1893 pe-

1152 1911 1222 1943 tra,
1248 1914 1318 1937 non
1331 1902 1505 1938 confundit
1516 1912 1627 1936 autem
1639 1902 1805 1937 credentes
1819 1903 1853 1935 in
1867 1903 1898 1936 se
1910 1924 1918 1934 ,
1946 1900 2046 1934 Chri·
2064 1879 2183 1912 ¹s²¹'²⁸'

1152 1953 1218 1986 stus
1230 1952 1286 1986 ille
1298 1954 1379 1995 lapis
1393 1976 1404 1993 ,
1429 1963 1514 1994 quem
1525 1952 1765 1994 reprobaverunt
1778 1952 1962 1994 aedificantes
1972 1975 1982 1990 ‚
2007 1952 2042 1985 <tt

1144 2000 1252 2043 fac‘ius
1272 2002 1355 2042 estin
1378 2009 1465 2042 caput
1481 2004 1598 2046 anguli.
1629 2001 1780 2036 Christus
1801 2001 1952 2035 Ecclefiae
1963 2001 2042 2034 fun-
2065 1994 2217 2030 Mal-1¹7·

1150 2049 1359 2086 damentum.
1387 2051 1537 2086 Christus
1561 2052 1734 2094 lapisille,
1760 2057 1812 2094 qui
1828 2050 1891 2093 fine
1902 2050 2044 2109 manibus
2064 2075 2180 2107 Daniel·

1150 2100 1188 2141 est
1197 2099 1354 2145 absciffus,
1381 2101 1618 2144 &monsfablus
1629 2101 1668 2142 est
1678 2114 1806 2146 magnus
1819 2126 1830 2142 ,
1857 2103 1892 2136 &
1912 2111 2042 2145 operuit

1150 2150 1265 2185 orbem
1286 2160 1397 2192 terrae,
1423 2151 1602 2187 secundum
1627 2150 1842 2196 Prophetiam
1867 2152 2043 2187 Danielis.

1151 2200 1301 2235 Christus
1315 2213 1372 2245 pro
1384 2212 1451 2246 quo
1463 2226 1475 2242 ‚
1500 2202 1534 2235 &
1546 2213 1622 2236 curn
1635 2213 1702 2246 quo
1712 2227 1724 2244 ,
1751 2204 1786 2236 ὅ(
1798 2211 1928 2246 propter
1943 2214 2041 2246 quem

1152 2263 1211 2285 nos
1232 2261 1479 2296 expugnamur:
1507 2252 1550 2285 Et
1571 2262 1702 2298 propter
1721 2262 1819 2294 quem
1847 2262 1906 2286 nos
1930 2253 2042 2286 sumus

1150 2300 1191 2335 ab
1213 2300 1532 2344 ImperialiCivitate
1553 2300 1728 2345 prohibiti.
1756 2301 1819 2336 Sed
1839 2312 1908 2336 non
1931 2303 2040 2336 sumus

1151 2350 1322 2384 Coelorum
1336 2351 1455 2395 Regno
1467 2352 1584 2395 privati
1600 2378 1607 2384 .
1635 2352 1818 2388 Civitatem
1831 2352 1971 2394 namque
1985 2351 2041 2386 ha-

1152 2399 1265 2433 bemus
1288 2400 1494 2433 Hierusalem
1532 2402 1711 2436 Coelestem
1735 2425 1746 2440 ,
1784 2401 1877 2443 cujus
1906 2401 2037 2436 Artifex

205 2459 323 2489 eorum,
354 2455 405 2490 qui
422 2449 466 2481 ad
482 2447 515 2490 se
537 2449 699 2489 accedunt,
719 2448 748 2492 fi
765 2455 833 2491 quis
854 2451 889 2482 (tt
912 2449 990 2492 ipsos
1010 2453 1090 2483 volet

204 2498 313 2530 audire
325 2522 332 2529 .
361 2497 419 2533 Est
437 2498 541 2534 locus*
553 2498 690 2532 mutilus
702 2523 710 2530 .
737 2499 933 2544 Marginalis
944 2497 1089 2534 Scholia·

203 2546 267 2580 :stes
286 2545 369 2580 recte
390 2546 528 2582 advertit
550 2547 656 2580 deeffe
682 2547 816 2581 verbum
829 2573 841 2588 ,
866 2551 1010 2582 Occidunt
1032 2559 1087 2583 aut

203 2596 357 2629 Perdunt.
383 2595 576 2630 Caffinenfis
598 2596 768 2630 translatio
789 2597 835 2630 est
864 2599 989 2640 optima
1003 2612 1014 2630 :
1041 2602 1087 2631 Et

202 2658 265 2679 non
281 2644 411 2689 salvant
431 2651 550 2679 animas
579 2647 810 2693 ingredientium
833 2672 840 2678 .
883 2647 922 2682 112
940 2648 1084 2691 ipsorum

203 2695 364 2730 Ecclefias
384 2694 612 2730 &Collestas.
642 2697 915 2739 Siquitamenillos
937 2698 1085 2731 &audire

202 2751 331 2779 contenti
347 2744 435 2788 sunt.
466 2746 586 2780 Nonus
608 2747 699 2781 locus
719 2747 788 2780 est:
816 2748 910 2791 ,Quod
925 2745 952 2788 fi
971 2749 1005 2782 (tr
1020 2748 1083 2790 posi

204 2795 284 2828 banc
294 2794 419 2835 nostram
429 2794 670 2838 obsecrationem,
697 2795 794 2838 hanc,
821 2809 889 2841 quae
910 2809 1009 2831 coram
1023 2800 1084 2832 Deo

204 2847 284 2878 data
302 2845 339 2886 est
362 2870 373 2887 ,
398 2846 565 2880 doctrinam
585 2858 643 2879 non
659 2845 814 2890 susceperit
836 2846 934 2888 vestra
957 2850 1061 2882 Pietas
1074 2874 1081 2881 .

204 2895 360 2930 Rectius:
384 2898 415 2930 si
439 2900 512 2932 vero
533 2897 636 2939 &post
661 2896 735 2932 banc
756 2898 881 2939 nostram
905 2900 1082 2941 deprecatio·

205 2957 274 2979 nem
289 2972 300 2987 ‚
326 2948 360 2981 (2⁴
371 2959 468 2980 eoram
489 2949 550 2982 Deo
568 2953 816 2983 commonitionem
835 2962 893 2983 non
904 2955 1083 2992 acquieverit

1151 556 1234 589 &arn
1254 567 1296 591 eo
1318 558 1433 597 sensu,
1457 568 1525 602 quo
1546 557 1633 592 dixit
1654 567 1738 594 uxor
1758 554 1928 600 Prophetae
1949 554 2034 598 Job:

1152 607 1283 640 Benedic
1304 609 1363 640 Deo
1385 633 1397 649 ‚
1432 609 1468 642 (9
1490 619 1601 643 morere
1621 632 1629 639 .
1668 608 1749 642 Hoc
1774 607 1820 642 est
1841 630 1854 649 ‚
1881 605 2011 640 Maledic
2025 630 2034 638 -

1150 653 1306 693 Phraseos
1326 657 1410 691 ratio
1430 657 1476 692 est
1496 658 1683 703 explorata..

1152 2447 1355 2482 AEdificator
1377 2447 1423 2482 est
1443 2449 1556 2493 Deus,
1580 2450 1676 2495 juxta
1696 2450 1792 2487 Pauli
1806 2450 1960 2494 Apostoli
1984 2461 2044 2486 vo·
2066 2454 2202 2487 Heben.

1151 2508 1224 2535 cem
1238 2523 1245 2530 .

1201 2546 1350 2583 Christus
1367 2571 1378 2587 ‚
1406 2558 1537 2591 propter
1556 2560 1653 2593 quem
1692 2549 1907 2593 Propontidis
1936 2551 2042 2587 undas

1152 2599 1303 2642 navigare
1324 2598 1513 2642 praesumitis
1527 2623 1538 2639 ‚
1564 2609 1601 2633 ut
1619 2599 1762 2634 nostram
1785 2611 1901 2634 vocem
1928 2602 2042 2637 audire

1150 2648 1274 2692 poffitis
1288 2672 1300 2688 ,
1326 2649 1508 2692 imaginem
1523 2650 1612 2683 vocis
1622 2650 1685 2684 effe
1703 2659 1855 2693 putantes
1869 2651 1965 2685 vestri
1977 2651 2040 2686 Pa-

1149 2699 1258 2733 storis.
1287 2697 1530 2742 concupiscitis
1540 2700 1631 2734 enim
1645 2699 1834 2734 delectabile
1860 2700 1965 2734 melos
1984 2713 2038 2735 au-

1147 2749 1215 2783 dire
1234 2749 1327 2783 vestri
1339 2748 1499 2784 Pastoris.
1526 2749 1619 2784 Illius
1631 2749 1775 2787 Pastoris
1792 2774 1803 2790 ,
1828 2761 1925 2794 quem
1938 2752 2039 2786 Com·

1148 2797 1570 2842 pastoresejuscalamorum
1588 2825 1599 2841 ,
1627 2801 1708 2835 ficut
1719 2800 1939 2840 arbitrantur,
1967 2801 2039 2835 sub·

1147 2848 1376 2893 scriptionibus
1392 2861 1598 2893 peremerunt
1615 2876 1622 2882 .
1651 2850 1707 2886 Ad
1721 2862 1805 2896 quos
1816 2850 1908 2884 Deus
1931 2850 2040 2889 excla-

1147 2910 1215 2933 mat
1236 2911 1292 2943 per
1312 2899 1512 2945 Prophetam
1536 2914 1543 2934 z
1571 2901 1705 2941 Pastores
1730 2903 1816 2935 multi
1840 2909 2033 2941 corruperunt
2059 2920 2134 2951 Hier·
2149 2931 2192 2952 η,

1150 2955 1272 2983 vineam
1283 2961 1378 2985 meam
1391 2976 1398 2984 .
1425 2952 1597 2986 Polluerunt
1602 2960 1724 2993 partem
1734 2963 1839 2985 meam.
1870 2949 2034 2993 Posuerunt

206 2997 311 3028 Pietas
321 2998 418 3035 vestra
430 3023 437 3030 .
464 2997 598 3032 Etenim
611 2997 808 3033 contestatio
830 3000 938 3035 studet
950 3000 1083 3034 Princi-

206 3055 281 3087 pem
304 3057 371 3081 non
396 3050 429 3080 in
447 3048 536 3083 suam
571 3048 747 3083 doctrinam
769 3050 932 3085 inflestere
951 3076 962 3091 ,
988 3050 1039 3085 sed
1065 3051 1082 3084 ὲ

207 3095 327 3137 Cyrilli
352 3096 515 3139 Capitulis
538 3099 702 3133 dimovere
723 3125 729 3131 .
765 3100 924 3135 Decimus
951 3102 1082 3135 tandem

204 3145 300 3179 iocus
310 3145 354 3179 est
367 3159 377 3179 :
404 3151 476 3180 Non
498 3155 578 3181 enim
599 3150 735 3192 ceffamus
759 3151 838 3184 nolle
857 3153 892 3186 (⁸2⁶
905 3153 974 3191 die,
1002 3151 1083 3186 abeo

206 3196 256 3228 die
277 3207 330 3238 quo
354 3202 387 3228 in
407 3196 485 3230 hanc
504 3199 640 3232 celebrem
660 3202 802 3239 synodum
821 3202 999 3235 advenimus
1011 3226 1022 3242 ‚
1050 3203 1084 3236 (5

207 3249 304 3289 Regi,
330 3247 365 3280 (5
386 3248 576 3290 Principibus
597 3251 631 3283 (9
657 3251 801 3285 Militibus
831 3277 842 3292 ,
867 3253 901 3286 (θ’
925 3252 1084 3286 Sacerdoti-

207 3295 263 3328 bus
274 3321 284 3335 ,
310 3298 342 3330 (9¹
356 3300 455 3330 Laicis
470 3297 590 3339 testari,
614 3310 651 3332 ne
661 3307 833 3335 amittamus
845 3304 991 3336 traditam
1002 3302 1085 3336 nobis

207 3347 228 3377 a
241 3347 385 3381 Patribus
393 3347 485 3391 fidem
497 3374 504 3382 .
533 3348 682 3384 Rectius:
703 3356 780 3385 Non
800 3359 879 3386 enim
894 3360 1062 3396 quievimus
1075 3377 1086 3394 ,

1130 3017 1131 3020 ¹
1144 3009 1264 3042 partem
1275 3012 1371 3035 meam
1391 3001 1611 3043 desiderabilem
1624 3000 1709 3043 quasi
1726 2999 1964 3044 intransmeabile
1973 3005 2036 3035 De-

1128 3035 1255 3097 {sertum
1266 3076 1273 3083 .
1301 3052 1401 3086 Dicat
1413 3053 1453 3086 de
1468 3053 1540 3095 ipfis
1553 3063 1609 3094 per
1620 3052 1723 3085 alium
1744 3061 1876 3095 quoque
1892 3049 2034 3096 Prophee

1129 3103 1132 3124 ¹
1147 3110 1214 3135 tam
1231 3114 1237 3134 :
1263 3104 1428 3136 Secundum
1440 3103 1660 3137 multitudinem
1667 3100 1756 3143 suam
1762 3110 1965 3144 peccaverunt
1980 3106 2033 3140 mi-r

1129 3132 1180 3184 lbi
1192 3177 1199 3183 .
1229 3155 1342 3185 Ponam
1354 3154 1481 3196 gloriam
1502 3150 1628 3195 ipsorum
1646 3157 1679 3186 in
1690 3158 1901 3196 ignominiam.
1929 3152 2031 3187 Dicat

1150 3213 1204 3246 per
1214 3202 1316 3237 alium
1327 3203 1438 3237 denuo
1450 3200 1648 3245 prophetam
1663 3214 1670 3234 :
1697 3205 1751 3236 Vae
1771 3203 1829 3245 filii
1840 3201 2007 3246 Defirtores
2018 3227 2030 3244 ‚
2053 3225 2123 3258 Osee

1140 3252 1254 3296 fecistis
1263 3252 1406 3294 consilium
1417 3278 1427 3296 ,
1456 3254 1489 3286 o·
1499 3264 1559 3286 non
1567 3260 1624 3294 per
1634 3264 1680 3285 me
1692 3277 1698 3284 .
1728 3256 1774 3286 Et
1784 3251 2028 3299 conspirationes,
2140 3238 2169 3263 7·

1149 3304 1183 3336 Θ·
1208 3315 1265 3336 non
1285 3311 1339 3345 per
1350 3306 1370 3336 5
1367 3309 1494 3345 piritum
1505 3314 1618 3336 meum:
1646 3307 1684 3337 Ut
1697 3305 1868 3347 adjiceretis
1873 3312 2026 3346 peccatum

1144 3351 1236 3398 super
1267 3361 1420 3396 peccatum
1433 3379 1441 3387 .
1484 3358 1705 3389 convertimini
1726 3379 1738 3397 ,
1763 3361 1816 3399 qui
1838 3353 2024 3443 prffussdum

1884 3406 1926 3433 ini
1950 3405 1978 3435 is
