2320 3730
931 180 1421 225 Eplsrotiss.

468 334 734 385 CAPUT
770 336 938 383 CCIII.
982 349 1145 389 ---292

255 474 481 545 Epistola,
516 478 636 542 inquit
661 511 675 535 ,
711 474 951 542 Epiphanii
986 472 1145 522 Archi-

328 547 523 595 Diaconi
558 581 571 605 ,
620 549 664 593 ὅτ.
699 545 894 612 Syncelli
941 543 1106 610 Cyrilli
1132 579 1145 602 ,

325 614 386 665 ad
411 617 727 666 Maximianum
746 613 1006 685 Episcopum
1026 618 1149 663 Con-

327 686 763 754 stantinopolitanum
776 722 790 745 ,
826 687 873 736 in
896 701 986 752 qua
1009 685 1147 747 magis

328 759 611 807 convincitur
646 757 835 805 intentio
869 755 1033 824 Cyrilli
1057 791 1070 816 ,
1106 757 1150 805 &

329 845 482 879 eorum
517 828 596 895 qui
630 828 748 877 circa
783 843 907 877 eum.

255 971 418 1016 Domino
466 970 545 1015 meo'
596 964 842 1030 Sanbiiffimo
889 1001 904 1026 ,
965 967 1024 1010 (ff
1071 969 1151 1011 Deo

327 1033 566 1099 Amicffmo
612 1033 798 1103 Episcopo
846 1070 860 1095 3
910 1037 1024 1081 Patri
1072 1041 1152 1081 Pa-

326 1121 431 1152 trum
458 1140 472 1164 ,
510 1109 571 1150 Θ*
605 1103 727 1151 Archi
740 1102 957 1173 -Epz‘fiopo
999 1109 1151 1153 Maxi-

327 1180 452 1223 miano
486 1171 721 1245 Epiphanius
756 1190 841 1222 tuus
854 1210 868 1222 .

356 1314 424 1349 Uae
443 1314 540 1349 nobis
555 1315 667 1359 saepins
679 1314 697 1349 a
710 1324 765 1350 tua
775 1314 891 1359 scripta
909 1316 984 1350 sunt
995 1316 1149 1350 Sanctita-

381 1374 413 1399 te
424 1390 435 1405 ,
463 1377 532 1399 non
544 1376 635 1400 erant
651 1366 696 1401 ita
710 1364 952 1410 perturbatione
968 1365 1064 1410 plena
1075 1391 1086 1407 ,
1112 1366 1149 1400 fi-

413 1425 470 1449 cut
493 1427 566 1459 quae
587 1427 677 1450 nunc
700 1417 883 1451 transmissa
908 1417 982 1450 sunt
994 1416 1149 1451 Domino

258 1476 337 1499 meo
362 1476 419 1509 per
437 1466 553 1500 omnia
574 1465 802 1507 Sanffiffimo,
828 1465 1015 1501 Sanctitatis
1038 1465 1150 1501 vestrae

258 1515 387 1555 Fratri,
415 1515 567 1559 Cyrillo.
597 1515 682 1562 Quae
692 1516 762 1559 plus
772 1527 849 1551 eum
866 1518 1011 1551 fecerunt
1026 1514 1148 1550 incide-

260 1576 295 1598 re
318 1565 523 1609 aegritudinis
548 1565 727 1599 recidivam
748 1591 756 1598 .
792 1565 838 1599 Et
865 1565 1147 1599 Admirandiffimi

256 1613 406 1648 Tribuni
417 1614 598 1654 Aristolai‚
623 1615 739 1658 &quae
749 1625 827 1648 mea:
847 1614 1045 1649 Humilitati
1067 1615 1150 1650 dire-

257 1665 309 1698 cta
329 1664 404 1698 sunt
418 1688 426 1696 .
453 1664 498 1698 Et
521 1661 563 1697 ad
587 1674 723 1708 utraque
744 1688 756 1705 ‚
781 1664 882 1707 petita
904 1664 999 1699 venia
1018 1666 1124 1700 refero
1138 1690 1148 1707 ,

262 1723 334 1748 tam
344 1724 414 1757 quae
424 1714 507 1747 olim
518 1714 601 1748 faeta
616 1715 713 1754 sunt,
739 1713 838 1758 quam
848 1726 919 1756 quae
936 1725 1025 1750 nunc
1035 1715 1148 1750 denuo

258 1763 398 1798 definita
413 1787 424 1803 ,
450 1764 485 1798 ἀ
507 1763 542 1797 in
566 1763 683 1806 quibus
702 1763 915 1798 contristatus
932 1768 975 1801 est
990 1765 1149 1803 Sanctissi-

259 1824 334 1848 mus
360 1814 483 1848 &Deo
493 1812 720 1849 Amiciffimus
731 1814 843 1849 Frater
864 1815 965 1849 vester
980 1815 1147 1859 Cytillus:

258 1863 450 1898 Infimiliter
485 1863 688 1898 Clarissimus
724 1864 899 1899 Tribunus
935 1864 1122 1905 Aristolaus
1141 1890 1148 1898 .

258 1913 351 1948 Nam
365 1913 446 1948 dum
459 1914 546 1957 prius
556 1913 591 1948 id
602 1914 790 1950 orientales
801 1925 989 1959 expeterent
999 1940 1010 1956 ‚
1037 1927 1073 1950 ut
1087 1915 1147 1949 Ca-

258 1964 387 2007 pirula,
415 1975 484 2006 quae
507 1965 727 1999 Sanstiffimus
750 1966 860 2000 Frater
880 1966 985 1999 vester
1002 1965 1148 2009 Cyrillus

256 2015 411 2056 exposuit
430 2037 441 2053 ,
467 2014 534 2049 haec
556 2015 625 2058 ipsa
647 2014 924 2050 anathematizans
944 2016 1032 2050 idem
1055 2026 1148 2050 extra

258 2063 439 2098 Ecclesiam
453 2063 664 2099 Catholicam
675 2067 816 2106 faceret,
843 2066 876 2098 in
890 2065 955 2099 hoc
968 2065 1055 2099 idem
1079 2066 1147 2098 Do-

256 2114 369 2147 minus
391 2124 482 2147 meus
495 2115 712 2148 Sanctiffirnus
733 2114 830 2148 Patet
848 2114 996 2157 Cyrillus
1015 2124 1148 2149 recerta-

257 2163 334 2203 bat,
363 2173 461 2207 atque
482 2163 633 2205 dicebat,
659 2164 750 2207 quod
767 2166 872 2199 saneta
893 2164 928 2197 &
948 2175 1067 2208 magna
1090 2166 1147 2207 Sy-

257 2214 368 2247 nodus
389 2213 571 2256 agnoscens
593 2237 604 2253 ‚
631 2223 773 2256 quorum
796 2215 969 2246 veritatem
990 2213 1146 2252 sancivit,

257 2272 296 2296 ea
309 2263 397 2296 rectae
417 2262 450 2295 &
463 2261 545 2295 sanae
555 2261 634 2296 fidei
657 2264 719 2295 esse
730 2286 740 2301 ,
766 2262 800 2295 ὅ(
811 2262 970 2303 Joannem
985 2272 1062 2295 cum
1076 2261 1147 2296 reli-

256 2312 331 2354 quis
346 2311 567 2356 segregationi
587 2310 738 2354 subjecit.
766 2314 811 2343 Et
827 2312 988 2354 quomoda,
1017 2311 1145 2355 inquit,

259 2373 310 2405 ego
319 2372 385 2396 cum
396 2366 438 2394 eis
441 2360 560 2402 faciam
567 2370 693 2405 pacem,
720 2363 754 2395 (θ’
771 2370 906 2395 evertam
926 2361 1063 2400 synodale
1078 2365 1112 2405 J
1114 2373 1144 2394 u-

260 2413 396 2444 dicium?
422 2410 733 2445 Admirandiffimus
754 2421 863 2445 autem
886 2410 1062 2445 Tribunus
1073 2411 1145 2445 Ari-

254 2461 377 2495 stolaus
390 2460 552 2495 insistebat
563 2461 594 2495 ei
608 2485 619 2501 ,
644 2472 681 2495 ut
694 2461 867 2495 Divinitus
881 2460 1003 2495 sancita
1017 2472 1148 2506 perage-

257 2521 308 2545 ret
327 2536 334 2542 .
361 2511 405 2545 Et
426 2508 491 2544 hoc
508 2522 551 2544 ex
572 2511 757 2546 necessitate
779 2510 936 2554 disposuit
958 2522 1014 2555 per
1028 2511 1142 2545 omnia

256 2560 477 2595 Sanstissimus
503 2561 672 2596 Dominus
697 2572 789 2596 meus
809 2556 986 2604 Cyrillus‘,
1011 2571 1049 2596 ut
1076 2561 1142 2604 ejus

255 2610 393 2654 quidem
417 2611 578 2645 Sanctitas
602 2609 810 2646 anathemate
829 2610 1021 2655 interposito
1034 2611 1139 2650 dicat,

256 2660 349 2704 quod
374 2671 444 2694 non
466 2660 559 2704 juxta
573 2659 760 2694 haereticum
782 2660 985 2695 intellectum
999 2659 1063 2694 haec
1076 2661 1142 2705 ipsa

253 2710 465 2754 exposuerit,
492 2711 546 2746 sed
558 2710 721 2754 quidquid
746 2710 876 2745 videtur
897 2710 1148 2755 reprehensibile

254 2760 320 2795 effe
332 2785 343 2801 ,
367 2759 439 2793 zelo
459 2759 612 2794 &calore
624 2761 710 2795 circa
721 2761 910 2795 Dominum
937 2762 1080 2795 nostrum
1094 2762 1142 2805 Je-

254 2812 327 2845 sum
348 2808 519 2844 Christum
532 2834 543 2849 ‚
570 2810 628 2854 qui
649 2809 830 2855 abnegatus
850 2811 896 2845 est
918 2811 936 2845 ὲ
961 2811 1118 2846 Nestorio
1131 2837 1141 2853 ,

252 2860 379 2895 dicium
402 2860 440 2893 fit
454 2873 466 2892 .·
492 2858 680 2894 orientales
702 2869 812 2895 autem
832 2861 939 2895 cuncti
953 2861 1140 2896 anathema-

252 2911 357 2945 tizent
381 2909 575 2945 Nestorium
600 2935 612 2951 ,
638 2909 771 2953 ejusque
792 2911 1010 2952 sententiam,
1036 2912 1071 2946 <Sc
1092 2912 1137 2947 ita

252 2960 472 3004 suscipiantur
492 2961 533 2995 ad
561 2971 672 3004 pacem
692 2984 699 2992 .
727 2959 807 2995 Hoc
827 2972 936 2997 autem
959 2962 1136 2996 mandante

252 3009 587 3054 Magnificentiffimo
600 3009 767 3045 Aristolao
777 3011 823 3045 eis
833 3035 844 3052 ‚
870 3013 927 3056 qui
941 3013 1026 3046 circa
1039 3014 1137 3056 Joan-

251 3069 332 3093 nem
343 3059 419 3093 sunt
438 3060 671 3094 &Dominum
694 3059 878 3103 Acacium,
904 3062 993 3106 quod
1004 3062 1134 3097 deberet

251 3109 425 3143 Dominus
446 3108 589 3144 Aeacius
610 3110 771 3153 Ioannem
797 3113 994 3156 compellere
1016 3138 1026 3154 ,
1052 3112 1134 3147 dire-

251 3167 374 3193 xerunt
393 3157 557 3200 Paulum,
586 3161 722 3195 vitantes
745 3159 810 3196 hoc
823 3185 834 3202 ,
860 3172 896 3197 ut
915 3162 957 3198 de
973 3163 1032 3196 illo
1049 3162 1133 3196 nihil

252 3208 290 3242 in
302 3208 461 3243 memoria
480 3208 622 3250 aberret,
651 3210 706 3245 sed
727 3210 784 3245 ille
806 3212 982 3255 quiesceret
995 3238 1002 3244 .
1031 3213 1137 3257 Igitur

253 3259 407 3294 Domino
425 3269 502 3294 meo
522 3260 727 3295 Sanctiffimo
747 3260 843 3296 Patre
864 3261 995 3306 Cyrillo
1014 3273 1134 3308 magna

256 3308 452 3352 aegritudine
468 3308 626 3351 detento,
653 3311 774 3354 placuit
795 3310 855 3345 ista
876 3312 1023 3347 differre.
1051 3312 1130 3347 Post

248 3358 379 3404 aliquot
398 3368 508 3395 autem
533 3360 601 3396 dies
627 3360 771 3396 ostendit
799 3361 1128 3408 Magnificentiffimo

1207 261 1366 299 Tribuno
1378 260 1501 297 Paulus
1513 259 1694 306 Episcopus
1716 266 1838 303 litteras
1851 266 1981 312 piissimi
1994 268 2087 311 Joan-

1212 313 1263 348 nis
1282 337 1294 355 ‚
1321 312 1413 356 quod
1435 311 1588 357 Episcopi
1615 313 1763 350 Orientis
1783 340 1793 355 ‚
1817 320 1851 352 ὅ(
1874 319 1931 361 qui
1955 318 2088 353 ulterius

1211 364 1306 404 sunt,
1331 362 1398 397 haec
1418 361 1487 396 fieri
1509 373 1578 398 nou
1602 363 1709 398 sinant
1732 377 1739 396 ε
1766 366 1849 411 Qae
1870 368 1903 403 &
1925 367 2089 404 habebant

1210 413 1364 456 quasdam
1375 412 1464 447 illius
1475 412 1593 456 impii,
1619 413 1652 449 id
1673 413 1742 455 est,
1766 413 1908 451 Nestorii
1934 419 2088 463 paginas.

1210 464 1303 499 Dum
1326 464 1431 499 rursus
1451 463 1798 510 Magnificentiffimus
1821 465 2000 503 Aristolaus
2022 468 2090 503 haec

1213 508 1267 556 per
1288 513 1411 548 litteras
1430 512 1598 549 intimaret
1619 539 1631 555 ‚
1657 514 1855 558 increpitans
1880 516 1926 548 eis
1950 517 2088 561 scripsit.

1213 563 1337 598 Verum
1351 563 1612 608 Magnificentiae
1633 564 1701 608 ejus
1721 563 1896 608 rescriptum
1919 564 1976 605 est,
2002 566 2092 610 quod

1211 615 1356 657 quaedam
1379 614 1508 649 decreta
1531 613 1652 649 fuerint
1676 626 1778 658 nuper
1798 615 1839 648 ab
1853 615 2022 659 Episcopis
2042 622 2093 658 qul

1212 663 1403 698 Antiochiae
1427 675 1654 700 convenerunt
1667 688 1679 706 ,
1705 665 1739 699 &
1758 663 1947 699 Alexander
1964 665 2095 708 Episco-

1213 725 1272 757 pus
1295 725 1371 748 cum
1395 724 1480 748 certa
1498 715 1639 750 formula
1653 739 1664 756 ,
1692 726 1760 761 quae
1781 716 1856 751 esset
1879 716 2027 760 prolata,
2053 715 2095 750 ad

1211 763 1279 806 ejus
1307 764 1384 797 esset
1406 765 1695 809 Magnificentiam
1729 764 1943 802 destinandus
1963 789 1970 798 .
2012 766 2095 799 Haec

1215 814 1315 857 igitur
1326 812 1493 848 addiscens
1514 814 1683 851 Dominus
1696 826 1787 851 meus
1797 815 2016 852 Sanetiffimus
2028 815 2098 859 Cy-

1213 863 1303 896 tillus
1313 864 1398 899 circa
1410 873 1501 901 tuam
1513 865 1649 908 quidem
1667 865 1877 902 Sanstitatem
1901 866 1993 901 valde
2016 877 2098 900 con-

1214 913 1379 954 tristatur,
1406 915 1496 955 quod
1507 926 1565 956 pro
1576 915 1648 959 ejus
1661 927 1729 951 non
1753 915 1926 960 posueritis
1950 914 2096 950 animam

1214 972 1329 1003 tuam,
1355 963 1411 1005 qui
1433 964 1511 1007 saepe
1534 964 1660 1000 laborat
1684 990 1695 1007 ,
1719 967 1895 1002 Sanctitate
1916 991 1924 1000 .
1954 965 1998 1000 Et
2020 967 2099 1009 quia

1216 1013 1345 1057 insuper
1374 1013 1409 1047 &
1429 1023 1505 1046 cum
1527 1015 1682 1050 Domino
1706 1014 1864 1061 Philippo
1889 1017 1922 1052 δε
1943 1016 2099 1051 Domino

1217 1062 1407 1098 Claudiano
1424 1074 1493 1098 non
1517 1073 1628 1105 curet,
1655 1067 1825 1108 quomodo
1847 1064 1928 1100 hinc
1949 1066 2037 1100 exire
2056 1066 2100 1099 fa-

1218 1113 1313 1149 ciatis
1327 1111 1530 1147 Aristolaum
1552 1112 1775 1148 Clariffimum
1799 1114 1927 1147 virum.-
1954 1116 2017 1149 Sed
2028 1126 2102 1158 prae-

1214 1172 1262 1199 tet
1280 1163 1425 1208 ipsorum
1436 1162 1612 1198 consilium
1624 1187 1636 1204 ,
1664 1162 1777 1207 ajens,
1797 1162 1884 1197 nihil
1896 1163 2009 1199 feceris
2022 1189 2029 1196 .
2056 1165 2101 1200 Et

1215 1215 1332 1249 iterum
1346 1213 1523 1249 recidivam
1540 1214 1677 1249 incurrit
1692 1239 1700 1247 .

1265 1264 1368 1299 Nunc
1384 1264 1507 1309 igitur,
1534 1264 1685 1299 Domine
1709 1265 1756 1299 mi
1778 1264 1980 1301 Sanstiffime
2003 1289 2014 1306 ‚
2041 1265 2104 1299 im-

1215 1325 1302 1358 pone
1313 1314 1374 1349 tibi
1387 1326 1489 1350 omne
1502 1316 1535 1349 in
1547 1313 1610 1350 hac
1637 1317 1730 1350 causa
1743 1314 1885 1350 studium
1901 1340 1908 1347 .
1935 1316 2100 1358 Scriptum

1215 1364 1261 1400 est
1282 1364 1345 1400 &a
1360 1364 1514 1399 Domino
1540 1377 1637 1407 meo,
1664 1367 1773 1400 Fratre
1783 1365 1906 1405 vestro,
1934 1365 1969 1399 δι
1983 1365 2103 1399 Domi-

1216 1426 1264 1449 nae
1278 1414 1417 1450 Ancillas
1438 1415 1507 1451 Dei
1529 1415 1816 1451 Reverendiffimae
1839 1413 2038 1454 Pulcheriae‚
2067 1415 2103 1449 ὄσ

1214 1464 1387 1510 Praeposito
1415 1465 1546 1507 Paulo,
1571 1466 1779 1501 &Romano
1801 1465 2042 1505 Cubiculario,
2066 1464 2103 1498 &

1215 1516 1371 1550 Domina:
1396 1516 1564 1551 Marcellae
1598 1515 1816 1551 Cubiculariae
1843 1540 1854 1557 ,
1889 1515 1924 1550 &
1947 1515 2102 1550 Dominae

1213 1565 1393 1600 Droseriae.
1422 1566 1466 1599 Et
1476 1566 1602 1601 directae
1616 1568 1689 1601 sunt
1702 1565 1965 1605 benedictiones,
1991 1565 2103 1608 dignae

1213 1615 1276 1649 eis.
1305 1615 1349 1649 Et
1363 1616 1406 1656 ei,
1429 1618 1484 1660 qui
1498 1624 1612 1650 contra
1625 1616 1801 1651 Ecclesiam
1814 1615 1859 1649 est
1871 1640 1883 1656 ,
1909 1612 2104 1659 Chrysoreti

1215 1665 1390 1709 Praepofito
1402 1665 1748 1710 Magnificentissimus
1772 1664 1954 1700 Aristolaus
1975 1674 2104 1708 paratus

1216 1715 1262 1748 est
1286 1715 1422 1750 scribere
1452 1716 1494 1750 de
1519 1715 1692 1750 nonnullis
1713 1739 1723 1755 ‚
1756 1727 1827 1760 quae
1850 1715 2002 1760 Angelus
2028 1724 2105 1748 tuus

1215 1764 1330 1799 debeat
1348 1766 1518 1808 impetrare
1535 1790 1541 1796 .
1570 1765 1613 1799 Et
1627 1765 1776 1811 ipsiflvero
1795 1765 1905 1809 dignae
1916 1765 2104 1799 transmissa:

1217 1816 1291 1848 sunt
1316 1815 1465 1860 Eulogiae
1486 1839 1493 1847 .
1521 1815 1651 1858 Scripsit
1677 1820 1793 1849 autem*
1814 1814 1984 1849 Dominus
2011 1825 2104 1848 meus

1215 1865 1460 1904 Sanstiffimus,
1487 1866 1597 1899 Frater
1620 1864 1743 1905 vester,
1771 1864 1957 1899 &Domno
1969 1863 2104 1899 Schola-

1215 1914 1297 1949 stico
1318 1939 1330 1955 ‚
1354 1915 1390 1948 ὃς
1416 1915 1748 1959 Magnificentiffimo
1771 1912 1925 1949 Arthebae
1948 1939 1959 1955 ‚
1985 1926 2021 1948 ut
2045 1914 2104 1957 ipsi

1215 1965 1414 2000 conveniant
1435 1966 1467 1999 ὃ(
1480 1966 1691 2009 persuadeant
1704 1964 1893 2008 Chrysoreti
1906 1964 2039 1999 tandem
2051 1964 2105 1998 de-

1215 2016 1319 2049 sistere
1339 2015 1380 2049 ab
1400 2018 1651 2060 oppugnatione
1679 2015 1828 2049 Ecclesiae
1851 2040 1858 2047 .
1887 2014 1931 2047 Et
1952 2014 2008 2056 ipsi
2028 2012 2104 2047 vero

1215 2064 1460 2098 benedictiones
1485 2066 1612 2097 ditec‘iae
1635 2067 1727 2098 sunt.
1752 2063 1885 2097 Festina
1897 2063 1998 2108 igitur
2020 2064 2104 2097 &tu

1217 2114 1302 2156 ipse,
1330 2113 1554 2155 Santffissirne,
1580 2114 1761 2158 supplicare
1786 2113 1943 2147 Dominae
1965 2112 2105 2148 Ancillae

1215 2163 1302 2202 Dei,
1330 2163 1510 2196 Pulcheriae
1525 2163 1704 2206 Augustae,
1731 2164 1898 2195 utiterum
1923 2173 2026 2204 ponat
2037 2165 2106 2198 ani-

1215 2223 1302 2244 mam
1329 2213 1418 2244 suam
1445 2221 1504 2252 pro
1527 2212 1680 2245 Domino
1707 2210 1843 2244 Christo
1865 2236 1872 2244 .
1901 2211 1990 2246 Puto
2012 2214 2103 2246 enim

1212 2260 1302 2302 quod
1321 2271 1411 2293 nunc
1425 2271 1493 2294 non
1506 2261 1580 2294 satis
1602 2271 1693 2295 curet
1709 2272 1766 2302 pro
1779 2261 1983 2297 Sanctiffimo
1995 2263 2102 2297 vestro

1214 2310 1323 2343 Fratre
1335 2310 1484 2353 cyrillo:
1516 2310 1572 2345 Ut
1595 2311 1628 2344 δε
1644 2322 1760 2344 omnes
1779 2311 1837 2354 qui
1863 2313 1938 2345 sunt
1962 2314 1996 2346 in
2009 2311 2101 2348 Pala-

1212 2360 1261 2394 tio
1282 2360 1383 2403 Regis
1403 2386 1410 2392 .
1441 2360 1483 2394 Et
1508 2360 1666 2403 quidquid
1691 2361 1832 2395 avaritiae
1853 2372 1967 2395 eorum
1990 2362 2076 2396 deest
2092 2389 2099 2396 .

1214 2410 1427 2455 Quamquam
1441 2421 1509 2444 non
1522 2410 1626 2444 desint
1646 2412 1679 2444 ὅ(
1692 2411 1746 2454 ipsi
1760 2411 1890 2446 diversae
1903 2411 2102 2447 benedictio-

1213 2471 1270 2494 nes
1293 2485 1299 2492 .
1328 2459 1383 2494 Ut
1405 2458 1519 2493 scribat
1547 2461 1745 2502 increpative
1770 2461 1890 2504 Joanni
1906 2486 1916 2501 ,
1944 2474 2011 2506 quo
2034 2475 2096 2498 nec

1211 2511 1370 2544 memoria
1385 2510 1472 2544 illius
1484 2510 1582 2554 Impii
1599 2511 1674 2545 fiat.
1702 2510 1865 2545 Scribarur
1878 2514 1956 2545 vero
1978 2512 2098 2548 &Ma-

1210 2560 1479 2604 gnificentiffimo
1505 2560 1694 2601 Aristolao,
1722 2571 1756 2595 ut
1771 2561 1867 2595 instet
1887 2562 1915 2595 ei
1927 2562 2092 2597 celeriter.

1211 2610 1254 2644 Et
1266 2621 1345 2654 roga
1358 2610 1541 2645 Dominam
1555 2611 1790 2655 Olympiadem
1804 2636 1814 2651 ,
1840 2621 1877 2646 ut
1899 2612 2009 2655 &ipsa
2020 2625 2095 2647 coa-

1209 2659 1324 2694 diuvet
1345 2671 1421 2695 nos.
1451 2660 1494 2694 Et
1515 2671 1550 2694 ut
1573 2660 1703 2704 insuper
1724 2673 1817 2707 roget
1842 2662 2035 2696 Marcellam
2057 2663 2092 2697 &

1209 2710 1396 2744 Drosetiam
1421 2723 1429 2742 :
1467 2711 1559 2758 Qia
1585 2712 1660 2744 satis
1688 2721 1759 2744 eam
1785 2712 1944 2754 patienter
1968 2714 2096 2747 auscul-

1209 2769 1299 2795 tant.
1329 2760 1372 2795 Et
1383 2760 1530 2794 studium
1542 2771 1686 2804 namque
1706 2762 1750 2794 est
1763 2762 1989 2797 Orientalium
2010 2774 2092 2797 non-

1210 2811 1377 2845 nullorum
1398 2835 1410 2852 ‚
1449 2821 1484 2844 ut
1508 2810 1649 2854 impium
1687 2811 1875 2844 Nestorium
1912 2812 2088 2854 recipiant.

1209 2860 1276 2894 Etsi
1298 2872 1366 2895 non
1389 2861 1531 2894 voluerit
1550 2884 1561 2900 ,
1586 2862 1680 2894 noc‘ie
1704 2872 1742 2894 ac
1762 2859 1815 2893 die
1836 2871 1895 2902 pro
1917 2862 2089 2905 temetipso

1208 2922 1321 2945 curans
1342 2935 1354 2951 ,
1388 2911 1512 2945 multos
1542 2910 1639 2944 habes
1664 2911 1848 2952 perturbare
1875 2910 2088 2945 sanctorum.

1209 2961 1251 2995 Et
1273 2961 1460 2996 Dominum
1483 2970 1594 2995 meum
1618 2960 1855 2994 Sanffiffirnum
1877 2961 2087 2996 Dalmatium

1207 3010 1371 3046 Abbatem
1385 3022 1462 3056 roga
1476 3034 1486 3050 ,
1511 3019 1547 3044 ut
1567 3011 1601 3044 &
1614 3010 1804 3054 imperatori
1818 3011 1949 3044 mandet
1961 3034 1972 3050 ,
1997 3013 2087 3047 terri-

1208 3061 1265 3096 bili
1285 3073 1360 3095 eum
1385 3060 1624 3105 conjuratione.
1642 3061 1885 3105 constringens:
1914 3060 1957 3095 Et
1969 3071 2006 3095 ut
2019 3061 2085 3096 Cu·

1207 3111 1381 3146 biculatios
1399 3121 1513 3145 omnes
1537 3111 1583 3144 ita
1607 3110 1810 3155 constringat
1823 3135 1834 3150 ,
1860 3123 1902 3144 ne
1919 3110 2008 3146 illius
2020 3123 2086 3146 me-

1207 3161 1309 3196 moria
1321 3162 1454 3196 ulterius
1472 3161 1546 3194 fiat.
1575 3160 1618 3194 Et
1639 3161 1794 3195 Sanctum
1818 3160 2017 3204 Eutychen,
2047 3171 2084 3196 ut

1206 3222 1369 3248 concertet
1389 3222 1446 3255 pro
1467 3209 1582 3251 nobis,
1607 3211 1641 3244 ὅς
1665 3212 1818 3246 1)οωίηο
1839 3222 1916 3247 meo
1935 3235 1947 3252 ,
1973 3213 2083 3246 Fratre

1207 3263 1312 3298 vestro
1335 3262 1535 3298 Sanffiffimo
1556 3272 1594 3294 ac
1605 3261 1906 3296 Reverendislimo.
1935 3261 2083 3297 Clericos

1207 3312 1332 3348 nostros
1354 3310 1579 3355 inseparabiles
1600 3309 1718 3346 habeat
1746 3313 1903 3346 Sanctitas
1928 3322 1982 3346 tua
2004 3337 2010 3343 .
2038 3311 2082 3343 Et

1207 3364 1296 3407 super
1308 3363 1373 3400 hoc
1393 3362 1481 3397 enirn
1501 3359 1555 3397 hic
1579 3361 1679 3405 aliqui
1702 3362 1935 3399 contristantur
1954 3385 1966 3401 ‚
1991 3360 2082 3403 quod

1917 3418 2034 3445 contra
