2320 3730
356 227 452 276 :332

345 576 531 625 haerefim
562 570 703 619 facere
732 570 869 618 valuit
892 605 904 630 ,
957 582 1006 615 ut
1033 566 1167 624 nihil,

344 643 465 712 quod
512 641 605 691 fieri
643 640 823 690 deberet
848 676 860 700 ,
909 640 1157 687 omitteret.

347 722 459 786 Qae
481 711 614 779 usque-
652 710 765 760 adeo
794 709 903 758 mihi
937 714 1160 758 Summum

340 800 491 834 tenere
514 781 690 833 videtur
717 783 910 831 intentio
938 815 951 842 ,
997 796 1046 829 ut
1080 796 1159 827 nec

340 869 501 923 optato
524 851 610 903 fine
647 854 800 903 melior
825 849 905 902 effe
939 852 1158 919 potuerit,

341 944 424 975 nec
448 943 527 986 eo,
564 924 685 994 quod
708 925 888 985 evenit,
923 922 1082 972 debeat
1095 925 1159 987 ju-

340 995 480 1046 dicari
503 995 722 1047 deterior.
759 998 921 1061 Neque
948 991 1057 1042 illud
1086 1009 1159 1040 au-

338 1083 431 1117 tem
456 1066 590 1117 credo
612 1088 627 1126 ;
678 1064 804 1133 quod
847 1066 953 1112 talia
991 1064 1159 1128 Scripta

338 1136 670 1195 Theodoretus,
704 1135 736 1182 fi
762 1149 910 1181 tamen
933 1135 1022 1196 eius
1034 1129 1157 1191 sunt,

335 1206 459 1273 quod
490 1205 654 1272 ubique
668 1201 902 1253 dicendum
926 1202 986 1251 est
999 1199 1158 1268 absque

334 1276 418 1326 suae
431 1277 652 1345 opinionis
665 1272 782 1343 apud
793 1275 966 1341 aliquos
979 1271 1158 1323 offusca-

336 1349 460 1398 tione
481 1384 495 1409 ,
531 1345 717 1411 legenda
753 1343 986 1394 crediderit
1011 1381 1024 1393 .
1076 1343 1157 1392 Sed

335 1417 446 1486 quid
459 1420 616 1467 mirum
626 1454 638 1478 ,
652 1417 682 1466 fi
697 1417 1025 1465 aestimationem
1042 1412 1157 1480 apud

335 1487 548 1557 quosdam
561 1486 755 1556 despexit
770 1505 851 1555 pro
863 1488 943 1535 tali
957 1486 1136 1547 negotio
1145 1521 1157 1543 ,

336 1577 420 1627 pro
433 1577 525 1626 quo
536 1557 757 1627 despicere
770 1556 906 1626 poffet
927 1561 971 1605 &
985 1557 1124 1606 vitam
1138 1555 1154 1601 ἓ

335 1634 505 1680 Nonne
527 1628 645 1697 apud
686 1631 913 1696 Sapientes
953 1631 997 1677 δε
1027 1624 1157 1692 justos

336 1701 442 1749 hinc
475 1700 614 1750 clarus
640 1698 874 1750 enitescet.

264 1770 500 1829 Sciendum
513 1787 705 1836 namque
718 1770 780 1818 est
811 1768 944 1837 usque
956 1767 1066 1819 adeo
1082 1784 1157 1818 ve-

334 1843 480 1892 ritatis
506 1837 586 1889 esse
614 1838 876 1889 sententiam
903 1876 916 1906 ,
966 1855 1056 1906 qua
1084 1838 1156 1898 hi,

332 1914 414 1981 qui
431 1930 510 1981 per
522 1913 660 1961 animi
673 1926 889 1960 tumorem
907 1927 960 1959 ex
973 1909 1046 1958 sua
1061 1926 1156 1958 cor-

310 1986 420 2050 Jripi
441 1980 620 2048 persona
633 1999 728 2031 non
742 1980 945 2031 sustinent
958 2017 971 2041 ,
1008 1979 1079 2029 seu
1101 1977 1157 2027 ad

334 2049 636 2101 recertandum
667 2052 882 2099 continuo
908 2052 1155 2105 irritantur,

336 2122 516 2173 detorta
541 2123 588 2169 in
614 2121 796 2169 alterius
822 2116 1044 2185 personam
1062 2134 1156 2165 cor-

338 2194 539 2259 reptione
570 2187 782 2237 monendi
817 2187 1073 2244 docentur,
1108 2201 1157 2233 ut

337 2279 437 2312 eam
462 2262 637 2308 Sanetus
655 2261 852 2323 Joannes
877 2292 890 2316 ,
927 2256 1159 2323 praeclarus

338 2330 545 2382 Ecclesiae
559 2333 725 2378 Doctor
740 2364 753 2388 ,
789 2325 1160 2393 Constantinopo—

339 2406 506 2453 litanus
517 2397 782 2467 Episcopus,
819 2402 862 2446 δε
879 2411 1026 2446 utatur
1051 2397 1162 2444 mul-

342 2476 481 2525 toties
494 2509 506 2533 ,
542 2475 586 2520 &
599 2468 727 2520 valde
739 2466 1017 2518 commendet
1027 2502 1039 2525 ,
1054 2469 1162 2515 Scri-

343 2561 482 2618 pturae
498 2543 679 2592 Divinae
693 2537 967 2606 explanando
999 2536 1164 2586 senten-

346 2619 432 2664 tias
461 2651 473 2662 .
511 2617 668 2678 Itaque
707 2608 1035 2676 quantumlibet
1065 2609 1165 2674 quis

346 2684 646 2753 praefationem
660 2681 818 2729 laceret
844 2680 972 2745 hujus
997 2678 1166 2746 Episto-

348 2757 401 2804 lae
431 2774 444 2812 ς
481 2745 578 2819 quae
602 2749 713 2799 forte
741 2748 830 2799 sola
855 2748 1049 2798 falsantis
1077 2748 1137 2796 est
1154 2785 1166 2808 ,

348 2825 465 2874 illius
480 2838 629 2871 tamen
639 2821 953 2868 calumniarum
979 2818 1167 2869 tenebris

350 2894 584 2944 involvere
610 2908 700 2939 non
725 2891 848 2954 valet
883 2892 1167 2950 charitatem,

352 2966 385 3015 fi
412 2961 721 3013 Theodoretus
758 2960 975 3009 hortando
1010 2960 1169 3010 Nesto-

355 3037 467 3085 rium
481 3072 493 3096 ,
517 3033 710 3101 qualiter
725 3028 782 3084 ad
795 3029 1030 3080 Ecclesiam
1046 3048 1169 3081 revo-

358 3122 480 3155 caret
509 3101 803 3153 Alexandrum
828 3138 842 3163 ,
875 3100 1055 3168 oblique
1091 3101 1169 3169 ipsi

357 3175 566 3223 Nestorio
581 3172 814 3223 monstrare
831 3173 1004 3240 cupivit
1017 3206 1029 3230 ,
1067 3173 1171 3237 quia

361 3249 404 3292 &
419 3242 690 3310 semetipsum
702 3242 855 3297 debuit
868 3241 1064 3296 Ecclefiae
1076 3241 1172 3292 red-

336 3350 339 3353 -
361 3312 463 3367 dere
476 3312 732 3380 poenitendo
743 3350 755 3365 .

699 209 1033 255 Vnnrokun
1067 202 1312 246 PATRUM
1347 196 1673 262 Emsmm,

350 309 488 361 puto,
508 293 732 344 Catholici
749 294 994 342 laetarentur
1007 328 1018 344 ⁶
1050 284 1172 352 Qin

347 363 453 424 etsi,
489 380 537 413 ut
561 366 777 424 contigit,
821 363 1054 424 impetrare
1082 370 1170 402 non

346 433 508 503 posset,
545 435 617 483 ille
636 432 815 480 interim
831 430 898 477 vir
923 429 987 475 ita
1008 427 1171 475 excita„

344 508 413 555 vit
434 543 446 567 ,
483 499 701 570 quidquid
715 517 796 567 pro
810 496 999 546 Ecclesia
1014 511 1170 545 contra

1441 389 1923 437 Senot1on.

1327 534 1413 570 Uod
1427 533 1681 576 Theodoretus,
1710 535 1789 570 licet
1809 534 2053 572 &Maximiani
2074 541 2107 575 δι

1349 584 1459 620 Procli
1486 585 1719 630 Episcopatum
1736 584 1968 629 dispensatorie
1977 585 2110 622 admise-

1374 636 1440 678 rit,
1466 635 1613 670 Nestorii
1634 646 1743 670 tamen
1764 635 2015 672 damnationem
2027 648 2110 672 nun·

1225 695 1345 728 quarn,
1373 687 1431 721 nifi
1455 684 1588 721 tandem
1611 685 1798 730 compulsus
1816 685 1834 719 a
1849 684 2108 722 Chalcedonenfi

1223 735 1361 778 Synodo
1373 760 1384 775 ,
1411 735 1579 771 admittere
1600 735 1762 777 voluerit,
1786 736 1837 771 est⁴
1857 733 1958 782 longe
1978 736 2110 773 certiffi-

1221 797 1314 820 mum
1327 811 1335 819 .
1362 786 1406 820 Et
1418 784 1477 821 hac
1489 787 1525 821 in
1536 799 1569 821 re
1580 787 1736 832 Collegas
1748 785 1863 821 habuit
1881 787 2004 821 lsauros
2016 811 2027 828 ,
2052 785 2110 821 Ci-

1221 836 1320 878 lices,
1347 847 1385 871 ae
1406 836 1510 880 plures
1531 837 1615 871 alios
1632 837 1816 872 Orientales
1829 837 2028 880 Episcopos.
2054 835 2108 870 In-

1222 886 1315 920 terim
1328 911 1339 927 ,
1364 885 1454 930 quod
1479 888 1611 932 praesens
1639 887 1786 937 Epistoia
1797 887 1838 922 ab
1849 888 1918 931 ipso
1929 886 2086 930 prodierit
2096 910 2109 927 ,

1220 935 1266 970 est
1276 937 1409 971 difficile
1435 938 1559 973 creditu
1571 963 1578 970 .
1607 936 1704 973 Certe
1715 937 1857 971 rationes
1868 959 1879 975 ,
1904 947 1984 980 quas
1994 936 2109 980 adjun-

1221 987 1288 1022 ctus
1309 986 1503 1022 Scholiastes
1515 987 1673 1029 adducit,
1698 998 1769 1024 non
1783 987 1858 1022 sunt
1869 985 2016 1022 frivolae.
2043 985 2109 1020 Re-

1221 1037 1336 1086 linque
1346 1037 1587 1082 aliisjudicium
1600 1062 1608 1070 .

1410 1259 1673 1308 CAPUT
1711 1261 1915 1307 CLXXI.
1964 1272 2107 1316 --259

1622 1336 1626 1359 ι

1221 1400 1371 1453 Epistola
1392 1427 1405 1446 ,
1434 1401 1555 1454 inquit
1574 1426 1587 1445 ,
1617 1399 1748 1439 Meletii
1770 1399 1815 1436 ad
1835 1403 1902 1440 Deo
1935 1393 2111 1448 Amiciffi-

1278 1471 1373 1498 mum
1392 1454 1596 1509 Epifiopum
1618 1456 1866 1498 Alexandrum
1888 1483 1901 1502 ,
1946 1467 2010 1507 qua
2023 1449 2110 1504 scri-

1274 1515 1370 1566 psit,
1407 1515 1495 1567 quod
1513 1516 1549 1554 bi
1569 1515 1725 1567 quidem,
1745 1518 1804 1566 qui
1822 1524 1917 1552 erant
1936 1525 1979 1550 ex
1989 1507 2111 1561 secun-

1280 1572 1323 1612 da
1343 1573 1482 1616 Cilicia,
1513 1574 1849 1615 communicaverint,
1868 1570 1931 1609 alii
1950 1567 2032 1606 verb
2051 1570 2109 1609 Ci-

1281 1629 1356 1668 lices
1378 1625 1535 1679 &Isc’turi
1548 1627 1708 1679 fimiliter
1720 1627 1793 1679 fint
1814 1620 2024 1679 transgreffi,
2042 1637 2109 1676 qua

1275 1685 1335 1737 pi&
1353 1683 1601 1738 judicaverunt
1619 1687 1721 1728 olim.

1323 1791 1439 1829 Ratias
1450 1791 1604 1827 Domino
1614 1792 1714 1835 Deo,
1739 1794 1797 1840 qui
1817 1806 1874 1839 per
1894 1794 2035 1840 singulas
2055 1807 2110 1844 ge·

1347 1843 1533 1880 nerationes
1544 1842 1644 1889 elegit
1656 1854 1712 1880 eos
1724 1869 1736 1887 ‚
1761 1844 1820 1888 qui
1841 1854 2018 1892 protegunt
2028 1845 2113 1881 veri-

1228 1903 1331 1929 tatem
1351 1918 1363 1935 ,
1387 1901 1424 1928 ut
1445 1904 1516 1942 quae
1538 1895 1641 1939 perire
1661 1895 1862 1939 periclitatur
1883 1896 1919 1930 in
1941 1895 2111 1941 plurimis,

1227 1945 1262 1978 in
1286 1945 1399 1987 paucis
1420 1944 1488 1987 ejus
1512 1944 1655 1981 tuitione
1675 1946 1837 1987 servetur,
1863 1945 2113 1982 demonstratio·

1228 2005 1303 2029 nem
1328 1993 1456 2028 donans
1481 1995 1607 2038 perista
1627 1995 1843 2040 pleniffimam
1856 2020 1868 2037 ,
1893 1995 1934 2030 eo
1948 1994 2036 2040 quod
2054 1995 2116 2029 im-

1224 2042 1375 2084 poffibile
1396 2045 1433 2078 fit
1450 2044 1593 2079 omnin&
1613 2046 1891 2090 conspirationem
1913 2046 1992 2081 mali
2014 2044 2112 2088 hujus

1227 2103 1268 2126 ex
1281 2100 1354 2125 toto
1368 2093 1602 2126 exterminium
1615 2095 1685 2127 fieri
1696 2117 1705 2125 .
1732 2096 1850 2128 Manet
1862 2096 1939 2128 verd
1950 2096 1984 2128 in
2001 2094 2111 2138 paucis

1223 2139 1472 2181 testimonium,
1498 2141 1590 2185 quod
1610 2140 1678 2176 haec
1698 2143 1776 2176 Deo
1799 2143 1860 2177 [int
1886 2143 2021 2187 placita,
2050 2143 2110 2179 etfi

1221 2200 1338 2224 omnes
1362 2191 1479 2233 pariter
1504 2190 1546 2223 ad
1559 2193 1723 2225 contraria
1745 2191 1850 2225 studia
1860 2201 2109 2227 convertantur.

1224 2238 1357 2272 Gratias
1380 2249 1492 2273 autem
1517 2238 1671 2272 Domino
1697 2240 1798 2281 Deo,
1825 2240 1881 2284 qui
1904 2240 1971 2276 haec
1989 2242 2111 2286 semper

1223 2287 1358 2331 quidem
1380 2288 1420 2323 ad
1436 2288 1606 2323 munimen
1629 2289 1759 2333 pietatis
1769 2290 1951 2335 dispensat,
1975 2292 2112 2326 &nunc

1224 2338 1302 2372 verd
1315 2349 1406 2372 tuam
1419 2338 1628 2373 sanctitatem
1651 2339 1691 2373 ad
1702 2340 1804 2373 simile
1826 2352 1885 2384 pro
1909 2341 2009 2376 nobis
2021 2340 2112 2376 obse-

1228 2388 1344 2430 quium
1358 2412 1369 2429 ,
1397 2399 1434 2423 ut
1456 2389 1535 2423 dum
1558 2389 1757 2432 periclitetur
1779 2391 1881 2433 pietas
1901 2390 1935 2425 in
1958 2391 2111 2426 omnium

1230 2438 1402 2473 voluntate
1426 2463 1437 2479 ‚
1464 2437 1550 2482 apud
1572 2438 1837 2484 Religiositatem
1867 2451 1959 2478 tuam
1980 2450 2111 2479 maneat

1227 2488 1424 2531 Mysterium
1451 2489 1590 2523 veritatis
1611 2514 1618 2521 .
1658 2489 1895 2525 Verumtamen
1929 2491 2116 2525 Humilita-

1226 2548 1295 2573 tem
1318 2539 1460 2574 nostram
1483 2538 1639 2573 similibus
1652 2538 1757 2574 Paulo
1780 2540 1828 2575 illi
1842 2541 1945 2575 Beato
1967 2541 2112 2575 adtuam

1228 2588 1332 2623 verbis
1343 2589 1392 2624 uti
1403 2589 1612 2623 Sanstitatem
1634 2590 1790 2625 convenit
1800 2616 1810 2631 ,
1839 2591 1874 2625 ἀ
1884 2591 1993 2626 dicere
2003 2604 2015 2624 .·
2028 2617 2031 2620 .
2042 2594 2112 2623 om-

1228 2651 1281 2674 nes
1303 2651 1355 2673 nos
1366 2641 1474 2673 Cilices
1498 2639 1703 2680 reliquerunt,
1724 2639 1862 2681 praesens
1881 2639 2024 2683 saeculum
2043 2641 2113 2672 dilt-

1222 2697 1328 2733 μακε
1351 2712 1362 2729 ,
1389 2689 1424 2722 6·
1443 2687 1581 2721 abierunt
1600 2687 1817 2732 unus-quisque
1841 2689 1903 2731 post
1933 2701 1984 2723 cor·
1999 2688 2088 2732 susam
2100 2713 2110 2722 .

1228 2739 1341 2784 Magis
1350 2747 1460 2773 autem
1471 2747 1561 2772 tuam
1572 2738 1707 2781 quidem
1717 2738 1931 2774 Sanstitatem
1944 2739 2038 2774 valde
2051 2739 2111 2774 ista

1227 2788 1336 2824 dicere
1345 2788 1501 2824 convenit
1513 2812 1525 2829 ,
1550 2799 1620 2829 quae
1635 2788 1669 2822 &
1682 2787 1758 2823 ante
1770 2788 1836 2823 hoc
1858 2789 1930 2824 aliis
1943 2788 2113 2835 praefulge⁴

1229 2840 1305 2882 bat,
1331 2836 1462 2883 quando
1473 2838 1669 2873 videbantur
1681 2838 1856 2874 defendere
1869 2840 2043 2884 pietatem
2073 2839 2110 2873 δε

1231 2889 1370 2925 nuncin
1391 2889 1573 2923 universam
1596 2899 1713 2924 terram
1736 2889 1803 2923 sola
1819 2891 2005 2934 praefulget.
2033 2889 2109 2922 Nos

1229 2949 1338 2976 autem
1357 2939 1463 2973 solum
1493 2950 1598 2984 grates
1622 2940 1779 2974 convenit
1799 2938 1930 2974 reddere
1953 2939 2110 2973 omnium

1229 2990 1382 3025 Domino
1393 2990 1493 3029 Deo,
1518 2989 1574 3034 qui
1585 2990 1716 3034 reliquit
1727 2988 1825 3024 nobis
1842 3000 1988 3033 ternpore
2015 2987 2112 3022 Chri·

1229 3041 1407 3076 stianorum
1431 3041 1571 3083 penuriae
1595 3039 1806 3075 Sacerdotem
1826 3065 1837 3081 ‚
1863 3040 1897 3074 δε
1919 3040 2112 3074 cuneorum

1230 3090 1319 3126 sunu!
1338 3089 1503 3125 bonorum
1531 3090 1720 3125 solitudinis
1728 3089 1956 3126 summitatem
1969 3113 1981 3130 ‚
2005 3089 2039 3123 δε
2051 3088 2113 3121 Βι-

1231 3143 1310 3182 fim,
1335 3140 1369 3174 &
1384 3139 1525 3181 Robur,
1550 3141 1582 3175 δε
1605 3140 1896 3181 Fundamentum,
1922 3150 2014 3175 tuam
2035 3139 2114 3173 San·
2149 3155 2151 3157 ·

1232 3193 1398 3231 (litatem,
1425 3201 1460 3224 ut
1481 3190 1571 3225 nulla
1592 3200 1772 3236 exurgente
1797 3189 1985 3235 tempestate
2004 3186 2113 3224 turbe-

1233 3253 1305 3279 mur
1316 3267 1324 3274 .
1350 3239 1420 3288 Qi
1432 3241 1465 3274 δε
1476 3239 1540 3276 hoe
1552 3240 1676 3284 praestet
1685 3265 1697 3282 ‚
1726 3251 1763 3275 ut
1776 3242 1876 3285 usque
1889 3240 1928 3274 ad
1942 3240 2042 3273 finem
2055 3246 2112 3271 no·

1233 3292 1283 3327 bis
1305 3301 1361 3325 tua
1386 3291 1544 3325 Sanctitas
1574 3290 1719 3326 constet.
1751 3290 1809 3324 Est
1832 3290 1922 3324 enim
1943 3288 2108 3323 Dominus

1235 3342 1384 3378 omnium
1395 3362 1406 3379 ,
1430 3341 1499 3384 quo
1510 3341 1654 3384 perficiat
1665 3364 1677 3382 ,
1688 3340 1729 3375 ad
1740 3339 1966 3375 confusionem
1977 3335 2108 3381 quidem

1235 3390 1485 3439 uniuscujusque
1504 3390 1672 3429 ruentium
1681 3413 1693 3435 2
1718 3391 1752 3427 δε
1762 3390 1805 3430 ad
1814 3390 2030 3429 munitionem
2043 3393 2111 3425 pete

1928 3443 2061 3475 manem
