2320 3730
365 211 458 256 152

292 281 426 319 Tertio,
436 279 525 323 quod
537 278 703 323 Eutyches
714 281 855 314 omnino
866 281 963 314 fuerit
971 288 1055 310 unus
1064 287 1106 309 ex
1116 272 1170 308 ad·

287 331 418 375 jutoriis
440 330 552 364 Basilii
575 330 721 364 Diaconi
733 357 739 363 .
768 331 897 377 Qarro
909 351 926 370 ,-
943 325 1032 369 quod
1057 336 1100 359 ex
1122 324 1169 358 ni-

696 195 994 240 -VAR10RU
1013 206 1045 237 M
1081 190 1331 236 Par-Rom
1366 187 1696 252 Eprssomj

1233 274 1390 313 desidum
1400 278 1508 315 etiam
1519 279 1700 322 Barsumae,
1727 279 1762 316 δέ
1772 279 1845 316 aliis
1863 278 1924 315 sibi
1939 276 2113 319 rebellibus

1233 336 1288 369 per
1310 326 1484 361 Orientem
1507 327 1704 363 Monachis.
1732 331 1819 364 Eum
1843 330 1930 375 apud
1950 330 2112 369 Tbeodo-
2137 379 2142 382 Ι

285 381 358 415 ἶηιὶο
378 381 522 414 Diodori
533 392 570 415 ac
594 380 769 414 Theodori
780 380 862 412 o‘dio
875 379 912 412 fit
925 377 1030 418 lapsus
1042 375 1075 408 in
1088 374 1167 409 blas-
1230 375 1486 419 sium-accusavit
1506 376 1547 410 de
1557 378 1746 412 resuscitato
1757 379 1986 423 Apollinario.

284 429 438 473 phernam
462 430 662 473 impietatem
674 428 894 471 Apollinarii.
921 424 1165 465 Duodecimum

283 482 391 515 Sanrsti
408 480 534 524 Cyrilli
556 481 749 523 Capitulum
768 478 904 513 habebat
929 475 1013 508 hanc
1025 476 1162 519 proposi-

1283 426 1461 461 Accusatio
1501 426 1614 461 acerbe
1650 429 1833 464 momordit
1868 431 2090 476 Eutychetem
2101 455 2109 465 .

1229 478 1323 511 Hinc
1335 479 1365 511 se
1377 478 1518 512 contulit
1529 477 1568 511 ad
1582 477 1809 522 Apostolicam
1824 480 1940 514 Sedem
1949 506 1963 522 ,
1984 483 2022 521 ἀ
2032 483 2111 516 Ma-

282 531 411 565 tionem
426 545 436 563 .·
464 535 545 565 Deus
568 532 692 564 verbum
713 528 874 572 estpaffus.
903 525 947 559 Et
962 525 1165 563 consonabat
1228 539 1299 572 gno
1311 527 1467 562 Pontifici
1479 527 1587 561 Leoni
1607 528 1737 572 questus
1758 529 1803 563 est
1816 553 1827 571 ,
1855 532 2109 574 QuodNestm-la-

280 566 389 616 §aneti
415 581 524 615 Procli
548 581 703 620 Tomus,
731 579 852 612 habens
865 575 953 609 hunc
963 576 1164 617 articulum,-

280 635 362 663 Unus
388 634 404 665 ἑ
426 631 537 663 sanc‘Ja
550 628 766 667 *Trinitatesest
783 626 886 668 paffus
899 651 906 659 .
935 626 1063 661 Verum
1085 627 1164 666 istos

277 683 432 717 articulos
459 681 661 715 hostiliffime'
673 687 751 710 tunc
763 675 1033 720 persequebantur
1046 678 1161 711 Orien-

276 732 359 766 rales
383 731 559 775 Episcopi.
587 729 698 762 Etiam
720 723 956 762 Theodoretus
978 728 1012 762 &
1032 728 1088 762 alii
1100 729 1161 762 Or-

276 779 439 815 thodoxif.
467 780 511 812 Et
521 779 589 812 haec
600 776 644 810 est
655 787 773 811 una‘ex
782 777 886 812 causis
896 802 907 818 ‚
936 778 982 813 ob
994 789 1073 822 quas
1087 778 1160 813 Ibas

273 840 443 870 nunquam
476 828 580 861 voluit
618 826 750 862 laudato
789 827 907 862 Tomo
945 829 1158 863 subscribere.

271 878 356 913 Istos
368 877 584 913 nihilominus
598 877 752 912 articulos
773 877 831 912 alii
842 889 959 912 omnes
969 879 1158 913 constanter

270 929 505 962 defenderunt.
533 927 636 962 Erant
658 929 747 962 enim
760 927 935 962 rediiffimi.
966 928 1157 966 Afferebant

269 978 379 1011 Deum
392 977 538 1014 Verbum
553 989 620 1011 non
636 978 671 1011 in
683 979 737 1012 sua
750 978 903 1020 Deltae,
927 977 1028 1013 sedin
1041 981 1157 1015 assum-

266 1036 323 1071 pta
345 1028 381 1062 in
403 1025 770 1072 propriamvhypostafin
795 1039 892 1063 carne
901 1029 995 1064 fuiffe
1014 1031 1155 1073 passum.

257 1076 318 1111 ,At
340 1077 417 1111 vero
439 1076 607 1120 Eutyches
629 1078 791 1113 intellexit
812 1091 851 1114 ac
864 1079 970 1114 voluit
982 1079 1154 1124 paffumin

266 1128 335 1170 ipsa
356 1127 540 1163 Divinitate
564 1152 575 1168 ‚
601 1127 740 1173 ideoque
763 1129 804 1163 ab
836 1126 979 1163 Ecclesia
1012 1127 1154 1163 excidit.

266 1178 362 1212 Hinc
376 1179 521 1223 Magnus
543 1178 614 1213 Leo
637 1178 798 1213 Pontifex
826 1180 934 1223 ipsum
945 1180 1132 1221 frequenter
1144 1203 1156 1221 ,

265 1228 301 1265 r&
311 1228 429 1263 merito
439 1229 613 1273 appellavit
624 1231 742 1264 Senem
754 1225 894 1264 delirum
905 1241 944 1264 ac
954 1229 1153 1273 imperitum.

265 1278 348 1313 Haec
360 1281 462 1324 igitur
483 1281 558 1314 sunt
569 1280 672 1323 prima
695 1280 829 1314 exordia
846 1278 1152 1322 Eutychianaeblas-

263 1329 417 1372 phemiae.
447 1330 489 1364 Et
513 1331 587 1373 ipsis
610 1328 799 1368 patriarcha
826 1329 983 1363 Domnus
995 1330 1059 1364 suit
1080 1329 1154 1363 usus

261 1380 305 1414 ad
318 1379 540 1414 Theodorum
553 1391 591 1414 ac
602 1380 793 1414 Diodorum
812 1377 1043 1425 expurgmdos
1053 1402 1065 1419 ,
1090 1379 1154 1412 cla-

261 1440 356 1464 mans
377 1441 494 1464 omnes
517 1441 631 1464 eorum
655 1428 764 1464 hostes
787 1430 850 1464 esse
874 1428 1151 1473 Apollinaristas:

261 1478 390 1513 Lucide
410 1480 443 1513 id
458 1490 566 1521 patere
587 1480 623 1512 in
650 1490 720 1513 uno
741 1479 878 1514 istorum
893 1478 1036 1513 hostium
1047 1478 1153 1522 Cory-

259 1528 377 1572 phaeo,
406 1526 614 1571 Eutychete.
644 1529 697 1562 Ex
718 1527 771 1562 his
793 1530 872 1563 item
895 1529 1052 1564 discimus
1063 1540 1156 1564 exor-

259 1578 314 1612 dia
338 1578 544 1621 Eutychiani
571 1577 641 1611 odii
663 1579 698 1612 in
718 1577 810 1613 Ibam
836 1605 843 1613 .
870 1578 1028 1614 Similiter
1048 1579 1154 1622 prima

257 1629 397 1666 exordia
410 1640 479 1662 non
493 1626 594 1661 solius
605 1627 808 1661 Nestorianae
819 1627 938 1663 haerefis
948 1653 960 1670 ,
986 1628 1041 1663 sed
1053 1630 1153 1663 etiarn

258 1677 479 1722 Eutyclfianae
507 1703 513 1710 .
543 1677 659 1711 Ambae
684 1701 696 1717 ,
721 1689 760 1711 ac
789 1676 920 1722 insuper
951 1677 1152 1723 Pelagiana,

258 1731 333 1766 sunt
355 1729 373 1764 ὲ
394 1727 581 1774 Theodoro
598 1737 652 1771 per
672 1726 836 1762 diversum
852 1737 964 1769 tamen
986 1728 1150 1769 influendi

257 1782 399 1818 modum
411 1806 419 1814 .
601 1776 604 1794 ³
733 1796 743 1804 ·
912 1804 915 1806 >

309 1830 439 1865 Domni
451 1830 617 1866 accusatio
634 1831 763 1866 videtur
773 1834 856 1867 fasta
869 1841 959 1866 anno
971 1832 1154 1877 quadrage·

257 1882 340 1916 fimo
364 1883 472 1926 primo
494 1882 586 1915 istius
612 1882 715 1916 saeculi
743 1895 754 1915 :
780 1883 819 1916 In
848 1882 918 1926 ipso
938 1882 1080 1916 exordio
1104 1882 1150 1915 sui

257 1933 474 1976 Episcopatus
487 1956 494 1964 .
523 1932 589 1965 Isto
600 1932 690 1965 enirn
707 1943 795 1965 anno
811 1933 954 1975 Joannes
965 1931 1150 1967 Patriarcha

257 1985 303 2018 est
317 1983 486 2015 defunctus
498 2005 509 2021 ‚
524 1982 558 2014 &
571 1981 727 2014 Domnus
741 1981 885 2015 succeffit
898 2006 906 2013 .
927 1982 1057 2017 Eodem
1071 1982 1151 2016 item

258 2043 348 2068 anno
372 2030 540 2075 Eutyches
563 2031 687 2073 incepit
711 2031 802 2064 suam
824 2029 982 2064 haeresim.
1014 2031 1150 2064 Testem

258 2084 389 2118 adduco
412 2082 565 2116 Sanctum
587 2079 794 2114 Anastasium
817 2079 989 2122 Synaitam
1014 2092 1025 2112 .·
1053 2083 1150 2113 Annis

259 2130 440 2174 circiter-post
458 2129 658 2173 Ephefinum
682 2130 877 2164 Concilium
898 2130 994 2163 docem
1004 2129 1151 2180 Eutgcbes

260 2185 384 2227 quidam
398 2206 408 2222 ,
435 2180 699 2214 Archi-Mandata
719 2179 994 2222 Constantinopoli,
1022 2179 1061 2220 est
1071 2192 1152 2214 exor-

261 2245 311 2269 tus
324 2259 334 2275 ,
360 2237 410 2275 qui
422 2232 532 2264 diceret
543 2239 636 2263 totum
646 2229 797 2270 Christum
807 2231 861 2274 effe
872 2239 1016 2264 naturam
1026 2235 1151 2265 unicam.

259 2285 390 2320 Eodem
405 2291 551 2325 tempore
563 2280 659 2324 possit
672 2281 804 2324 coepiffe
822 2279 916 2314 turba
929 2279 984 2316 illa
996 2304 1008 2321 ‚
1035 2280 1077 2315 de
1087 2293 1150 2326 qna

258 2337 442 2378 Imperator
469 2330 680 2365 Theodosius
695 2331 877 2371 inlitteris‚
903 2341 959 2373 per
975 2341 1057 2375 quas
1068 2331 1151 2366 Dio-

261 2382 618 2420 scorumsAlexandriae
638 2379 862 2416 Patriarcham
881 2381 1032 2415 evocavit
1052 2380 1092 2414 ad
1107 2382 1153 2415 so-

259 2435 408 2470 cundum
423 2432 625 2476 Ephesinum
646 2430 862 2465 Concilium:
893 2432 1039 2463 Pervenit
1050 2431 1097 2462 ad
1104 2442 1157 2464 no·

256 2486 328 2527 flrae
348 2487 523 2518 Serenitati:
544 2483 681 2515 auditum
693 2505 703 2520 ,
729 2485 802 2523 quia
813 2480 1152 2521 multiReverendifflmi

262 2535 432 2570 Orientales
456 2532 726 2566 archimandritae
739 2528 828 2570 fimul
847 2541 912 2563 cum
923 2529 1084 2563 Catholicis
1098 2535 1153 2565 Po.

261 2586 345 2629 pulis
360 2583 525 2618 adver-nim
535 2579 680 2623 quosdam
690 2578 850 2621 Episcopos
862 2602 873 2618 ,
898 2585 950 2620 qu}
970 2579 1153 2619 Nestoriana

264 2641 420 2678 impietate
443 2639 584 2675 aegrotare
593 2631 732 2662 dicuntur·
743 2652 755 2669 ‚
781 2633 815 2661 in
833 2627 1010 2672 quibusdam
1021 2633 1154 2664 Orienta-

268 2687 342 2720 lium
365 2681 541 2717 civitatibus
559 2678 715 2719 constituti
735 2678 906 2712 laborarent
926 2703 938 2719 ,
964 2679 999 2712 (5
1016 2687 1072 2721 pro
1091 2683 1153 2722 fide

1229 590 1270 610 na
1295 577 1417 617 Haeresr's
1437 580 1632 621 quorumdam
1652 578 1772 623 rursiam
1795 580 1906 621 studiis
1924 581 2106 623 pullularet.

1229 628 1310 662 Non
1322 629 1612 674 Constantinopoli
1623 655 1633 671 ,
1659 630 1714 664 sed
1725 630 1761 664 in
1771 630 1935 666 Orientali
1947 631 2087 665 Dioecefi
2095 655 2108 664 .

1231 677 1344 713 Palam
1357 679 1465 713 reddit
1487 681 1647 715 talionem
1658 680 1822 722 Domno,
1849 681 2040 725 ipsumque,
2067 690 2108 717 ae

1230 728 1311 762 item
1322 728 1576 769 Theodoretum
1590 756 1602 772 ,
1612 729 1702 765 Ibam
1714 756 1725 771 ,
1754 731 1789 765 ὅτ,
1799 730 1959 766 aliosistic
1970 732 2107 775 Episco-

1226 789 1286 821 pos
1311 775 1441 814 accusat
1460 804 1472 820 ‚
1499 779 1587 824 quod
1613 780 1801 822 Diodorum
1821 792 1859 815 ac
1880 780 2106 817 Theodorum

1225 828 1435 863 desenderent
1452 855 1463 871 ‚
1489 840 1588 875 atque
1616 831 1662 865 ita
1693 832 1917 866 resuscitarent
1937 831 2109 866 Nestoi-ia·

1225 890 1302 913 narn
1327 880 1508 914 ‹Haeresim-
1536 881 1580 914 Et
1603 880 1692 924 Papa
1713 881 1859 917 laudavit
1880 881 1948 925 ejus
1973 882 2104 922 zelum,

1223 940 1261 963 ac
1272 928 1414 975 benigne
1435 930 1606 974 rescripsit.
1632 931 1758 979 Qinti
1771 931 2002 967 ConciliAsta
2024 930 2108 966 redi&

1223 979 1314 1022 ajunt
1327 994 1334 1013 ς
1362 984 1423 1016 Leo
1434 983 1454 1014 5
1455 980 1542 1023 αηᾶς
1552 987 1700 1015 momoriae
1712 984 1802 1023 Papa
1812 986 1986 1024 antiquioris
2000 985 2105 1015 Romae

1223 1031 1255 1063 ἐν
1271 1029 1400 1073 suscepit
1422 1030 1633 1072 Eutycbetem,
1659 1033 1694 1065 Θ
1717 1030 1888 1074 reftripfit,
1913 1031 2105 1073 comprobant

1221 1089 1304 1119 eum,
1335 1081 1588 1121 &tamenpostea
1598 1075 1830 1123 c'ondemnavit,
1854 1081 2104 1115 &anathemati-

1222 1132 1308 1161 zavit
1322 1139 1408 1170 eum,
1437 1137 1473 1163 ut
1486 1133 1684 1164 Haereticam.
1710 1130 1922 1174 Rescriptum
1932 1130 2046 1166 datum
2056 1132 2105 1166 est

1223 1177 1378 1213 Calendis
1403 1179 1528 1222 Juniis,
1556 1177 1740 1217 Consulatu
1750 1177 1980 1214 Posthumiani
1998 1181 2106 1216 &Ze-

1223 1229 1321 1262 nonis
1344 1253 1352 1261 .
1379 1229 1436 1262 Est
1459 1228 1551 1264 istius
1579 1217 1685 1263 saeculi
1710 1241 1819 1264 annus
1840 1229 2105 1274 quadragesimus

1221 1279 1372 1312 ostavns.
1399 1276 1545 1312 Proinde
1557 1277 1762 1322 Eutychetis.
1772 1280 1979 1323 querimonia
2002 1280 2105 1315 fuerit

1221 1329 1302 1362 fana
1315 1338 1406 1362 anno
1423 1327 1614 1371 praecedenti
1628 1353 1635 1361 .
1664 1328 1709 1362 Et
1720 1328 1841 1372 abipso
1859 1340 1978 1364 omnes
1989 1329 2106 1372 paffim

1223 1387 1399 1412 numerant
1432 1376 1608 1411 exordium
1630 1375 1847 1420 Eutychiana
1881 1377 2105 1422 blasphemias·

1223 1427 1316 1461 Hinc
1327 1428 1463 1462 Sanetus
1474 1426 1562 1471 Papa
1573 1426 1718 1461 Gelafius
1739 1427 1773 1461 in
1783 1427 1903 1462 litteris
1915 1452 1928 1469 ,
1953 1438 2010 1471 per
2020 1438 2107 1471 quas

1221 1478 1398 1513 Dardaniae
1408 1477 1577 1522 Episcopis
1592 1477 1759 1512 intimavit
1767 1479 1830 1511 suae
1841 1477 1973 1521 Papalis
1983 1478 2108 1524 Digni.

1219 1528 1295 1562 tatis
1321 1527 1516 1574 ingressum,
1542 1527 1679 1561 affirmat
1702 1526 1926 1571 Eutychetem
1947 1529 2105 1573 incepisse

1219 1588 1295 1613 ante
1305 1589 1410 1612 annos
1421 1576 1487 1611 fere
1497 1577 1712 1622 quadraginta
1734 1578 1941 1622 &quinqua
1971 1578 2104 1622 Scripsit

1218 1628 1362 1673 ejusdem
1373 1627 1477 1662 saeculi
1491 1638 1581 1662 anno
1591 1628 1808 1672 nonagesimo
1819 1627 1962 1663 secundo
1973 1651 1986 1667 ‚
2010 1626 2106 1663 ideo*-

1219 1690 1282 1723 que
1297 1678 1356 1714 ista
1368 1678 1503 1714 exordia
1514 1678 1622 1724 palam
1633 1678 1729 1716 refert
1739 1677 1776 1716 in
1789 1687 1915 1713 annum
1924 1676 2107 1726 quadrage-i·

1218 1731 1334 1764 fimum
1347 1730 1525 1774 septimum
1538 1755 1546 1763 .
2096 1741 2101 1761 ·,

1271 1781 1421 1829 Qaestio
1441 1780 1487 1815 est
1500 1805 1512 1821 ‚
1538 1781 1652 1829 Qare
1672 1781 1707 1816 δε
1730 1779 1901 1824 quomodo
1925 1776 2101 1821 Eutyches

1218 1830 1345 1864 tamdiu
1363 1830 1482 1864 siluerit
1495 1831 1512 1862 ἓ
1538 1831 1726 1878 Qomodo
1747 1831 1894 1874 &quare
1905 1831 1937 1864 se
1947 1829 2104 1864 adversus

1220 1881 1395 1915 Domuum
1418 1891 1489 1915 non
1514 1879 1672 1915 studuerit
1697 1888 1834 1924 purgare
1855 1880 1873 1911 ,2
1898 1877 2103 1922 Respondet·

1219 1942 1286 1966 non
1311 1930 1530 1965 dubitandum
1552 1955 1564 1971 ,
1589 1931 1670 1975 quin
1690 1930 1851 1964 studuerit
1858 1954 1872 1980 2
1898 1929 1934 1963 ὅ(
1956 1927 2102 1963 nullate-

1220 1992 1280 2015 nus
1300 1979 1436 2015 siluerit.
1464 1979 1560 2015 Licet
1580 1980 1780 2014 documenta
1803 1990 1873 2014 non
1897 1978 2102 2021 habeamus,

1219 2030 1446 2071 persuademur
1457 2030 1476 2063 a
1489 2041 1595 2064 rerum
1616 2031 1650 2064 δε
1661 2029 1823 2065 Actorum
1845 2028 2081 2074 consequentia
2091 2051 2102 2060 ·

1219 2078 1376 2123 Purgavit
1394 2079 1426 2111 se
1452 2079 1487 2112 &
1497 2079 1583 2122 apud
1597 2079 1827 2113 Theodosium
1840 2104 1852 2119 ,
1878 2078 1913 2112 δε
1923 2078 2009 2123 apud
2020 2078 2105 2115 Pm-

1215 2127 1321 2171 clum.
1349 2129 1483 2163 Etenim
1506 2138 1583 2162 cum
1607 2127 1747 2168 Proclo,
1773 2129 1829 2162 cui
1851 2138 1961 2163 tamen
1984 2128 2103 2163 Domu

1216 2190 1279 2214 nus
1289 2178 1353 2214 fuit
1362 2177 1593 2216 amiciffimus,'
1621 2176 1707 2212 nihil
1719 2189 1878 2221 umquam
1891 2177 2006 2213 habuit
2016 2188 2105 2221 qum-

1217 2229 1350 2264 stionis.
1380 2227 1518 2263 Proclus
1541 2227 1769 2267 &Domnus,
1795 2226 1872 2261 lieet
1891 2228 1977 2261 circa
1986 2225 2103 2262 Theo-

1215 2279 1288 2314 dori
1302 2291 1340 2314 ac
1350 2277 1496 2314 Diodori
1510 2279 1638 2312 causam
1651 2280 1785 2321 penitus
1794 2277 1997 2312 dissentirent
2006 2302 2017 2318 ‚
2044 2276 2100 2310 ha·

1215 2329 1357 2364 buerunt
1371 2329 1462 2363 aliud
1474 2327 1625 2362 amicitiae
1635 2327 1806 2361 vinculum
1818 2340 1830 2359 .·
1857 2328 1989 2370 Nempe
2000 2325 2104 2361 Ρειᾶει

1216 2379 1273 2414 iila
1299 2379 1342 2414 de
1364 2377 1572 2413 admittendo
1592 2401 1605 2417 ,
1633 2378 1692 2420 qui
1718 2376 2102 2420 Constantinopolitanae

1216 2426 1387 2463 Cathedrae
1409 2425 1601 2471 indulgebat
1622 2426 1802 2460 secundum
1822 2426 1924 2460 totius
1947 2426 2102 2460 Ecclefiae

1216 2478 1348 2518 locum,
1375 2477 1517 2511 Canone
1538 2475 1904 2519 Constantinopolitani
1925 2476 2101 2517 Concilii,

1216 2528 1314 2564 nobis
1325 2529 1344 2562 a
1354 2527 1575 2561 Theodoreto
1589 2526 1687 2559 relata
1701 2527 1738 2559 in
1748 2525 1868 2559 litteris
1890 2525 1932 2560 ad
1942 2527 2100 2564 Sandium

1216 2578 1412 2614 Flavianum
1437 2600 1448 2616 ,
1486 2575 1676 2617 proximum
1708 2574 1821 2608 Procli
1859 2576 2103 2611 Succeffoaem.

1215 2627 1351 2661 Procius
1370 2624 1457 2658 obiit
1478 2623 1571 2657 istius
1591 2623 1700 2657 saeculi
1735 2634 1828 2657 anno
1850 2624 2099 2670 quadragesimo

1220 2676 1380 2721 septimo:
1407 2673 1451 2707 Et
1473 2671 1642 2715 Eutyches
1662 2682 1741 2706 runc
1756 2683 1827 2708 erat
1847 2672 1929 2708 adeo
1941 2684 2099 2720 purgatus

267 2733 424 2769 catholica
445 2730 649 2765 contenderent
671 2754 678 2761 .
707 2728 908 2765 Clamabant
929 2728 1154 2766 Theodorum
1220 2727 1420 2771 &integer‚
1443 2734 1479 2759 ut
1501 2723 1618 2767 Regiae
1641 2723 1786 2757 civitatis
1799 2723 2005 2761 Cathedram
2029 2734 2101 2770 prae·

268 2783 416 2820 docuisse
426 2780 541 2816 eadem
554 2791 631 2814 cum
643 2773 823 2820 Nestorio‘,
850 2790 888 2814 ac
899 2779 967 2823 ejus
979 2781 1073 2814 fuisse
1084 2782 1158 2817 Ma-

267 2834 409 2881 gistrum
423 2857 434 2872 ,
460 2831 602 2876 ideoque
625 2829 787 2872 Ioannem
814 2827 1066 2865 Antiochenum
1088 2858 1098 2874 ‚
1124 2834 1158 2868 &

1220 2776 1388 2816 tenderet,
1402 2774 1525 2809 merum
1537 2775 1670 2808 Sanctus
1682 2773 1860 2807 Flavianus
1879 2773 2047 2809 obtinuit.
2065 2775 2077 2801 -’
2100 2797 2104 2805 ,

1240 2829 1242 2831 ’
1270 2824 1477 2862 Alexandriae
1505 2821 1692 2858 Patriarcha
1725 2846 1736 2863 ‚
1771 2824 1828 2868 qui
1851 2824 2100 2869 quadragesimo

271 2885 357 2920 alios
379 2881 558 2917 Theodori
579 2880 763 2915 defensores
784 2879 965 2923 Episcopus
974 2882 1038 2916 effe
1049 2884 1158 2925 palam
1222 2886 1336 2922 quarto
1358 2875 1450 2909 istius
1459 2874 1565 2910 saeculi
1586 2884 1678 2908 anno
1695 2874 1881 2908 successerat
1901 2876 2021 2909 Sancto
2033 2875 2103 2919 Cy-

272 2934 492 2972 Nestotianos
513 2956 520 2964 .
548 2930 688 2965 Istorum
711 2928 1069 2965 Archi-Mandritarum
1093 2934 1159 2968 Co-

272 2982 421 3029 ryphaeus
431 2992 500 3017 erat
512 2982 703 3019 Barsumas,
728 2979 911 3023 Eutycheti
931 2982 1159 3025 amicissimus,

274 3048 312 3069 ac
323 3035 437 3069 eadem
450 3044 525 3068 cum
541 3032 610 3075 ipso
621 3030 781 3074 sentiens.
809 3030 854 3066 Et
865 3031 985 3073 poffint
997 3031 1039 3066 ab
1059 3033 1160 3077 Euty-

276 3084 390 3125 chete,
416 3085 475 3128 qui
492 3082 600 3117 Sanffi
622 3081 759 3122 Procli,
786 3081 892 3115 Santsti
916 3081 1039 3124 Cyrilli'
1062 3107 1073 3124 ,
1100 3083 1162 3118 Im·

278 3134 430 3174 peratoris
450 3132 653 3174 Theodosii,
679 3143 717 3166 ac
740 3130 884 3175 plurium
895 3131 993 3167 eriam
1005 3134 1161 3169 Orienta—

278 3182 362 3214 lium
373 3181 567 3217 Anristitum
579 3193 692 3218 contra
704 3180 923 3217 Theodorum
946 3182 1030 3215 Asta
1041 3184 1075 3217 &
1087 3185 1162 3218 Sen-

281 3231 314 3269 sa
325 3240 441 3270 norat,
466 3233 558 3266 fuisse
572 3231 791 3274 inflammati,
818 3232 950 3267 &varia
972 3232 1014 3266 ab
1034 3233 1103 3277 ipso
1115 3236 1161 3269 fo-

280 3287 393 3317 menta
415 3282 585 3322 accepisse.
614 3280 705 3314 Hinc
730 3282 830 3327 igitur
848 3282 1032 3317 patriarcha
1048 3285 1158 3318 Dom-

1222 2927 1321 2968 rino,
1346 2925 1545 2966 Dioscorus,
1572 2924 1640 2958 istis
1664 2923 1771 2958 Pastis
1793 2923 1975 2967 graviffime
1996 2925 2102 2959 offen-

1223 2980 1274 3013 sus
1285 3001 1296 3018 ,
1321 2976 1526 3012 Orientalem
1538 2983 1619 3009 tunc
1630 2973 1804 3008 divexabat
1816 2973 1994 3008 Ecclesiam
2005 2999 2013 3007 .
2033 2975 2101 3018 Cy.

1222 3028 1333 3067 tillus,
1360 3025 1436 3061 lieet
1456 3026 1644 3061 Diodorum
1666 3035 1704 3057 ac
1724 3023 1948 3058 Theodorum
1967 3022 2101 3060 anathe-

1223 3077 1402 3114 matizasset
1412 3102 1423 3118 ,
1450 3076 1495 3111 ob
1506 3076 1573 3120 ejus
1580 3084 1688 3109 tamen
1700 3074 1917 3117 patrocinium
1929 3086 1997 3108 non
2011 3074 2103 3110 dam«

1224 3128 1321 3164 nabat
1341 3127 1526 3162 Orientales
1549 3124 1746 3168 Episcopos,
1775 3124 1831 3158 sed
1850 3125 2102 3160 cumillisfove-

1224 3180 1279 3214 bat
1300 3177 1574 3214 communionem
1601 3175 1828 3209 &amicitiam
1852 3201 1859 3207 .
1886 3174 1936 3208 At
1955 3175 1997 3209 de
2017 3175 2102 3211 Dio·

1224 3231 1316 3264 scoto
1326 3229 1360 3262 in
1373 3228 1500 3270 praefata
1522 3224 1563 3259 ad
1577 3225 1733 3259 Sanetum
1744 3225 1938 3259 Flavianum
1949 3224 2098 3268 Epistola

1224 3279 1332 3313 scribit
1342 3275 1578 3310 Theodoretus
1589 3288 1596 3307 :
1623 3278 1697 3308 Rati
1708 3286 1761 3311 nos
1771 3276 1939 3314 adjutorem
1947 3272 2100 3318 acsoclum

283 3338 350 3368 nus'
367 3328 480 3363 statim
499 3329 533 3361 in
562 3331 611 3363 sui
634 3330 848 3376 Episcopatus
869 3332 1009 3368 exordio
1037 3335 1162 3375 censuit
1223 3330 1266 3362 ad
1288 3340 1323 3362 ea
1346 3350 1358 3367 ,
1383 3337 1451 3369 quae
1472 3333 1572 3359 contra
1589 3325 1682 3367 fidem
1707 3323 1892 3367 apostolicam
1921 3332 2099 3363 moventur,

284 3381 391 3428 ipsum
409 3377 706 3427 compescendum,
732 3391 830 3427 atque
850 3383 895 3419 ita
907 3383 1163 3430 capistruminji-

1225 3378 1377 3414 babituros
1400 3378 1460 3414 Deo
1483 3375 1871 3418 carffmumatexandrm
1895 3372 2099 3456 Epigopum.

1984 3427 2052 3457 omi-
