<?xml version="1.0" encoding="UTF-8"?>
<!DOCTYPE html PUBLIC "-//W3C//DTD XHTML 1.0 Transitional//EN"
    "http://www.w3.org/TR/xhtml1/DTD/xhtml1-transitional.dtd">
<html xmlns="http://www.w3.org/1999/xhtml" xml:lang="en" lang="en">
 <head>
  <title>
</title>
<meta http-equiv="Content-Type" content="text/html;charset=utf-8" />
  <meta name='ocr-system' content='tesseract 3.04.00' />
  <meta name='ocr-capabilities' content='ocr_page ocr_carea ocr_par ocr_line ocrx_word'/>
</head>
<body>
  <div class='ocr_page' id='page_1' title='image "./operaomniastudio07lupuuoft/operaomniastudio07lupuuoft_0174.png"; bbox 0 0 2320 3730; ppageno 0'>
   <div class='ocr_carea' id='block_1_1' title="bbox 389 191 482 241">
    <p class='ocr_par' dir='ltr' id='par_1_1' title="bbox 389 191 482 241">
     <span class='ocr_line' id='line_1_1' title="bbox 389 191 482 241; baseline -0.011 -1"><span class='ocrx_word' id='word_1_1' title='bbox 389 191 482 241; x_wconf 84' lang='lat'>168</span> 
     </span>
    </p>
   </div>
   <div class='ocr_carea' id='block_1_2' title="bbox 252 277 1187 3371">
    <p class='ocr_par' dir='ltr' id='par_1_2' title="bbox 252 277 1187 3371">
     <span class='ocr_line' id='line_1_2' title="bbox 307 277 1187 325; baseline 0.005 -17"><span class='ocrx_word' id='word_1_2' title='bbox 307 279 471 321; x_wconf 71' lang='lat' dir='ltr'>januam,</span> <span class='ocrx_word' id='word_1_3' title='bbox 497 278 533 311; x_wconf 71' lang='lat' dir='ltr'>ut</span> <span class='ocrx_word' id='word_1_4' title='bbox 551 279 622 313; x_wconf 68' lang='lat' dir='ltr'>ver?</span> <span class='ocrx_word' id='word_1_5' title='bbox 645 280 701 323; x_wconf 66' lang='lat' dir='ltr'>nifi</span> <span class='ocrx_word' id='word_1_6' title='bbox 703 284 878 325; x_wconf 79' lang='lat' dir='ltr'>perditionis</span> <span class='ocrx_word' id='word_1_7' title='bbox 893 281 973 322; x_wconf 82' lang='lat' dir='ltr'>filius</span> <span class='ocrx_word' id='word_1_8' title='bbox 985 277 1187 319; x_wconf 82' lang='lat' dir='ltr'>nemofitper·</span> 
     </span>
     <span class='ocr_line' id='line_1_3' title="bbox 311 323 1186 373; baseline 0.003 -15"><span class='ocrx_word' id='word_1_9' title='bbox 311 328 395 359; x_wconf 85' lang='lat' dir='ltr'>ditus</span> <span class='ocrx_word' id='word_1_10' title='bbox 407 352 418 370; x_wconf 90' lang='lat'>‚</span> <span class='ocrx_word' id='word_1_11' title='bbox 438 323 531 370; x_wconf 69' lang='lat' dir='ltr'>fitque</span> <span class='ocrx_word' id='word_1_12' title='bbox 552 335 580 363; x_wconf 89' lang='lat' dir='ltr'>ei</span> <span class='ocrx_word' id='word_1_13' title='bbox 600 333 695 371; x_wconf 81' lang='lat' dir='ltr'>major</span> <span class='ocrx_word' id='word_1_14' title='bbox 716 330 806 373; x_wconf 78' lang='lat' dir='ltr'>causa</span> <span class='ocrx_word' id='word_1_15' title='bbox 826 331 967 372; x_wconf 83' lang='lat' dir='ltr'>lugendi,</span> <span class='ocrx_word' id='word_1_16' title='bbox 992 329 1072 370; x_wconf 88' lang='lat' dir='ltr'>quod</span> <span class='ocrx_word' id='word_1_17' title='bbox 1080 334 1186 363; x_wconf 78' lang='lat' dir='ltr'>meruit</span> 
     </span>
     <span class='ocr_line' id='line_1_4' title="bbox 304 375 1183 422; baseline 0.001 -11"><span class='ocrx_word' id='word_1_18' title='bbox 304 375 385 419; x_wconf 77' lang='lat' dir='ltr'>solus</span> <span class='ocrx_word' id='word_1_19' title='bbox 394 379 531 412; x_wconf 75' lang='lat' dir='ltr'>excludi.</span> <span class='ocrx_word' id='word_1_20' title='bbox 561 380 649 421; x_wconf 84' lang='lat' dir='ltr'>Etin</span> <span class='ocrx_word' id='word_1_21' title='bbox 670 380 784 414; x_wconf 78' lang='lat' dir='ltr'>litteris</span> <span class='ocrx_word' id='word_1_22' title='bbox 808 379 950 422; x_wconf 81' lang='lat' dir='ltr'>ejusdem</span> <span class='ocrx_word' id='word_1_23' title='bbox 960 377 1133 412; x_wconf 75' lang='lat' dir='ltr'>pontificis</span> <span class='ocrx_word' id='word_1_24' title='bbox 1143 378 1183 413; x_wconf 83' lang='lat' dir='ltr'>ad</span> 
     </span>
     <span class='ocr_line' id='line_1_5' title="bbox 303 427 1182 472; baseline 0.002 -11"><span class='ocrx_word' id='word_1_25' title='bbox 303 427 470 470; x_wconf 62' lang='lat' dir='ltr'>‘praefatum</span> <span class='ocrx_word' id='word_1_26' title='bbox 482 429 641 472; x_wconf 81' lang='lat' dir='ltr'>Joannem</span> <span class='ocrx_word' id='word_1_27' title='bbox 655 444 666 461; x_wconf 93' lang='lat'>.·</span> <span class='ocrx_word' id='word_1_28' title='bbox 693 431 798 471; x_wconf 72' lang='lat' dir='ltr'>,Quam</span> <span class='ocrx_word' id='word_1_29' title='bbox 805 427 896 471; x_wconf 84' lang='lat' dir='ltr'>super</span> <span class='ocrx_word' id='word_1_30' title='bbox 907 429 957 461; x_wconf 83' lang='lat' dir='ltr'>boc</span> <span class='ocrx_word' id='word_1_31' title='bbox 968 452 979 469; x_wconf 88' lang='lat'>‚</span> <span class='ocrx_word' id='word_1_32' title='bbox 1005 428 1182 463; x_wconf 80' lang='lat' dir='ltr'>concilian-</span> 
     </span>
     <span class='ocr_line' id='line_1_6' title="bbox 303 477 1182 522; baseline 0 -10"><span class='ocrx_word' id='word_1_33' title='bbox 303 477 347 512; x_wconf 80' lang='lat' dir='ltr'>da</span> <span class='ocrx_word' id='word_1_34' title='bbox 362 477 575 513; x_wconf 83' lang='lat' dir='ltr'>Ecclefiarum</span> <span class='ocrx_word' id='word_1_35' title='bbox 595 489 692 520; x_wconf 87' lang='lat' dir='ltr'>pace,</span> <span class='ocrx_word' id='word_1_36' title='bbox 718 479 771 521; x_wconf 85' lang='lat' dir='ltr'>effe</span> <span class='ocrx_word' id='word_1_37' title='bbox 785 478 905 522; x_wconf 73' lang='lat' dir='ltr'><em>solliciti</em></span> <span class='ocrx_word' id='word_1_38' title='bbox 928 489 981 511; x_wconf 85' lang='lat' dir='ltr'>nos</span> <span class='ocrx_word' id='word_1_39' title='bbox 1002 478 1159 512; x_wconf 84' lang='lat' dir='ltr'><em>debeamus</em></span> <span class='ocrx_word' id='word_1_40' title='bbox 1172 503 1182 520; x_wconf 94' lang='lat'>‚</span> 
     </span>
     <span class='ocr_line' id='line_1_7' title="bbox 304 527 1182 572; baseline 0.002 -11"><span class='ocrx_word' id='word_1_41' title='bbox 304 527 588 569; x_wconf 76' lang='lat' dir='ltr'>Clementlsfimorum</span> <span class='ocrx_word' id='word_1_42' title='bbox 609 529 643 562; x_wconf 59' lang='grc' dir='ltr'><strong><em>ὼ</em></strong></span> <span class='ocrx_word' id='word_1_43' title='bbox 655 527 956 568; x_wconf 82' lang='lat' dir='ltr'>Christianiffimorum</span> <span class='ocrx_word' id='word_1_44' title='bbox 978 531 1100 572; x_wconf 58' lang='lat' dir='ltr'>Regum&lt;</span> <span class='ocrx_word' id='word_1_45' title='bbox 1115 540 1182 563; x_wconf 74' lang='lat' dir='ltr'>cura</span> 
     </span>
     <span class='ocr_line' id='line_1_8' title="bbox 302 575 1184 624; baseline 0.002 -12"><span class='ocrx_word' id='word_1_46' title='bbox 302 577 444 618; x_wconf 73' lang='lat' dir='ltr'>testatur.</span> <span class='ocrx_word' id='word_1_47' title='bbox 472 575 594 619; x_wconf 82' lang='lat' dir='ltr'><em>Adspice</em></span> <span class='ocrx_word' id='word_1_48' title='bbox 617 581 728 611; x_wconf 80' lang='lat' dir='ltr'><em>Frater</em></span> <span class='ocrx_word' id='word_1_49' title='bbox 739 577 929 618; x_wconf 76' lang='lat' dir='ltr'>Chariffime‚</span> <span class='ocrx_word' id='word_1_50' title='bbox 955 578 1056 620; x_wconf 79' lang='lat' dir='ltr'>coelesti</span> <span class='ocrx_word' id='word_1_51' title='bbox 1073 585 1184 624; x_wconf 81' lang='lat' dir='ltr'>negotio</span> 
     </span>
     <span class='ocr_line' id='line_1_9' title="bbox 303 626 1179 673; baseline 0.002 -11"><span class='ocrx_word' id='word_1_52' title='bbox 303 639 394 670; x_wconf 83' lang='lat' dir='ltr'>quam</span> <span class='ocrx_word' id='word_1_53' title='bbox 409 627 442 671; x_wconf 86' lang='lat' dir='ltr'>se</span> <span class='ocrx_word' id='word_1_54' title='bbox 463 626 625 669; x_wconf 80' lang='lat' dir='ltr'>vigilanter</span> <span class='ocrx_word' id='word_1_55' title='bbox 648 629 864 669; x_wconf 75' lang='lat' dir='ltr'><em>impenderint.</em></span> <span class='ocrx_word' id='word_1_56' title='bbox 895 632 1116 673; x_wconf 79' lang='lat' dir='ltr'>Cogitationum</span> <span class='ocrx_word' id='word_1_57' title='bbox 1129 630 1179 672; x_wconf 81' lang='lat' dir='ltr'>fe-</span> 
     </span>
     <span class='ocr_line' id='line_1_10' title="bbox 299 675 1178 721; baseline 0.001 -8"><span class='ocrx_word' id='word_1_58' title='bbox 299 683 367 713; x_wconf 76' lang='lat' dir='ltr'>rias</span> <span class='ocrx_word' id='word_1_59' title='bbox 389 675 572 720; x_wconf 71' lang='lat' dir='ltr'>nesi-ierunt:</span> <span class='ocrx_word' id='word_1_60' title='bbox 601 681 667 710; x_wconf 84' lang='lat' dir='ltr'>Nec</span> <span class='ocrx_word' id='word_1_61' title='bbox 690 679 809 721; x_wconf 82' lang='lat' dir='ltr'>dignati</span> <span class='ocrx_word' id='word_1_62' title='bbox 826 675 898 721; x_wconf 84' lang='lat' dir='ltr'>sunt</span> <span class='ocrx_word' id='word_1_63' title='bbox 913 679 1036 713; x_wconf 71' lang='lat' dir='ltr'>terrena</span> <span class='ocrx_word' id='word_1_64' title='bbox 1057 691 1178 721; x_wconf 84' lang='lat' dir='ltr'>curare,</span> 
     </span>
     <span class='ocr_line' id='line_1_11' title="bbox 299 726 1177 772; baseline 0.006 -13"><span class='ocrx_word' id='word_1_65' title='bbox 299 727 357 769; x_wconf 72' lang='lat' dir='ltr'>nisi</span> <span class='ocrx_word' id='word_1_66' title='bbox 376 726 531 767; x_wconf 71' lang='lat' dir='ltr'>caelestibus</span> <span class='ocrx_word' id='word_1_67' title='bbox 548 727 712 769; x_wconf 76' lang='lat' dir='ltr'>paruissent</span> <span class='ocrx_word' id='word_1_68' title='bbox 733 752 739 759; x_wconf 94' lang='lat'>.</span> <span class='ocrx_word' id='word_1_69' title='bbox 767 730 895 772; x_wconf 75' lang='lat' dir='ltr'>,Quoties</span> <span class='ocrx_word' id='word_1_70' title='bbox 920 729 1108 772; x_wconf 77' lang='lat' dir='ltr'>Apbstolicam</span> <span class='ocrx_word' id='word_1_71' title='bbox 1132 733 1177 764; x_wconf 87' lang='lat' dir='ltr'>5e-</span> 
     </span>
     <span class='ocr_line' id='line_1_12' title="bbox 296 775 1177 823; baseline 0.006 -14"><span class='ocrx_word' id='word_1_72' title='bbox 296 778 386 815; x_wconf 81' lang='lat' dir='ltr'>dem,</span> <span class='ocrx_word' id='word_1_73' title='bbox 413 780 526 818; x_wconf 82' lang='lat' dir='ltr'>quoties</span> <span class='ocrx_word' id='word_1_74' title='bbox 553 775 688 819; x_wconf 65' lang='lat' dir='ltr'>diversos</span> <span class='ocrx_word' id='word_1_75' title='bbox 699 782 829 812; x_wconf 85' lang='lat' dir='ltr'><em>Fratres</em></span> <span class='ocrx_word' id='word_1_76' title='bbox 851 778 1177 823; x_wconf 69' lang='lat' dir='ltr'>eorumsermocommo-</span> 
     </span>
     <span class='ocr_line' id='line_1_13' title="bbox 296 825 1176 874; baseline 0.007 -16"><span class='ocrx_word' id='word_1_77' title='bbox 296 831 345 858; x_wconf 74' lang='lat' dir='ltr'>vit</span> <span class='ocrx_word' id='word_1_78' title='bbox 365 827 378 859; x_wconf 86' lang='lat'>?</span> <span class='ocrx_word' id='word_1_79' title='bbox 404 828 616 869; x_wconf 82' lang='lat' dir='ltr'>Impenderunt</span> <span class='ocrx_word' id='word_1_80' title='bbox 633 825 665 872; x_wconf 84' lang='lat' dir='ltr'>se</span> <span class='ocrx_word' id='word_1_81' title='bbox 686 830 752 869; x_wconf 83' lang='lat' dir='ltr'>ejus</span> <span class='ocrx_word' id='word_1_82' title='bbox 774 834 885 873; x_wconf 80' lang='lat' dir='ltr'>negotio</span> <span class='ocrx_word' id='word_1_83' title='bbox 906 853 917 869; x_wconf 94' lang='lat'>‚</span> <span class='ocrx_word' id='word_1_84' title='bbox 953 836 1006 872; x_wconf 84' lang='lat' dir='ltr'>qui</span> <span class='ocrx_word' id='word_1_85' title='bbox 1026 830 1061 874; x_wconf 84' lang='lat' dir='ltr'>se</span> <span class='ocrx_word' id='word_1_86' title='bbox 1081 842 1176 864; x_wconf 87' lang='lat' dir='ltr'>eorum</span> 
     </span>
     <span class='ocr_line' id='line_1_14' title="bbox 292 879 1175 925; baseline 0.006 -15"><span class='ocrx_word' id='word_1_87' title='bbox 292 886 448 918; x_wconf 71' lang='lat' dir='ltr'>nunquam</span> <span class='ocrx_word' id='word_1_88' title='bbox 469 882 592 920; x_wconf 83' lang='lat' dir='ltr'>negavit</span> <span class='ocrx_word' id='word_1_89' title='bbox 604 881 748 920; x_wconf 83' lang='lat' dir='ltr'>Imperio.</span> <span class='ocrx_word' id='word_1_90' title='bbox 777 879 872 914; x_wconf 89' lang='lat' dir='ltr'>Hinc</span> <span class='ocrx_word' id='word_1_91' title='bbox 882 880 998 914; x_wconf 90' lang='lat' dir='ltr'>iterum</span> <span class='ocrx_word' id='word_1_92' title='bbox 1013 880 1119 925; x_wconf 68' lang='lat' dir='ltr'>primo</span> <span class='ocrx_word' id='word_1_93' title='bbox 1130 881 1175 915; x_wconf 89' lang='lat' dir='ltr'>di-</span> 
     </span>
     <span class='ocr_line' id='line_1_15' title="bbox 293 926 1176 975; baseline 0.009 -17"><span class='ocrx_word' id='word_1_94' title='bbox 293 927 435 967; x_wconf 82' lang='lat' dir='ltr'>scimus,</span> <span class='ocrx_word' id='word_1_95' title='bbox 462 926 550 970; x_wconf 87' lang='lat' dir='ltr'>quod</span> <span class='ocrx_word' id='word_1_96' title='bbox 571 928 753 971; x_wconf 74' lang='lat' dir='ltr'>Imperator</span> <span class='ocrx_word' id='word_1_97' title='bbox 763 927 976 965; x_wconf 86' lang='lat' dir='ltr'>Theodosius</span> <span class='ocrx_word' id='word_1_98' title='bbox 997 930 1114 966; x_wconf 88' lang='lat' dir='ltr'>dehac</span> <span class='ocrx_word' id='word_1_99' title='bbox 1126 943 1176 975; x_wconf 86' lang='lat' dir='ltr'>pa-</span> 
     </span>
     <span class='ocr_line' id='line_1_16' title="bbox 291 976 1174 1019; baseline 0.008 -10"><span class='ocrx_word' id='word_1_100' title='bbox 291 986 329 1009; x_wconf 90' lang='lat' dir='ltr'>ce</span> <span class='ocrx_word' id='word_1_101' title='bbox 341 977 440 1010; x_wconf 87' lang='lat' dir='ltr'>fuerit</span> <span class='ocrx_word' id='word_1_102' title='bbox 461 976 545 1010; x_wconf 69' lang='lat' dir='ltr'>adea</span> <span class='ocrx_word' id='word_1_103' title='bbox 558 976 738 1019; x_wconf 88' lang='lat' dir='ltr'>sollicitus,</span> <span class='ocrx_word' id='word_1_104' title='bbox 765 980 919 1015; x_wconf 85' lang='lat' dir='ltr'>utnullas</span> <span class='ocrx_word' id='word_1_105' title='bbox 940 980 997 1015; x_wconf 80' lang='lat' dir='ltr'>fibi</span> <span class='ocrx_word' id='word_1_106' title='bbox 1011 982 1121 1016; x_wconf 81' lang='lat' dir='ltr'>fecerit</span> <span class='ocrx_word' id='word_1_107' title='bbox 1134 982 1174 1015; x_wconf 88' lang='lat' dir='ltr'>de</span> 
     </span>
     <span class='ocr_line' id='line_1_17' title="bbox 290 1025 1175 1075; baseline 0.007 -15"><span class='ocrx_word' id='word_1_108' title='bbox 290 1026 358 1069; x_wconf 84' lang='lat' dir='ltr'>ipsa</span> <span class='ocrx_word' id='word_1_109' title='bbox 379 1025 551 1071; x_wconf 73' lang='lat' dir='ltr'>cogitandi</span> <span class='ocrx_word' id='word_1_110' title='bbox 575 1028 671 1062; x_wconf 85' lang='lat' dir='ltr'>ferias</span> <span class='ocrx_word' id='word_1_111' title='bbox 693 1054 701 1061; x_wconf 85' lang='lat'>.</span> <span class='ocrx_word' id='word_1_112' title='bbox 730 1029 882 1065; x_wconf 74' lang='lat' dir='ltr'>Secundo</span> <span class='ocrx_word' id='word_1_113' title='bbox 903 1055 914 1071; x_wconf 91' lang='lat'>,</span> <span class='ocrx_word' id='word_1_114' title='bbox 941 1032 1030 1075; x_wconf 89' lang='lat' dir='ltr'>quod</span> <span class='ocrx_word' id='word_1_115' title='bbox 1054 1033 1089 1066; x_wconf 88' lang='lat' dir='ltr'>in</span> <span class='ocrx_word' id='word_1_116' title='bbox 1107 1031 1175 1073; x_wconf 83' lang='lat' dir='ltr'>ejus</span> 
     </span>
     <span class='ocr_line' id='line_1_18' title="bbox 289 1076 1173 1124; baseline 0.007 -15"><span class='ocrx_word' id='word_1_117' title='bbox 289 1076 430 1121; x_wconf 88' lang='lat' dir='ltr'>negotio</span> <span class='ocrx_word' id='word_1_118' title='bbox 452 1076 538 1118; x_wconf 80' lang='lat' dir='ltr'>nihil</span> <span class='ocrx_word' id='word_1_119' title='bbox 554 1076 667 1113; x_wconf 88' lang='lat' dir='ltr'>fecerit</span> <span class='ocrx_word' id='word_1_120' title='bbox 686 1079 746 1112; x_wconf 83' lang='lat' dir='ltr'>nifi</span> <span class='ocrx_word' id='word_1_121' title='bbox 768 1090 811 1113; x_wconf 86' lang='lat' dir='ltr'>ex</span> <span class='ocrx_word' id='word_1_122' title='bbox 833 1080 946 1124; x_wconf 82' lang='lat' dir='ltr'>praevia</span> <span class='ocrx_word' id='word_1_123' title='bbox 963 1080 1121 1114; x_wconf 82' lang='lat' dir='ltr'>relatione</span> <span class='ocrx_word' id='word_1_124' title='bbox 1132 1080 1173 1115; x_wconf 85' lang='lat' dir='ltr'>ad</span> 
     </span>
     <span class='ocr_line' id='line_1_19' title="bbox 287 1125 1172 1174; baseline 0.003 -12"><span class='ocrx_word' id='word_1_125' title='bbox 287 1126 406 1162; x_wconf 71' lang='lat' dir='ltr'>sedem</span> <span class='ocrx_word' id='word_1_126' title='bbox 429 1125 675 1169; x_wconf 80' lang='lat' dir='ltr'>Apostolicam.</span> <span class='ocrx_word' id='word_1_127' title='bbox 703 1128 807 1174; x_wconf 82' lang='lat' dir='ltr'>Qod</span> <span class='ocrx_word' id='word_1_128' title='bbox 818 1131 933 1164; x_wconf 85' lang='lat' dir='ltr'>omnia</span> <span class='ocrx_word' id='word_1_129' title='bbox 955 1129 1067 1163; x_wconf 87' lang='lat' dir='ltr'>fecerit</span> <span class='ocrx_word' id='word_1_130' title='bbox 1078 1130 1172 1173; x_wconf 84' lang='lat' dir='ltr'>juxta</span> 
     </span>
     <span class='ocr_line' id='line_1_20' title="bbox 284 1175 1171 1222; baseline 0.003 -10"><span class='ocrx_word' id='word_1_131' title='bbox 284 1175 355 1219; x_wconf 80' lang='lat' dir='ltr'>ejus</span> <span class='ocrx_word' id='word_1_132' title='bbox 376 1176 544 1221; x_wconf 76' lang='lat' dir='ltr'>Rescripta</span> <span class='ocrx_word' id='word_1_133' title='bbox 567 1202 574 1210; x_wconf 93' lang='lat'><em>.</em></span> <span class='ocrx_word' id='word_1_134' title='bbox 602 1177 721 1212; x_wconf 68' lang='lat' dir='ltr'>Tertio</span> <span class='ocrx_word' id='word_1_135' title='bbox 740 1202 752 1219; x_wconf 87' lang='lat'>‚</span> <span class='ocrx_word' id='word_1_136' title='bbox 778 1179 868 1222; x_wconf 83' lang='lat' dir='ltr'>quod</span> <span class='ocrx_word' id='word_1_137' title='bbox 886 1179 1114 1215; x_wconf 81' lang='lat' dir='ltr'>Maximianus</span> <span class='ocrx_word' id='word_1_138' title='bbox 1136 1181 1171 1215; x_wconf 91' lang='lat' dir='ltr'>in</span> 
     </span>
     <span class='ocr_line' id='line_1_21' title="bbox 285 1225 1172 1274; baseline 0.006 -14"><span class='ocrx_word' id='word_1_139' title='bbox 285 1225 480 1270; x_wconf 86' lang='lat' dir='ltr'>recipiendis</span> <span class='ocrx_word' id='word_1_140' title='bbox 498 1227 704 1263; x_wconf 85' lang='lat' dir='ltr'>Nestorianis</span> <span class='ocrx_word' id='word_1_141' title='bbox 729 1229 825 1263; x_wconf 82' lang='lat' dir='ltr'>fuerit</span> <span class='ocrx_word' id='word_1_142' title='bbox 843 1229 978 1271; x_wconf 88' lang='lat' dir='ltr'>durior,</span> <span class='ocrx_word' id='word_1_143' title='bbox 1003 1231 1094 1274; x_wconf 84' lang='lat' dir='ltr'>quod</span> <span class='ocrx_word' id='word_1_144' title='bbox 1106 1231 1172 1266; x_wconf 86' lang='lat' dir='ltr'>lau·</span> 
     </span>
     <span class='ocr_line' id='line_1_22' title="bbox 284 1276 1171 1325; baseline 0.007 -15"><span class='ocrx_word' id='word_1_145' title='bbox 284 1276 364 1311; x_wconf 87' lang='lat' dir='ltr'>dato</span> <span class='ocrx_word' id='word_1_146' title='bbox 377 1277 484 1319; x_wconf 62' lang='lat' dir='ltr'>Sanffii</span> <span class='ocrx_word' id='word_1_147' title='bbox 496 1276 655 1313; x_wconf 73' lang='lat' dir='ltr'>celestini</span> <span class='ocrx_word' id='word_1_148' title='bbox 667 1278 840 1323; x_wconf 86' lang='lat' dir='ltr'>Rescripto</span> <span class='ocrx_word' id='word_1_149' title='bbox 853 1291 923 1315; x_wconf 87' lang='lat' dir='ltr'>non</span> <span class='ocrx_word' id='word_1_150' title='bbox 935 1281 1083 1325; x_wconf 72' lang='lat' dir='ltr'>prompte</span> <span class='ocrx_word' id='word_1_151' title='bbox 1094 1281 1171 1316; x_wconf 79' lang='lat' dir='ltr'>obe·</span> 
     </span>
     <span class='ocr_line' id='line_1_23' title="bbox 280 1326 1170 1374; baseline 0.004 -12"><span class='ocrx_word' id='word_1_152' title='bbox 280 1326 381 1362; x_wconf 85' lang='lat' dir='ltr'>dierit</span> <span class='ocrx_word' id='word_1_153' title='bbox 394 1351 405 1368; x_wconf 91' lang='lat'>,</span> <span class='ocrx_word' id='word_1_154' title='bbox 431 1326 570 1371; x_wconf 85' lang='lat' dir='ltr'>ideoque</span> <span class='ocrx_word' id='word_1_155' title='bbox 588 1326 733 1364; x_wconf 79' lang='lat' dir='ltr'>debuerit</span> <span class='ocrx_word' id='word_1_156' title='bbox 755 1341 810 1374; x_wconf 87' lang='lat' dir='ltr'>per</span> <span class='ocrx_word' id='word_1_157' title='bbox 820 1329 1170 1367; x_wconf 80' lang='lat' dir='ltr'>succefforernSixtum</span> 
     </span>
     <span class='ocr_line' id='line_1_24' title="bbox 280 1377 1169 1428; baseline 0.003 -17"><span class='ocrx_word' id='word_1_158' title='bbox 280 1377 413 1411; x_wconf 87' lang='lat' dir='ltr'>moneri</span> <span class='ocrx_word' id='word_1_159' title='bbox 432 1378 607 1422; x_wconf 84' lang='lat' dir='ltr'>aliquoties</span> <span class='ocrx_word' id='word_1_160' title='bbox 628 1379 668 1418; x_wconf 79' lang='lat' dir='ltr'>ad</span> <span class='ocrx_word' id='word_1_161' title='bbox 690 1380 931 1428; x_wconf 71' lang='lat' dir='ltr'>clementiam,</span> <span class='ocrx_word' id='word_1_162' title='bbox 959 1393 998 1416; x_wconf 84' lang='lat' dir='ltr'>ac</span> <span class='ocrx_word' id='word_1_163' title='bbox 1021 1382 1169 1426; x_wconf 87' lang='lat' dir='ltr'>impelli.</span> 
     </span>
     <span class='ocr_line' id='line_1_25' title="bbox 278 1427 1170 1473; baseline 0.009 -14"><span class='ocrx_word' id='word_1_164' title='bbox 278 1427 412 1473; x_wconf 79' lang='lat' dir='ltr'>Qrtd</span> <span class='ocrx_word' id='word_1_165' title='bbox 435 1452 447 1468; x_wconf 88' lang='lat'><strong>,</strong></span> <span class='ocrx_word' id='word_1_166' title='bbox 473 1429 563 1472; x_wconf 87' lang='lat' dir='ltr'>quod</span> <span class='ocrx_word' id='word_1_167' title='bbox 585 1429 680 1463; x_wconf 88' lang='lat' dir='ltr'>istam</span> <span class='ocrx_word' id='word_1_168' title='bbox 707 1429 917 1467; x_wconf 85' lang='lat' dir='ltr'>clementiam</span> <span class='ocrx_word' id='word_1_169' title='bbox 940 1431 1051 1466; x_wconf 85' lang='lat' dir='ltr'>Sixtus</span> <span class='ocrx_word' id='word_1_170' title='bbox 1087 1430 1170 1467; x_wconf 67' lang='lat' dir='ltr'>adeo</span> 
     </span>
     <span class='ocr_line' id='line_1_26' title="bbox 276 1476 1168 1527; baseline 0.01 -18"><span class='ocrx_word' id='word_1_171' title='bbox 276 1476 523 1514; x_wconf 79' lang='lat' dir='ltr'>confirmaverit</span> <span class='ocrx_word' id='word_1_172' title='bbox 533 1502 545 1518; x_wconf 92' lang='lat'>,</span> <span class='ocrx_word' id='word_1_173' title='bbox 571 1487 608 1512; x_wconf 89' lang='lat' dir='ltr'>ut</span> <span class='ocrx_word' id='word_1_174' title='bbox 619 1486 744 1522; x_wconf 82' lang='lat' dir='ltr'>optaret</span> <span class='ocrx_word' id='word_1_175' title='bbox 754 1481 855 1523; x_wconf 75' lang='lat' dir='ltr'>perire</span> <span class='ocrx_word' id='word_1_176' title='bbox 865 1507 875 1523; x_wconf 89' lang='lat'><strong>,</strong></span> <span class='ocrx_word' id='word_1_177' title='bbox 902 1484 956 1516; x_wconf 85' lang='lat' dir='ltr'>seu</span> <span class='ocrx_word' id='word_1_178' title='bbox 968 1483 1004 1517; x_wconf 91' lang='lat' dir='ltr'>in</span> <span class='ocrx_word' id='word_1_179' title='bbox 1015 1480 1168 1527; x_wconf 82' lang='lat' dir='ltr'>degrada·</span> 
     </span>
     <span class='ocr_line' id='line_1_27' title="bbox 278 1525 1165 1572; baseline 0.007 -11"><span class='ocrx_word' id='word_1_180' title='bbox 278 1525 374 1561; x_wconf 72' lang='lat' dir='ltr'>tione</span> <span class='ocrx_word' id='word_1_181' title='bbox 395 1527 517 1566; x_wconf 87' lang='lat' dir='ltr'>firmari</span> <span class='ocrx_word' id='word_1_182' title='bbox 539 1527 648 1564; x_wconf 87' lang='lat' dir='ltr'>solum</span> <span class='ocrx_word' id='word_1_183' title='bbox 673 1528 865 1566; x_wconf 87' lang='lat' dir='ltr'>Nestorium</span> <span class='ocrx_word' id='word_1_184' title='bbox 880 1556 891 1572; x_wconf 90' lang='lat'>,</span> <span class='ocrx_word' id='word_1_185' title='bbox 918 1532 1003 1567; x_wconf 87' lang='lat' dir='ltr'>alios</span> <span class='ocrx_word' id='word_1_186' title='bbox 1024 1531 1165 1568; x_wconf 65' lang='lat' dir='ltr'>omnin&amp;</span> 
     </span>
     <span class='ocr_line' id='line_1_28' title="bbox 276 1578 1166 1618; baseline 0.007 -8"><span class='ocrx_word' id='word_1_187' title='bbox 276 1587 395 1611; x_wconf 86' lang='lat' dir='ltr'>omnes</span> <span class='ocrx_word' id='word_1_188' title='bbox 421 1578 512 1612; x_wconf 88' lang='lat' dir='ltr'>reddi</span> <span class='ocrx_word' id='word_1_189' title='bbox 539 1578 603 1612; x_wconf 86' lang='lat' dir='ltr'>suis</span> <span class='ocrx_word' id='word_1_190' title='bbox 623 1578 805 1615; x_wconf 87' lang='lat' dir='ltr'>honoribus</span> <span class='ocrx_word' id='word_1_191' title='bbox 828 1593 866 1616; x_wconf 85' lang='lat' dir='ltr'>ac</span> <span class='ocrx_word' id='word_1_192' title='bbox 887 1582 1027 1618; x_wconf 82' lang='lat' dir='ltr'>Sedibus</span> <span class='ocrx_word' id='word_1_193' title='bbox 1051 1609 1058 1616; x_wconf 93' lang='lat'>.</span> <span class='ocrx_word' id='word_1_194' title='bbox 1085 1583 1166 1617; x_wconf 77' lang='lat' dir='ltr'>Haec</span> 
     </span>
     <span class='ocr_line' id='line_1_29' title="bbox 278 1626 1166 1678; baseline 0.008 -18"><span class='ocrx_word' id='word_1_195' title='bbox 278 1626 388 1660; x_wconf 83' lang='lat' dir='ltr'>scribit</span> <span class='ocrx_word' id='word_1_196' title='bbox 410 1627 449 1660; x_wconf 87' lang='lat' dir='ltr'>ad</span> <span class='ocrx_word' id='word_1_197' title='bbox 463 1628 615 1663; x_wconf 67' lang='lat' dir='ltr'>Sanssum</span> <span class='ocrx_word' id='word_1_198' title='bbox 634 1628 802 1671; x_wconf 85' lang='lat' dir='ltr'>Cyrillum</span> <span class='ocrx_word' id='word_1_199' title='bbox 821 1632 963 1666; x_wconf 72' lang='lat' dir='ltr'>omniuo</span> <span class='ocrx_word' id='word_1_200' title='bbox 981 1645 1040 1678; x_wconf 88' lang='lat' dir='ltr'>pro</span> <span class='ocrx_word' id='word_1_201' title='bbox 1059 1633 1166 1667; x_wconf 90' lang='lat' dir='ltr'>Doro-</span> 
     </span>
     <span class='ocr_line' id='line_1_30' title="bbox 277 1675 1167 1727; baseline 0.006 -15"><span class='ocrx_word' id='word_1_202' title='bbox 277 1675 382 1717; x_wconf 81' lang='lat' dir='ltr'>theo,</span> <span class='ocrx_word' id='word_1_203' title='bbox 407 1676 591 1718; x_wconf 73' lang='lat' dir='ltr'>Eutherio,</span> <span class='ocrx_word' id='word_1_204' title='bbox 617 1679 803 1721; x_wconf 81' lang='lat' dir='ltr'>Helladio,</span> <span class='ocrx_word' id='word_1_205' title='bbox 831 1693 870 1715; x_wconf 82' lang='lat' dir='ltr'>ac</span> <span class='ocrx_word' id='word_1_206' title='bbox 880 1681 1056 1724; x_wconf 84' lang='lat' dir='ltr'>Himerio,</span> <span class='ocrx_word' id='word_1_207' title='bbox 1084 1694 1167 1727; x_wconf 90' lang='lat' dir='ltr'>quos</span> 
     </span>
     <span class='ocr_line' id='line_1_31' title="bbox 275 1726 1165 1775; baseline 0.006 -12"><span class='ocrx_word' id='word_1_208' title='bbox 275 1726 426 1770; x_wconf 78' lang='lat' dir='ltr'>Cyrinus</span> <span class='ocrx_word' id='word_1_209' title='bbox 435 1727 751 1771; x_wconf 68' lang='lat' dir='ltr'>apaceexcluserat.</span> <span class='ocrx_word' id='word_1_210' title='bbox 779 1731 870 1775; x_wconf 90' lang='lat' dir='ltr'>Ipsos</span> <span class='ocrx_word' id='word_1_211' title='bbox 882 1731 1039 1767; x_wconf 86' lang='lat' dir='ltr'>Pontifex</span> <span class='ocrx_word' id='word_1_212' title='bbox 1053 1758 1064 1774; x_wconf 91' lang='lat'>‚</span> <span class='ocrx_word' id='word_1_213' title='bbox 1087 1734 1165 1769; x_wconf 89' lang='lat' dir='ltr'>licet</span> 
     </span>
     <span class='ocr_line' id='line_1_32' title="bbox 274 1777 1164 1825; baseline 0.008 -17"><span class='ocrx_word' id='word_1_214' title='bbox 274 1786 345 1812; x_wconf 82' lang='lat' dir='ltr'>non</span> <span class='ocrx_word' id='word_1_215' title='bbox 372 1777 536 1820; x_wconf 84' lang='lat' dir='ltr'>exprimat</span> <span class='ocrx_word' id='word_1_216' title='bbox 562 1777 698 1815; x_wconf 84' lang='lat' dir='ltr'>nomina</span> <span class='ocrx_word' id='word_1_217' title='bbox 724 1803 736 1818; x_wconf 90' lang='lat'>‚</span> <span class='ocrx_word' id='word_1_218' title='bbox 776 1781 988 1815; x_wconf 86' lang='lat' dir='ltr'>commendat</span> <span class='ocrx_word' id='word_1_219' title='bbox 1014 1783 1164 1825; x_wconf 77' lang='lat' dir='ltr'>admitti.</span> 
     </span>
     <span class='ocr_line' id='line_1_33' title="bbox 272 1825 1165 1872; baseline 0.009 -13"><span class='ocrx_word' id='word_1_220' title='bbox 272 1825 454 1862; x_wconf 79' lang='lat' dir='ltr'>Praescrtim</span> <span class='ocrx_word' id='word_1_221' title='bbox 482 1825 678 1862; x_wconf 87' lang='lat' dir='ltr'>Eutherium</span> <span class='ocrx_word' id='word_1_222' title='bbox 699 1839 737 1862; x_wconf 83' lang='lat' dir='ltr'>ac</span> <span class='ocrx_word' id='word_1_223' title='bbox 754 1828 970 1872; x_wconf 71' lang='lat' dir='ltr'>Helladium,</span> <span class='ocrx_word' id='word_1_224' title='bbox 999 1831 1103 1868; x_wconf 81' lang='lat' dir='ltr'>Ratio</span> <span class='ocrx_word' id='word_1_225' title='bbox 1115 1832 1165 1867; x_wconf 81' lang='lat' dir='ltr'>de·</span> 
     </span>
     <span class='ocr_line' id='line_1_34' title="bbox 275 1874 688 1916; baseline 0.007 -6"><span class='ocrx_word' id='word_1_226' title='bbox 275 1874 511 1916; x_wconf 84' lang='lat' dir='ltr'>monstrabitur</span> <span class='ocrx_word' id='word_1_227' title='bbox 530 1876 666 1913; x_wconf 73' lang='lat' dir='ltr'>inferius</span> <span class='ocrx_word' id='word_1_228' title='bbox 681 1902 688 1912; x_wconf 84' lang='lat'>.</span> 
     </span>
     <span class='ocr_line' id='line_1_35' title="bbox 324 1926 1164 1969; baseline 0.011 -9"><span class='ocrx_word' id='word_1_229' title='bbox 324 1926 443 1963; x_wconf 87' lang='lat' dir='ltr'>Tertia</span> <span class='ocrx_word' id='word_1_230' title='bbox 466 1930 626 1965; x_wconf 87' lang='lat' dir='ltr'>memoria</span> <span class='ocrx_word' id='word_1_231' title='bbox 651 1942 690 1969; x_wconf 83' lang='lat' dir='ltr'>ac</span> <span class='ocrx_word' id='word_1_232' title='bbox 709 1931 888 1968; x_wconf 84' lang='lat' dir='ltr'>elucidatio</span> <span class='ocrx_word' id='word_1_233' title='bbox 918 1933 964 1968; x_wconf 81' lang='lat' dir='ltr'>est</span> <span class='ocrx_word' id='word_1_234' title='bbox 992 1934 1026 1968; x_wconf 89' lang='lat' dir='ltr'>in</span> <span class='ocrx_word' id='word_1_235' title='bbox 1048 1933 1164 1969; x_wconf 83' lang='lat' dir='ltr'>litteris</span> 
     </span>
     <span class='ocr_line' id='line_1_36' title="bbox 275 1978 1163 2028; baseline 0.007 -15"><span class='ocrx_word' id='word_1_236' title='bbox 275 1979 384 2013; x_wconf 72' lang='lat' dir='ltr'>Sansti</span> <span class='ocrx_word' id='word_1_237' title='bbox 406 1978 526 2022; x_wconf 87' lang='lat' dir='ltr'>Cyrilli</span> <span class='ocrx_word' id='word_1_238' title='bbox 549 1979 589 2013; x_wconf 89' lang='lat' dir='ltr'>ad</span> <span class='ocrx_word' id='word_1_239' title='bbox 615 1979 776 2016; x_wconf 81' lang='lat' dir='ltr'>Acacium</span> <span class='ocrx_word' id='word_1_240' title='bbox 802 1984 1051 2019; x_wconf 88' lang='lat' dir='ltr'>Melitinensem</span> <span class='ocrx_word' id='word_1_241' title='bbox 1089 1985 1163 2028; x_wconf 89' lang='lat' dir='ltr'>Epi-</span> 
     </span>
     <span class='ocr_line' id='line_1_37' title="bbox 275 2028 1162 2074; baseline 0.003 -10"><span class='ocrx_word' id='word_1_242' title='bbox 275 2029 410 2073; x_wconf 82' lang='lat' dir='ltr'>scopum</span> <span class='ocrx_word' id='word_1_243' title='bbox 423 2040 434 2061; x_wconf 89' lang='grc'>.·</span> <span class='ocrx_word' id='word_1_244' title='bbox 461 2028 690 2073; x_wconf 80' lang='lat' dir='ltr'>Religiofifflmus</span> <span class='ocrx_word' id='word_1_245' title='bbox 702 2035 868 2072; x_wconf 80' lang='lat' dir='ltr'>Imperator</span> <span class='ocrx_word' id='word_1_246' title='bbox 880 2055 892 2071; x_wconf 89' lang='lat'>‚</span> <span class='ocrx_word' id='word_1_247' title='bbox 913 2035 994 2074; x_wconf 85' lang='lat' dir='ltr'>quod</span> <span class='ocrx_word' id='word_1_248' title='bbox 997 2034 1162 2073; x_wconf 82' lang='lat' dir='ltr'>plurimam</span> 
     </span>
     <span class='ocr_line' id='line_1_38' title="bbox 275 2079 1163 2126; baseline 0.001 -12"><span class='ocrx_word' id='word_1_249' title='bbox 275 2079 457 2115; x_wconf 60' lang='lat' dir='ltr'>Sanctarum</span> <span class='ocrx_word' id='word_1_250' title='bbox 479 2079 675 2120; x_wconf 83' lang='lat' dir='ltr'>Ecclefiarum</span> <span class='ocrx_word' id='word_1_251' title='bbox 694 2090 796 2113; x_wconf 87' lang='lat' dir='ltr'>curam</span> <span class='ocrx_word' id='word_1_252' title='bbox 808 2090 926 2124; x_wconf 81' lang='lat' dir='ltr'>gereret</span> <span class='ocrx_word' id='word_1_253' title='bbox 938 2105 949 2121; x_wconf 91' lang='lat'><strong>,</strong></span> <span class='ocrx_word' id='word_1_254' title='bbox 975 2083 1094 2115; x_wconf 79' lang='lat' dir='ltr'>illarum</span> <span class='ocrx_word' id='word_1_255' title='bbox 1105 2082 1163 2126; x_wconf 71' lang='lat' dir='ltr'>dis-</span> 
     </span>
     <span class='ocr_line' id='line_1_39' title="bbox 273 2128 1162 2176; baseline 0.004 -14"><span class='ocrx_word' id='word_1_256' title='bbox 273 2128 429 2173; x_wconf 76' lang='lat' dir='ltr'>[enfionem</span> <span class='ocrx_word' id='word_1_257' title='bbox 439 2129 652 2163; x_wconf 76' lang='lat' dir='ltr'>intolerabilem</span> <span class='ocrx_word' id='word_1_258' title='bbox 679 2131 852 2164; x_wconf 81' lang='lat' dir='ltr'>indicabat.</span> <span class='ocrx_word' id='word_1_259' title='bbox 880 2132 930 2163; x_wconf 83' lang='lat' dir='ltr'>Ad</span> <span class='ocrx_word' id='word_1_260' title='bbox 935 2129 968 2174; x_wconf 80' lang='lat' dir='ltr'>se</span> <span class='ocrx_word' id='word_1_261' title='bbox 989 2135 1054 2176; x_wconf 71' lang='lat' dir='ltr'>ergo</span> <span class='ocrx_word' id='word_1_262' title='bbox 1069 2143 1162 2166; x_wconf 83' lang='lat' dir='ltr'>accer-</span> 
     </span>
     <span class='ocr_line' id='line_1_40' title="bbox 272 2179 1161 2225; baseline 0.006 -14"><span class='ocrx_word' id='word_1_263' title='bbox 272 2179 346 2224; x_wconf 87' lang='lat' dir='ltr'>sens</span> <span class='ocrx_word' id='word_1_264' title='bbox 369 2179 649 2218; x_wconf 77' lang='lat' dir='ltr'>Reverendiyfimum</span> <span class='ocrx_word' id='word_1_265' title='bbox 663 2179 998 2223; x_wconf 81' lang='lat' dir='ltr'>Constantinopolitanae</span> <span class='ocrx_word' id='word_1_266' title='bbox 1026 2182 1161 2225; x_wconf 82' lang='lat' dir='ltr'>Ecclefiae</span> 
     </span>
     <span class='ocr_line' id='line_1_41' title="bbox 274 2229 1162 2275; baseline 0.006 -14"><span class='ocrx_word' id='word_1_267' title='bbox 274 2229 458 2272; x_wconf 70' lang='lat' dir='ltr'>Episcopum</span> <span class='ocrx_word' id='word_1_268' title='bbox 470 2231 691 2261; x_wconf 73' lang='lat' dir='ltr'>Maximianum</span> <span class='ocrx_word' id='word_1_269' title='bbox 702 2252 713 2268; x_wconf 91' lang='lat'>‚</span> <span class='ocrx_word' id='word_1_270' title='bbox 739 2240 776 2263; x_wconf 88' lang='lat' dir='ltr'>ac</span> <span class='ocrx_word' id='word_1_271' title='bbox 783 2230 858 2263; x_wconf 73' lang='lat' dir='ltr'>alios</span> <span class='ocrx_word' id='word_1_272' title='bbox 882 2241 940 2263; x_wconf 90' lang='lat' dir='ltr'>non</span> <span class='ocrx_word' id='word_1_273' title='bbox 950 2239 1062 2273; x_wconf 87' lang='lat' dir='ltr'>paucos</span> <span class='ocrx_word' id='word_1_274' title='bbox 1072 2256 1084 2272; x_wconf 94' lang='lat'>,</span> <span class='ocrx_word' id='word_1_275' title='bbox 1109 2237 1162 2275; x_wconf 82' lang='lat' dir='ltr'>qui</span> 
     </span>
     <span class='ocr_line' id='line_1_42' title="bbox 273 2279 1162 2324; baseline 0.003 -12"><span class='ocrx_word' id='word_1_276' title='bbox 273 2287 330 2322; x_wconf 83' lang='lat' dir='ltr'>pro</span> <span class='ocrx_word' id='word_1_277' title='bbox 342 2286 472 2321; x_wconf 85' lang='lat' dir='ltr'>tempore</span> <span class='ocrx_word' id='word_1_278' title='bbox 495 2279 606 2312; x_wconf 82' lang='lat' dir='ltr'>ibidem</span> <span class='ocrx_word' id='word_1_279' title='bbox 627 2280 902 2321; x_wconf 84' lang='lat' dir='ltr'>comperiebantur‚</span> <span class='ocrx_word' id='word_1_280' title='bbox 922 2279 1002 2324; x_wconf 71' lang='lat' dir='ltr'>serio</span> <span class='ocrx_word' id='word_1_281' title='bbox 1026 2283 1162 2316; x_wconf 84' lang='lat' dir='ltr'>cumillis</span> 
     </span>
     <span class='ocr_line' id='line_1_43' title="bbox 275 2327 1163 2373; baseline 0.003 -10"><span class='ocrx_word' id='word_1_282' title='bbox 275 2327 482 2372; x_wconf 82' lang='lat' dir='ltr'>consultabat,</span> <span class='ocrx_word' id='word_1_283' title='bbox 509 2341 637 2372; x_wconf 87' lang='lat' dir='ltr'>quonam</span> <span class='ocrx_word' id='word_1_284' title='bbox 656 2330 749 2372; x_wconf 63' lang='lat' dir='ltr'>pauo</span> <span class='ocrx_word' id='word_1_285' title='bbox 758 2330 956 2373; x_wconf 75' lang='lat' dir='ltr'>Eoelefiarum</span> <span class='ocrx_word' id='word_1_286' title='bbox 977 2332 1125 2371; x_wconf 80' lang='lat' dir='ltr'>diffidium</span> <span class='ocrx_word' id='word_1_287' title='bbox 1146 2334 1163 2366; x_wconf 78' lang='grc' dir='ltr'><em>ἒ</em></span> 
     </span>
     <span class='ocr_line' id='line_1_44' title="bbox 277 2380 1166 2422; baseline 0.002 -10"><span class='ocrx_word' id='word_1_288' title='bbox 277 2380 373 2412; x_wconf 82' lang='lat' dir='ltr'>medio</span> <span class='ocrx_word' id='word_1_289' title='bbox 394 2381 478 2420; x_wconf 79' lang='lat' dir='ltr'>tolli,</span> <span class='ocrx_word' id='word_1_290' title='bbox 505 2384 742 2422; x_wconf 76' lang='lat' dir='ltr'>Di‘vt’norumque</span> <span class='ocrx_word' id='word_1_291' title='bbox 761 2380 958 2420; x_wconf 67' lang='lat' dir='ltr'>Mystes-iorum</span> <span class='ocrx_word' id='word_1_292' title='bbox 970 2381 1101 2421; x_wconf 72' lang='lat' dir='ltr'>Ministri</span> <span class='ocrx_word' id='word_1_293' title='bbox 1121 2382 1166 2414; x_wconf 85' lang='lat' dir='ltr'>ad</span> 
     </span>
     <span class='ocr_line' id='line_1_45' title="bbox 276 2429 1161 2473; baseline 0.003 -10"><span class='ocrx_word' id='word_1_294' title='bbox 276 2431 459 2463; x_wconf 77' lang='lat' dir='ltr'>concordiam</span> <span class='ocrx_word' id='word_1_295' title='bbox 480 2429 628 2471; x_wconf 74' lang='lat' dir='ltr'>&amp;pacem</span> <span class='ocrx_word' id='word_1_296' title='bbox 642 2430 753 2473; x_wconf 71' lang='lat' dir='ltr'>peffent</span> <span class='ocrx_word' id='word_1_297' title='bbox 777 2431 873 2473; x_wconf 68' lang='lat' dir='ltr'>redigt·</span> <span class='ocrx_word' id='word_1_298' title='bbox 892 2455 898 2463; x_wconf 96' lang='lat'>.</span> <span class='ocrx_word' id='word_1_299' title='bbox 932 2431 982 2464; x_wconf 82' lang='lat' dir='ltr'>Illi</span> <span class='ocrx_word' id='word_1_300' title='bbox 1004 2434 1074 2464; x_wconf 65' lang='lat' dir='ltr'>vero</span> <span class='ocrx_word' id='word_1_301' title='bbox 1105 2443 1161 2466; x_wconf 88' lang='lat' dir='ltr'>non</span> 
     </span>
     <span class='ocr_line' id='line_1_46' title="bbox 274 2479 1161 2523; baseline 0.002 -9"><span class='ocrx_word' id='word_1_302' title='bbox 274 2482 368 2514; x_wconf 85' lang='lat' dir='ltr'>aliter</span> <span class='ocrx_word' id='word_1_303' title='bbox 377 2481 414 2512; x_wconf 85' lang='lat' dir='ltr'>id</span> <span class='ocrx_word' id='word_1_304' title='bbox 423 2491 556 2522; x_wconf 83' lang='lat' dir='ltr'>unquam</span> <span class='ocrx_word' id='word_1_305' title='bbox 563 2479 630 2522; x_wconf 82' lang='lat' dir='ltr'>fieri</span> <span class='ocrx_word' id='word_1_306' title='bbox 638 2479 712 2523; x_wconf 83' lang='lat' dir='ltr'>poffe</span> <span class='ocrx_word' id='word_1_307' title='bbox 724 2506 735 2522; x_wconf 95' lang='lat'>,</span> <span class='ocrx_word' id='word_1_308' title='bbox 761 2491 854 2523; x_wconf 83' lang='lat' dir='ltr'>neque</span> <span class='ocrx_word' id='word_1_309' title='bbox 860 2481 950 2522; x_wconf 74' lang='lat' dir='ltr'>prius</span> <span class='ocrx_word' id='word_1_310' title='bbox 973 2482 1039 2514; x_wconf 86' lang='lat' dir='ltr'>illos</span> <span class='ocrx_word' id='word_1_311' title='bbox 1049 2486 1087 2515; x_wconf 84' lang='lat' dir='ltr'>in</span> <span class='ocrx_word' id='word_1_312' title='bbox 1098 2493 1161 2516; x_wconf 85' lang='lat' dir='ltr'>con-</span> 
     </span>
     <span class='ocr_line' id='line_1_47' title="bbox 276 2530 1162 2572; baseline 0.001 -9"><span class='ocrx_word' id='word_1_313' title='bbox 276 2531 407 2564; x_wconf 76' lang='lat' dir='ltr'>cordiam</span> <span class='ocrx_word' id='word_1_314' title='bbox 433 2539 577 2563; x_wconf 82' lang='lat' dir='ltr'>venturos</span> <span class='ocrx_word' id='word_1_315' title='bbox 601 2530 723 2571; x_wconf 73' lang='lat' dir='ltr'>aiebant</span> <span class='ocrx_word' id='word_1_316' title='bbox 746 2555 757 2571; x_wconf 89' lang='lat'>‚</span> <span class='ocrx_word' id='word_1_317' title='bbox 784 2542 875 2572; x_wconf 86' lang='lat' dir='ltr'>quam</span> <span class='ocrx_word' id='word_1_318' title='bbox 895 2536 1108 2564; x_wconf 80' lang='lat' dir='ltr'>unanimitatis</span> <span class='ocrx_word' id='word_1_319' title='bbox 1127 2534 1162 2567; x_wconf 60' lang='grc' dir='ltr'><em>Θ</em></span> 
     </span>
     <span class='ocr_line' id='line_1_48' title="bbox 277 2578 1166 2624; baseline 0.002 -11"><span class='ocrx_word' id='word_1_320' title='bbox 277 2578 408 2622; x_wconf 77' lang='lat' dir='ltr'>consonae</span> <span class='ocrx_word' id='word_1_321' title='bbox 424 2579 499 2621; x_wconf 81' lang='lat' dir='ltr'>fidel</span> <span class='ocrx_word' id='word_1_322' title='bbox 518 2581 671 2612; x_wconf 86' lang='lat' dir='ltr'>vinculum</span> <span class='ocrx_word' id='word_1_323' title='bbox 696 2584 742 2611; x_wconf 80' lang='lat' dir='ltr'>ita</span> <span class='ocrx_word' id='word_1_324' title='bbox 767 2579 964 2622; x_wconf 82' lang='lat' dir='ltr'>praefulgeret</span> <span class='ocrx_word' id='word_1_325' title='bbox 988 2603 1000 2620; x_wconf 88' lang='lat'>,</span> <span class='ocrx_word' id='word_1_326' title='bbox 1027 2582 1062 2614; x_wconf 56' lang='grc' dir='ltr'>(θ’</span> <span class='ocrx_word' id='word_1_327' title='bbox 1084 2581 1166 2624; x_wconf 79' lang='lat' dir='ltr'>quafi</span> 
     </span>
     <span class='ocr_line' id='line_1_49' title="bbox 274 2629 1157 2673; baseline 0.002 -10"><span class='ocrx_word' id='word_1_328' title='bbox 274 2629 492 2673; x_wconf 60' lang='lat' dir='ltr'>praeferretur:</span> <span class='ocrx_word' id='word_1_329' title='bbox 522 2632 569 2663; x_wconf 85' lang='lat' dir='ltr'>Et</span> <span class='ocrx_word' id='word_1_330' title='bbox 589 2636 716 2669; x_wconf 73' lang='lat' dir='ltr'>oportere</span> <span class='ocrx_word' id='word_1_331' title='bbox 734 2629 859 2670; x_wconf 79' lang='lat' dir='ltr'>ajebant</span> <span class='ocrx_word' id='word_1_332' title='bbox 871 2652 883 2668; x_wconf 87' lang='lat'>,</span> <span class='ocrx_word' id='word_1_333' title='bbox 909 2637 943 2661; x_wconf 82' lang='lat' dir='ltr'>ut</span> <span class='ocrx_word' id='word_1_334' title='bbox 960 2632 1157 2670; x_wconf 76' lang='lat' dir='ltr'>pientiffimus</span> 
     </span>
     <span class='ocr_line' id='line_1_50' title="bbox 274 2678 1160 2726; baseline 0.002 -15"><span class='ocrx_word' id='word_1_335' title='bbox 274 2683 418 2726; x_wconf 84' lang='lat' dir='ltr'>Joannes</span> <span class='ocrx_word' id='word_1_336' title='bbox 442 2678 640 2711; x_wconf 82' lang='lat' dir='ltr'>Antiochenus</span> <span class='ocrx_word' id='word_1_337' title='bbox 664 2678 940 2713; x_wconf 80' lang='lat' dir='ltr'>anathematizaret</span> <span class='ocrx_word' id='word_1_338' title='bbox 951 2679 1082 2720; x_wconf 80' lang='lat' dir='ltr'>Nestorii</span> <span class='ocrx_word' id='word_1_339' title='bbox 1094 2683 1160 2724; x_wconf 88' lang='lat' dir='ltr'>dog-</span> 
     </span>
     <span class='ocr_line' id='line_1_51' title="bbox 279 2728 1161 2772; baseline 0.002 -10"><span class='ocrx_word' id='word_1_340' title='bbox 279 2737 387 2769; x_wconf 81' lang='lat' dir='ltr'>mata,</span> <span class='ocrx_word' id='word_1_341' title='bbox 414 2729 534 2762; x_wconf 79' lang='lat' dir='ltr'>acillius</span> <span class='ocrx_word' id='word_1_342' title='bbox 545 2728 747 2771; x_wconf 81' lang='lat' dir='ltr'>depofitionem</span> <span class='ocrx_word' id='word_1_343' title='bbox 756 2733 870 2772; x_wconf 77' lang='lat' dir='ltr'>scripto</span> <span class='ocrx_word' id='word_1_344' title='bbox 878 2729 1056 2771; x_wconf 83' lang='lat' dir='ltr'>approbaret</span> <span class='ocrx_word' id='word_1_345' title='bbox 1067 2754 1074 2763; x_wconf 85' lang='lat'>.</span> <span class='ocrx_word' id='word_1_346' title='bbox 1101 2735 1161 2765; x_wconf 80' lang='lat' dir='ltr'>Hoc</span> 
     </span>
     <span class='ocr_line' id='line_1_52' title="bbox 279 2778 1160 2827; baseline 0.002 -14"><span class='ocrx_word' id='word_1_347' title='bbox 279 2787 380 2813; x_wconf 87' lang='lat' dir='ltr'>autem</span> <span class='ocrx_word' id='word_1_348' title='bbox 399 2778 439 2812; x_wconf 82' lang='lat' dir='ltr'>ab</span> <span class='ocrx_word' id='word_1_349' title='bbox 461 2779 513 2812; x_wconf 89' lang='lat' dir='ltr'>illo</span> <span class='ocrx_word' id='word_1_350' title='bbox 539 2784 696 2827; x_wconf 80' lang='lat' dir='ltr'>impetrato</span> <span class='ocrx_word' id='word_1_351' title='bbox 720 2778 899 2823; x_wconf 76' lang='lat' dir='ltr'>Episcopum</span> <span class='ocrx_word' id='word_1_352' title='bbox 922 2781 1160 2815; x_wconf 80' lang='lat' dir='ltr'>Alexandrinum</span> 
     </span>
     <span class='ocr_line' id='line_1_53' title="bbox 275 2827 1162 2874; baseline 0.003 -12"><span class='ocrx_word' id='word_1_353' title='bbox 275 2835 424 2873; x_wconf 78' lang='lat' dir='ltr'>privatas</span> <span class='ocrx_word' id='word_1_354' title='bbox 446 2827 609 2869; x_wconf 71' lang='lat' dir='ltr'>offlnfiones</span> <span class='ocrx_word' id='word_1_355' title='bbox 628 2830 767 2863; x_wconf 78' lang='lat' dir='ltr'>oblivioni</span> <span class='ocrx_word' id='word_1_356' title='bbox 785 2832 989 2874; x_wconf 70' lang='lat' dir='ltr'>traditurum,</span> <span class='ocrx_word' id='word_1_357' title='bbox 1015 2832 1050 2865; x_wconf 59' lang='grc' dir='ltr'>(ν</span> <span class='ocrx_word' id='word_1_358' title='bbox 1063 2840 1162 2865; x_wconf 87' lang='lat' dir='ltr'>contu-</span> 
     </span>
     <span class='ocr_line' id='line_1_54' title="bbox 280 2879 1160 2925; baseline 0 -10"><span class='ocrx_word' id='word_1_359' title='bbox 280 2879 387 2915; x_wconf 67' lang='lat' dir='ltr'>melias</span> <span class='ocrx_word' id='word_1_360' title='bbox 410 2903 421 2919; x_wconf 89' lang='lat'>‚</span> <span class='ocrx_word' id='word_1_361' title='bbox 447 2880 514 2913; x_wconf 85' lang='lat' dir='ltr'>licet</span> <span class='ocrx_word' id='word_1_362' title='bbox 534 2881 714 2922; x_wconf 81' lang='lat' dir='ltr'>graviffimae</span> <span class='ocrx_word' id='word_1_363' title='bbox 745 2883 779 2915; x_wconf 57' lang='grc' dir='ltr'>(Ψ</span> <span class='ocrx_word' id='word_1_364' title='bbox 803 2885 947 2915; x_wconf 83' lang='lat' dir='ltr'>maximae</span> <span class='ocrx_word' id='word_1_365' title='bbox 969 2879 1160 2925; x_wconf 78' lang='lat' dir='ltr'>exstitissent,</span> 
     </span>
     <span class='ocr_line' id='line_1_55' title="bbox 282 2928 1162 2973; baseline 0.003 -11"><span class='ocrx_word' id='word_1_366' title='bbox 282 2941 357 2971; x_wconf 81' lang='lat' dir='ltr'>quas</span> <span class='ocrx_word' id='word_1_367' title='bbox 370 2932 399 2960; x_wconf 87' lang='lat' dir='ltr'>E</span> <span class='ocrx_word' id='word_1_368' title='bbox 399 2928 484 2971; x_wconf 85' lang='lat' dir='ltr'>phefi</span> <span class='ocrx_word' id='word_1_369' title='bbox 483 2931 633 2972; x_wconf 78' lang='lat' dir='ltr'>perpessus</span> <span class='ocrx_word' id='word_1_370' title='bbox 638 2930 746 2972; x_wconf 86' lang='lat' dir='ltr'>fuerat</span> <span class='ocrx_word' id='word_1_371' title='bbox 757 2955 769 2971; x_wconf 89' lang='lat'><strong>,</strong></span> <span class='ocrx_word' id='word_1_372' title='bbox 789 2939 912 2973; x_wconf 82' lang='lat' dir='ltr'>propter</span> <span class='ocrx_word' id='word_1_373' title='bbox 922 2930 1097 2964; x_wconf 84' lang='lat' dir='ltr'>charitatem</span> <span class='ocrx_word' id='word_1_374' title='bbox 1115 2937 1162 2965; x_wconf 87' lang='lat' dir='ltr'>ni·</span> 
     </span>
     <span class='ocr_line' id='line_1_56' title="bbox 282 2979 1161 3025; baseline 0.002 -11"><span class='ocrx_word' id='word_1_375' title='bbox 282 2979 514 3022; x_wconf 69' lang='lat' dir='ltr'>bilifac‘lurum.</span> <span class='ocrx_word' id='word_1_376' title='bbox 541 2984 620 3013; x_wconf 87' lang='lat' dir='ltr'>Cum</span> <span class='ocrx_word' id='word_1_377' title='bbox 641 2987 742 3024; x_wconf 80' lang='lat' dir='ltr'>itaque</span> <span class='ocrx_word' id='word_1_378' title='bbox 753 2979 974 3025; x_wconf 71' lang='lat' dir='ltr'>Religiost‘ffimus</span> <span class='ocrx_word' id='word_1_379' title='bbox 994 2986 1161 3023; x_wconf 84' lang='lat' dir='ltr'>Imperator</span> 
     </span>
     <span class='ocr_line' id='line_1_57' title="bbox 283 3030 1161 3074; baseline 0.002 -11"><span class='ocrx_word' id='word_1_380' title='bbox 283 3035 325 3063; x_wconf 81' lang='lat' dir='ltr'>et‘s</span> <span class='ocrx_word' id='word_1_381' title='bbox 337 3031 481 3073; x_wconf 78' lang='lat' dir='ltr'>assentiret</span> <span class='ocrx_word' id='word_1_382' title='bbox 493 3056 503 3071; x_wconf 92' lang='lat'><strong>,</strong></span> <span class='ocrx_word' id='word_1_383' title='bbox 531 3043 728 3074; x_wconf 84' lang='lat' dir='ltr'>magnamque</span> <span class='ocrx_word' id='word_1_384' title='bbox 743 3044 782 3066; x_wconf 79' lang='lat' dir='ltr'>ex</span> <span class='ocrx_word' id='word_1_385' title='bbox 804 3044 835 3066; x_wconf 85' lang='lat' dir='ltr'>eo</span> <span class='ocrx_word' id='word_1_386' title='bbox 851 3030 960 3073; x_wconf 83' lang='lat' dir='ltr'>confilio</span> <span class='ocrx_word' id='word_1_387' title='bbox 975 3033 1161 3074; x_wconf 85' lang='lat' dir='ltr'>voluptatem</span> 
     </span>
     <span class='ocr_line' id='line_1_58' title="bbox 252 3081 1162 3125; baseline 0.007 -15"><span class='ocrx_word' id='word_1_388' title='bbox 252 3108 254 3110; x_wconf 78' lang='grc'>,</span> <span class='ocrx_word' id='word_1_389' title='bbox 283 3088 419 3120; x_wconf 73' lang='lat' dir='ltr'>caperet,</span> <span class='ocrx_word' id='word_1_390' title='bbox 446 3081 542 3123; x_wconf 82' lang='lat' dir='ltr'>missus</span> <span class='ocrx_word' id='word_1_391' title='bbox 556 3082 612 3123; x_wconf 81' lang='lat' dir='ltr'>est,</span> <span class='ocrx_word' id='word_1_392' title='bbox 640 3089 691 3125; x_wconf 82' lang='lat' dir='ltr'>qui</span> <span class='ocrx_word' id='word_1_393' title='bbox 703 3082 754 3117; x_wconf 86' lang='lat' dir='ltr'>boc</span> <span class='ocrx_word' id='word_1_394' title='bbox 776 3081 872 3125; x_wconf 80' lang='lat' dir='ltr'>ipsum</span> <span class='ocrx_word' id='word_1_395' title='bbox 882 3081 1059 3124; x_wconf 83' lang='lat' dir='ltr'>perficeret,</span> <span class='ocrx_word' id='word_1_396' title='bbox 1081 3091 1162 3125; x_wconf 85' lang='lat' dir='ltr'>prae-</span> 
     </span>
     <span class='ocr_line' id='line_1_59' title="bbox 283 3128 1162 3176; baseline 0.011 -18"><span class='ocrx_word' id='word_1_397' title='bbox 283 3128 448 3168; x_wconf 80' lang='lat' dir='ltr'>clariffimus</span> <span class='ocrx_word' id='word_1_398' title='bbox 463 3131 612 3164; x_wconf 82' lang='lat' dir='ltr'>Tribunus</span> <span class='ocrx_word' id='word_1_399' title='bbox 630 3145 665 3166; x_wconf 86' lang='lat' dir='ltr'>ac</span> <span class='ocrx_word' id='word_1_400' title='bbox 674 3137 824 3166; x_wconf 84' lang='lat' dir='ltr'>Notarius</span> <span class='ocrx_word' id='word_1_401' title='bbox 839 3131 997 3172; x_wconf 74' lang='lat' dir='ltr'>Aristolaus</span> <span class='ocrx_word' id='word_1_402' title='bbox 1010 3157 1017 3164; x_wconf 91' lang='lat'><strong><em>.</em></strong></span> <span class='ocrx_word' id='word_1_403' title='bbox 1046 3133 1162 3176; x_wconf 85' lang='lat' dir='ltr'>ltaque</span> 
     </span>
     <span class='ocr_line' id='line_1_60' title="bbox 283 3176 1162 3223; baseline 0.011 -15"><span class='ocrx_word' id='word_1_404' title='bbox 283 3176 412 3211; x_wconf 84' lang='lat' dir='ltr'>laudata</span> <span class='ocrx_word' id='word_1_405' title='bbox 427 3179 582 3215; x_wconf 81' lang='lat' dir='ltr'>celestini</span> <span class='ocrx_word' id='word_1_406' title='bbox 597 3181 742 3223; x_wconf 85' lang='lat' dir='ltr'>Epistola</span> <span class='ocrx_word' id='word_1_407' title='bbox 754 3207 766 3223; x_wconf 92' lang='lat'><strong>,</strong></span> <span class='ocrx_word' id='word_1_408' title='bbox 792 3194 830 3217; x_wconf 88' lang='lat' dir='ltr'>ac</span> <span class='ocrx_word' id='word_1_409' title='bbox 842 3180 970 3216; x_wconf 84' lang='lat' dir='ltr'>laudata</span> <span class='ocrx_word' id='word_1_410' title='bbox 983 3182 1162 3218; x_wconf 75' lang='lat' dir='ltr'>maximia·-</span> 
     </span>
     <span class='ocr_line' id='line_1_61' title="bbox 287 3225 1162 3275; baseline 0.014 -19"><span class='ocrx_word' id='word_1_411' title='bbox 287 3225 322 3263; x_wconf 78' lang='lat' dir='ltr'>ni</span> <span class='ocrx_word' id='word_1_412' title='bbox 348 3226 499 3267; x_wconf 84' lang='lat' dir='ltr'>Synodus</span> <span class='ocrx_word' id='word_1_413' title='bbox 527 3228 720 3264; x_wconf 61' lang='lat' dir='ltr'>Theodosio</span> <span class='ocrx_word' id='word_1_414' title='bbox 740 3233 959 3275; x_wconf 86' lang='lat' dir='ltr'>persuaserunt</span> <span class='ocrx_word' id='word_1_415' title='bbox 984 3229 1049 3265; x_wconf 86' lang='lat' dir='ltr'>hoc</span> <span class='ocrx_word' id='word_1_416' title='bbox 1076 3233 1162 3275; x_wconf 84' lang='lat' dir='ltr'>pacis</span> 
     </span>
     <span class='ocr_line' id='line_1_62' title="bbox 285 3275 1162 3328; baseline 0.014 -21"><span class='ocrx_word' id='word_1_417' title='bbox 285 3275 429 3309; x_wconf 82' lang='lat' dir='ltr'>studium</span> <span class='ocrx_word' id='word_1_418' title='bbox 447 3300 458 3315; x_wconf 90' lang='lat'><em>,</em></span> <span class='ocrx_word' id='word_1_419' title='bbox 485 3278 519 3310; x_wconf 78' lang='grc' dir='ltr'>δε</span> <span class='ocrx_word' id='word_1_420' title='bbox 542 3279 678 3314; x_wconf 86' lang='lat' dir='ltr'>modum</span> <span class='ocrx_word' id='word_1_421' title='bbox 698 3283 952 3328; x_wconf 66' lang='lat' dir='ltr'>praescripserunt</span> <span class='ocrx_word' id='word_1_422' title='bbox 971 3305 980 3314; x_wconf 86' lang='lat'>.</span> <span class='ocrx_word' id='word_1_423' title='bbox 1007 3283 1162 3325; x_wconf 84' lang='lat' dir='ltr'>Synodus</span> 
     </span>
     <span class='ocr_line' id='line_1_63' title="bbox 286 3324 634 3371; baseline 0.011 -12"><span class='ocrx_word' id='word_1_424' title='bbox 286 3324 387 3367; x_wconf 67' lang='lat' dir='ltr'>hausit</span> <span class='ocrx_word' id='word_1_425' title='bbox 409 3338 450 3368; x_wconf 76' lang='lat' dir='ltr'>ex</span> <span class='ocrx_word' id='word_1_426' title='bbox 470 3325 634 3371; x_wconf 86' lang='lat' dir='ltr'>Epistola.</span> 
     </span>
    </p>
   </div>
   <div class='ocr_carea' id='block_1_3' title="bbox 1203 334 1239 2402">
    <p class='ocr_par' dir='ltr' id='par_1_3' title="bbox 1203 334 1239 2402">
     <span class='ocr_line' id='line_1_64' title="bbox 1215 334 1239 1097; baseline 2.125 -68"><span class='ocrx_word' id='word_1_427' title='bbox 1215 334 1239 1097; x_wconf 95' lang='lat' dir='ltr'>  </span> 
     </span>
     <span class='ocr_line' id='line_1_65' title="bbox 1203 1097 1230 2402; baseline 0 0"><span class='ocrx_word' id='word_1_428' title='bbox 1203 1097 1230 2402; x_wconf 95' lang='lat' dir='ltr'>    </span> 
     </span>
    </p>
   </div>
   <div class='ocr_carea' id='block_1_4' title="bbox 730 190 1701 257">
    <p class='ocr_par' dir='ltr' id='par_1_4' title="bbox 730 190 1701 257">
     <span class='ocr_line' id='line_1_66' title="bbox 730 190 1701 257; baseline 0.004 -13"><span class='ocrx_word' id='word_1_429' title='bbox 730 190 1066 246; x_wconf 46' lang='lat' dir='ltr'>vitatorium</span> <span class='ocrx_word' id='word_1_430' title='bbox 1101 197 1347 241; x_wconf 50' lang='lat' dir='ltr'>Parnon</span> <span class='ocrx_word' id='word_1_431' title='bbox 1379 196 1701 257; x_wconf 54' lang='lat' dir='ltr'>Ennomus</span> 
     </span>
    </p>
   </div>
   <div class='ocr_carea' id='block_1_5' title="bbox 1484 401 2126 472">
    <p class='ocr_par' dir='ltr' id='par_1_5' title="bbox 1484 401 2126 472">
     <span class='ocr_line' id='line_1_67' title="bbox 1484 401 2126 472; baseline -0.016 -13"><span class='ocrx_word' id='word_1_432' title='bbox 1484 402 1754 459; x_wconf 58' lang='lat' dir='ltr'>»CAPUT</span> <span class='ocrx_word' id='word_1_433' title='bbox 1802 407 1886 461; x_wconf 78' lang='lat' dir='ltr'>LI·</span> <span class='ocrx_word' id='word_1_434' title='bbox 1979 401 2126 472; x_wconf 55' lang='lat'>&#39;‘139-</span> 
     </span>
    </p>
   </div>
   <div class='ocr_carea' id='block_1_6' title="bbox 1242 599 2128 797">
    <p class='ocr_par' dir='ltr' id='par_1_6' title="bbox 1242 599 2128 797">
     <span class='ocr_line' id='line_1_68' title="bbox 1242 599 2128 672; baseline 0.012 -28"><span class='ocrx_word' id='word_1_435' title='bbox 1242 599 1576 672; x_wconf 52' lang='lat' dir='ltr'>&amp;pomiyesti&#39;cum</span> <span class='ocrx_word' id='word_1_436' title='bbox 1633 602 1871 669; x_wconf 77' lang='lat' dir='ltr'>Imperatoris</span> <span class='ocrx_word' id='word_1_437' title='bbox 1934 602 2128 672; x_wconf 67' lang='lat' dir='ltr'>Theodosii</span> 
     </span>
     <span class='ocr_line' id='line_1_69' title="bbox 1415 669 1953 749; baseline 0.013 -33"><span class='ocrx_word' id='word_1_438' title='bbox 1415 669 1473 724; x_wconf 65' lang='lat' dir='ltr'>,aci</span> <span class='ocrx_word' id='word_1_439' title='bbox 1507 675 1691 718; x_wconf 80' lang='lat' dir='ltr'>Acacium</span> <span class='ocrx_word' id='word_1_440' title='bbox 1725 671 1953 749; x_wconf 68' lang='lat' dir='ltr'>Epssopum</span> 
     </span>
     <span class='ocr_line' id='line_1_70' title="bbox 1488 740 1790 797; baseline 0.01 -9"><span class='ocrx_word' id='word_1_441' title='bbox 1488 760 1490 763; x_wconf 71' lang='grc'>’</span> <span class='ocrx_word' id='word_1_442' title='bbox 1583 740 1790 797; x_wconf 67' lang='lat' dir='ltr'>Derrhaeae,</span> 
     </span>
    </p>
   </div>
   <div class='ocr_carea' id='block_1_7' title="bbox 1227 928 2153 2067">
    <p class='ocr_par' dir='ltr' id='par_1_7' title="bbox 1227 928 2153 2067">
     <span class='ocr_line' id='line_1_71' title="bbox 1240 928 2122 1014; baseline 0.006 -46"><span class='ocrx_word' id='word_1_443' title='bbox 1240 928 1400 1014; x_wconf 86' lang='lat' dir='ltr'>Hoc</span> <span class='ocrx_word' id='word_1_444' title='bbox 1413 932 1476 967; x_wconf 86' lang='lat' dir='ltr'>fuit</span> <span class='ocrx_word' id='word_1_445' title='bbox 1498 932 1517 968; x_wconf 70' lang='grc' dir='ltr'>ὲ</span> <span class='ocrx_word' id='word_1_446' title='bbox 1538 934 1700 979; x_wconf 84' lang='lat' dir='ltr'>principio</span> <span class='ocrx_word' id='word_1_447' title='bbox 1723 943 1786 970; x_wconf 83' lang='lat' dir='ltr'>tuae</span> <span class='ocrx_word' id='word_1_448' title='bbox 1795 935 1998 973; x_wconf 87' lang='lat' dir='ltr'>Reverentiae</span> <span class='ocrx_word' id='word_1_449' title='bbox 2019 950 2122 984; x_wconf 87' lang='lat' dir='ltr'>opus,</span> 
     </span>
     <span class='ocr_line' id='line_1_72' title="bbox 1258 981 2122 1034; baseline 0.009 -17"><span class='ocrx_word' id='word_1_450' title='bbox 1258 1015 1261 1017; x_wconf 72' lang='grc'><strong>,</strong></span> <span class='ocrx_word' id='word_1_451' title='bbox 1373 993 1409 1018; x_wconf 94' lang='lat' dir='ltr'>ut</span> <span class='ocrx_word' id='word_1_452' title='bbox 1422 981 1638 1020; x_wconf 82' lang='lat' dir='ltr'>Orthodoxia</span> <span class='ocrx_word' id='word_1_453' title='bbox 1650 996 1794 1021; x_wconf 86' lang='lat' dir='ltr'>maneret</span> <span class='ocrx_word' id='word_1_454' title='bbox 1804 1011 1815 1028; x_wconf 92' lang='lat'>‚</span> <span class='ocrx_word' id='word_1_455' title='bbox 1840 986 1874 1020; x_wconf 87' lang='lat'>&amp;</span> <span class='ocrx_word' id='word_1_456' title='bbox 1887 987 2012 1032; x_wconf 85' lang='lat' dir='ltr'>insuper</span> <span class='ocrx_word' id='word_1_457' title='bbox 2024 1000 2122 1034; x_wconf 86' lang='lat' dir='ltr'>auge·</span> 
     </span>
     <span class='ocr_line' id='line_1_73' title="bbox 1238 1033 2125 1076; baseline 0.008 -10"><span class='ocrx_word' id='word_1_458' title='bbox 1238 1038 1343 1063; x_wconf 89' lang='lat' dir='ltr'>retur.</span> <span class='ocrx_word' id='word_1_459' title='bbox 1371 1033 1442 1076; x_wconf 88' lang='lat' dir='ltr'>Jam</span> <span class='ocrx_word' id='word_1_460' title='bbox 1451 1034 1540 1068; x_wconf 86' lang='lat' dir='ltr'>enim</span> <span class='ocrx_word' id='word_1_461' title='bbox 1564 1034 1686 1070; x_wconf 86' lang='lat' dir='ltr'>&amp;ante</span> <span class='ocrx_word' id='word_1_462' title='bbox 1707 1034 1772 1070; x_wconf 91' lang='lat' dir='ltr'>hoc</span> <span class='ocrx_word' id='word_1_463' title='bbox 1793 1046 1852 1070; x_wconf 89' lang='lat' dir='ltr'>tuo</span> <span class='ocrx_word' id='word_1_464' title='bbox 1872 1037 1985 1073; x_wconf 87' lang='lat' dir='ltr'>labore</span> <span class='ocrx_word' id='word_1_465' title='bbox 1997 1050 2035 1072; x_wconf 90' lang='lat' dir='ltr'>ac</span> <span class='ocrx_word' id='word_1_466' title='bbox 2049 1039 2125 1074; x_wconf 84' lang='lat' dir='ltr'>nisu</span> 
     </span>
     <span class='ocr_line' id='line_1_74' title="bbox 1240 1078 2123 1123; baseline 0.015 -12"><span class='ocrx_word' id='word_1_467' title='bbox 1240 1078 1364 1114; x_wconf 84' lang='lat' dir='ltr'>Divina</span> <span class='ocrx_word' id='word_1_468' title='bbox 1374 1082 1520 1117; x_wconf 85' lang='lat' dir='ltr'>membra</span> <span class='ocrx_word' id='word_1_469' title='bbox 1531 1083 1713 1118; x_wconf 85' lang='lat' dir='ltr'>Catholicae</span> <span class='ocrx_word' id='word_1_470' title='bbox 1722 1096 1761 1120; x_wconf 85' lang='lat' dir='ltr'>ac</span> <span class='ocrx_word' id='word_1_471' title='bbox 1771 1096 1850 1119; x_wconf 71' lang='lat' dir='ltr'>verm</span> <span class='ocrx_word' id='word_1_472' title='bbox 1862 1086 1938 1121; x_wconf 86' lang='lat' dir='ltr'>fidei</span> <span class='ocrx_word' id='word_1_473' title='bbox 1952 1087 2034 1123; x_wconf 71' lang='lat' dir='ltr'>bene</span> <span class='ocrx_word' id='word_1_474' title='bbox 2044 1100 2123 1123; x_wconf 85' lang='lat' dir='ltr'>con-</span> 
     </span>
     <span class='ocr_line' id='line_1_75' title="bbox 1237 1126 2125 1178; baseline 0.014 -17"><span class='ocrx_word' id='word_1_475' title='bbox 1237 1126 1347 1171; x_wconf 70' lang='lat' dir='ltr'>junna</span> <span class='ocrx_word' id='word_1_476' title='bbox 1360 1131 1435 1167; x_wconf 88' lang='lat' dir='ltr'>sunt</span> <span class='ocrx_word' id='word_1_477' title='bbox 1448 1155 1456 1164; x_wconf 94' lang='lat'><strong><em>.</em></strong></span> <span class='ocrx_word' id='word_1_478' title='bbox 1482 1132 1528 1166; x_wconf 84' lang='lat' dir='ltr'>Et</span> <span class='ocrx_word' id='word_1_479' title='bbox 1539 1131 1628 1167; x_wconf 81' lang='lat' dir='ltr'>nunc</span> <span class='ocrx_word' id='word_1_480' title='bbox 1648 1133 1725 1175; x_wconf 91' lang='lat' dir='ltr'>quia</span> <span class='ocrx_word' id='word_1_481' title='bbox 1736 1133 1877 1168; x_wconf 79' lang='lat' dir='ltr'>Diaboli</span> <span class='ocrx_word' id='word_1_482' title='bbox 1889 1135 2058 1178; x_wconf 76' lang='lat' dir='ltr'>cujusdam</span> <span class='ocrx_word' id='word_1_483' title='bbox 2069 1149 2125 1173; x_wconf 82' lang='lat' dir='ltr'>ne·</span> 
     </span>
     <span class='ocr_line' id='line_1_76' title="bbox 1238 1178 2124 1228; baseline 0.012 -17"><span class='ocrx_word' id='word_1_484' title='bbox 1238 1178 1362 1221; x_wconf 87' lang='lat' dir='ltr'>quitia,</span> <span class='ocrx_word' id='word_1_485' title='bbox 1388 1181 1502 1215; x_wconf 89' lang='lat' dir='ltr'>&amp;non</span> <span class='ocrx_word' id='word_1_486' title='bbox 1526 1182 1665 1226; x_wconf 81' lang='lat' dir='ltr'>fimplici</span> <span class='ocrx_word' id='word_1_487' title='bbox 1687 1193 1795 1228; x_wconf 86' lang='lat' dir='ltr'>neque</span> <span class='ocrx_word' id='word_1_488' title='bbox 1815 1184 1953 1228; x_wconf 77' lang='lat' dir='ltr'>regulari</span> <span class='ocrx_word' id='word_1_489' title='bbox 1975 1186 2124 1222; x_wconf 61' lang='lat' dir='ltr'>doctrina</span> 
     </span>
     <span class='ocr_line' id='line_1_77' title="bbox 1239 1229 2126 1281; baseline 0.012 -20"><span class='ocrx_word' id='word_1_490' title='bbox 1239 1229 1360 1264; x_wconf 87' lang='lat' dir='ltr'>semina</span> <span class='ocrx_word' id='word_1_491' title='bbox 1380 1231 1575 1266; x_wconf 84' lang='lat' dir='ltr'>disciffionis</span> <span class='ocrx_word' id='word_1_492' title='bbox 1597 1232 1720 1274; x_wconf 83' lang='lat' dir='ltr'>unitis,</span> <span class='ocrx_word' id='word_1_493' title='bbox 1747 1234 1896 1269; x_wconf 87' lang='lat' dir='ltr'>&amp;unum</span> <span class='ocrx_word' id='word_1_494' title='bbox 1916 1234 2070 1281; x_wconf 85' lang='lat' dir='ltr'>idemque</span> <span class='ocrx_word' id='word_1_495' title='bbox 2082 1237 2126 1272; x_wconf 87' lang='lat' dir='ltr'>sa·</span> 
     </span>
     <span class='ocr_line' id='line_1_78' title="bbox 1237 1278 2124 1328; baseline 0.011 -17"><span class='ocrx_word' id='word_1_496' title='bbox 1237 1278 1402 1321; x_wconf 85' lang='lat' dir='ltr'>pientibus</span> <span class='ocrx_word' id='word_1_497' title='bbox 1424 1281 1527 1324; x_wconf 86' lang='lat' dir='ltr'>sparsa</span> <span class='ocrx_word' id='word_1_498' title='bbox 1553 1283 1653 1323; x_wconf 90' lang='lat' dir='ltr'>sunt,</span> <span class='ocrx_word' id='word_1_499' title='bbox 1681 1283 1835 1317; x_wconf 87' lang='lat' dir='ltr'>virtutem</span> <span class='ocrx_word' id='word_1_500' title='bbox 1845 1292 1879 1319; x_wconf 88' lang='lat' dir='ltr'>te</span> <span class='ocrx_word' id='word_1_501' title='bbox 1889 1285 2032 1328; x_wconf 87' lang='lat' dir='ltr'>recipere</span> <span class='ocrx_word' id='word_1_502' title='bbox 2049 1285 2124 1321; x_wconf 90' lang='lat' dir='ltr'>hor-</span> 
     </span>
     <span class='ocr_line' id='line_1_79' title="bbox 1236 1329 2125 1375; baseline 0.01 -14"><span class='ocrx_word' id='word_1_503' title='bbox 1236 1337 1287 1362; x_wconf 89' lang='lat' dir='ltr'>tor</span> <span class='ocrx_word' id='word_1_504' title='bbox 1299 1329 1391 1364; x_wconf 84' lang='lat' dir='ltr'>illam</span> <span class='ocrx_word' id='word_1_505' title='bbox 1402 1353 1414 1370; x_wconf 89' lang='lat'><em>‚</em></span> <span class='ocrx_word' id='word_1_506' title='bbox 1439 1341 1511 1373; x_wconf 65' lang='lat' dir='ltr'>quat</span> <span class='ocrx_word' id='word_1_507' title='bbox 1532 1331 1690 1366; x_wconf 79' lang='lat' dir='ltr'>omnibus</span> <span class='ocrx_word' id='word_1_508' title='bbox 1713 1342 1791 1367; x_wconf 81' lang='lat' dir='ltr'>nota</span> <span class='ocrx_word' id='word_1_509' title='bbox 1802 1333 1849 1367; x_wconf 83' lang='lat' dir='ltr'>est</span> <span class='ocrx_word' id='word_1_510' title='bbox 1863 1357 1875 1374; x_wconf 92' lang='lat'>,</span> <span class='ocrx_word' id='word_1_511' title='bbox 1901 1344 1938 1375; x_wconf 82' lang='lat' dir='ltr'>ut</span> <span class='ocrx_word' id='word_1_512' title='bbox 1947 1333 2042 1369; x_wconf 83' lang='lat' dir='ltr'>fimul</span> <span class='ocrx_word' id='word_1_513' title='bbox 2054 1347 2125 1371; x_wconf 81' lang='lat' dir='ltr'>ora·</span> 
     </span>
     <span class='ocr_line' id='line_1_80' title="bbox 1235 1378 2124 1422; baseline 0.01 -11"><span class='ocrx_word' id='word_1_514' title='bbox 1235 1378 1382 1413; x_wconf 88' lang='lat' dir='ltr'>tionibus</span> <span class='ocrx_word' id='word_1_515' title='bbox 1401 1379 1442 1414; x_wconf 84' lang='lat' dir='ltr'>ad</span> <span class='ocrx_word' id='word_1_516' title='bbox 1455 1381 1589 1422; x_wconf 86' lang='lat' dir='ltr'>Deum,</span> <span class='ocrx_word' id='word_1_517' title='bbox 1615 1381 1650 1416; x_wconf 76' lang='grc' dir='ltr'>ἀ</span> <span class='ocrx_word' id='word_1_518' title='bbox 1662 1382 1750 1417; x_wconf 82' lang='lat' dir='ltr'>circa</span> <span class='ocrx_word' id='word_1_519' title='bbox 1768 1382 1959 1418; x_wconf 85' lang='lat' dir='ltr'>Sacerdotes</span> <span class='ocrx_word' id='word_1_520' title='bbox 1976 1385 2124 1421; x_wconf 75' lang='lat' dir='ltr'>consiliis</span> 
     </span>
     <span class='ocr_line' id='line_1_81' title="bbox 1235 1426 2124 1481; baseline 0.011 -20"><span class='ocrx_word' id='word_1_521' title='bbox 1235 1426 1392 1474; x_wconf 86' lang='lat' dir='ltr'>colligere</span> <span class='ocrx_word' id='word_1_522' title='bbox 1417 1440 1488 1473; x_wconf 84' lang='lat' dir='ltr'>quae</span> <span class='ocrx_word' id='word_1_523' title='bbox 1508 1431 1627 1474; x_wconf 82' lang='lat' dir='ltr'>partita</span> <span class='ocrx_word' id='word_1_524' title='bbox 1658 1433 1735 1467; x_wconf 88' lang='lat' dir='ltr'>sunt</span> <span class='ocrx_word' id='word_1_525' title='bbox 1758 1455 1770 1473; x_wconf 93' lang='lat'>,</span> <span class='ocrx_word' id='word_1_526' title='bbox 1796 1442 1898 1476; x_wconf 86' lang='lat' dir='ltr'>atque</span> <span class='ocrx_word' id='word_1_527' title='bbox 1922 1434 2124 1481; x_wconf 74' lang='lat' dir='ltr'>conjungere</span> 
     </span>
     <span class='ocr_line' id='line_1_82' title="bbox 1234 1479 2123 1527; baseline 0.011 -15"><span class='ocrx_word' id='word_1_528' title='bbox 1234 1489 1303 1522; x_wconf 78' lang='lat' dir='ltr'>quse</span> <span class='ocrx_word' id='word_1_529' title='bbox 1313 1479 1462 1524; x_wconf 67' lang='lat' dir='ltr'>necjusta</span> <span class='ocrx_word' id='word_1_530' title='bbox 1475 1491 1537 1515; x_wconf 82' lang='lat' dir='ltr'>nec</span> <span class='ocrx_word' id='word_1_531' title='bbox 1559 1480 1665 1516; x_wconf 63' lang='lat' dir='ltr'>sancte</span> <span class='ocrx_word' id='word_1_532' title='bbox 1678 1482 1713 1515; x_wconf 91' lang='lat' dir='ltr'>in</span> <span class='ocrx_word' id='word_1_533' title='bbox 1725 1484 1839 1527; x_wconf 81' lang='lat' dir='ltr'>pugna</span> <span class='ocrx_word' id='word_1_534' title='bbox 1851 1484 1927 1518; x_wconf 88' lang='lat' dir='ltr'>sunt</span> <span class='ocrx_word' id='word_1_535' title='bbox 1935 1508 1949 1525; x_wconf 91' lang='lat'><strong>,</strong></span> <span class='ocrx_word' id='word_1_536' title='bbox 1974 1485 2123 1522; x_wconf 76' lang='lat' dir='ltr'>universa</span> 
     </span>
     <span class='ocr_line' id='line_1_83' title="bbox 1234 1529 2123 1574; baseline 0.011 -12"><span class='ocrx_word' id='word_1_537' title='bbox 1234 1529 1384 1564; x_wconf 87' lang='lat' dir='ltr'>festines.</span> <span class='ocrx_word' id='word_1_538' title='bbox 1412 1530 1487 1564; x_wconf 88' lang='lat' dir='ltr'>Erit</span> <span class='ocrx_word' id='word_1_539' title='bbox 1507 1530 1606 1573; x_wconf 77' lang='lat' dir='ltr'>vero,</span> <span class='ocrx_word' id='word_1_540' title='bbox 1632 1540 1670 1565; x_wconf 91' lang='lat' dir='ltr'>ut</span> <span class='ocrx_word' id='word_1_541' title='bbox 1689 1532 1904 1574; x_wconf 81' lang='lat' dir='ltr'>arbitramur,</span> <span class='ocrx_word' id='word_1_542' title='bbox 1932 1532 1999 1570; x_wconf 89' lang='lat' dir='ltr'>hoc</span> <span class='ocrx_word' id='word_1_543' title='bbox 2023 1536 2123 1572; x_wconf 75' lang='lat' dir='ltr'>facile</span> 
     </span>
     <span class='ocr_line' id='line_1_84' title="bbox 1233 1579 2153 1627; baseline 0.011 -16"><span class='ocrx_word' id='word_1_544' title='bbox 1233 1588 1294 1613; x_wconf 80' lang='lat' dir='ltr'>tuae</span> <span class='ocrx_word' id='word_1_545' title='bbox 1323 1579 1494 1614; x_wconf 72' lang='lat' dir='ltr'>Sanstitati</span> <span class='ocrx_word' id='word_1_546' title='bbox 1515 1604 1527 1621; x_wconf 87' lang='lat'>‚</span> <span class='ocrx_word' id='word_1_547' title='bbox 1565 1581 1588 1614; x_wconf 86' lang='lat' dir='ltr'>fi</span> <span class='ocrx_word' id='word_1_548' title='bbox 1611 1581 1931 1619; x_wconf 83' lang='lat' dir='ltr'>Reverendiffimum</span> <span class='ocrx_word' id='word_1_549' title='bbox 1957 1585 2122 1627; x_wconf 75' lang='lat' dir='ltr'>Ioannem</span> <span class='ocrx_word' id='word_1_550' title='bbox 2148 1591 2153 1596; x_wconf 82' lang='lat'>&#39;</span> 
     </span>
     <span class='ocr_line' id='line_1_85' title="bbox 1232 1626 2120 1678; baseline 0.009 -17"><span class='ocrx_word' id='word_1_551' title='bbox 1232 1626 1523 1666; x_wconf 85' lang='lat' dir='ltr'>Antiochenorum</span> <span class='ocrx_word' id='word_1_552' title='bbox 1551 1629 1754 1676; x_wconf 83' lang='lat' dir='ltr'>Episcopum</span> <span class='ocrx_word' id='word_1_553' title='bbox 1789 1643 1859 1667; x_wconf 88' lang='lat' dir='ltr'>non</span> <span class='ocrx_word' id='word_1_554' title='bbox 1897 1633 2120 1678; x_wconf 87' lang='lat' dir='ltr'>contendere,</span> 
     </span>
     <span class='ocr_line' id='line_1_86' title="bbox 1232 1678 2120 1727; baseline 0.008 -15"><span class='ocrx_word' id='word_1_555' title='bbox 1232 1689 1337 1721; x_wconf 86' lang='lat' dir='ltr'>neque</span> <span class='ocrx_word' id='word_1_556' title='bbox 1357 1679 1501 1715; x_wconf 83' lang='lat' dir='ltr'>infistere</span> <span class='ocrx_word' id='word_1_557' title='bbox 1522 1678 1673 1716; x_wconf 80' lang='lat' dir='ltr'>humanae</span> <span class='ocrx_word' id='word_1_558' title='bbox 1696 1682 1884 1724; x_wconf 86' lang='lat' dir='ltr'>voluntati,</span> <span class='ocrx_word' id='word_1_559' title='bbox 1909 1683 1974 1717; x_wconf 87' lang='lat' dir='ltr'>five</span> <span class='ocrx_word' id='word_1_560' title='bbox 1995 1686 2120 1727; x_wconf 89' lang='lat' dir='ltr'>errori,</span> 
     </span>
     <span class='ocr_line' id='line_1_87' title="bbox 1230 1728 2120 1776; baseline 0.009 -14"><span class='ocrx_word' id='word_1_561' title='bbox 1230 1729 1330 1764; x_wconf 85' lang='lat' dir='ltr'>fueris</span> <span class='ocrx_word' id='word_1_562' title='bbox 1353 1728 1567 1772; x_wconf 76' lang='lat' dir='ltr'>exhortatus,</span> <span class='ocrx_word' id='word_1_563' title='bbox 1592 1732 1698 1776; x_wconf 87' lang='lat' dir='ltr'>magis</span> <span class='ocrx_word' id='word_1_564' title='bbox 1723 1731 1800 1766; x_wconf 76' lang='lat' dir='ltr'>vero</span> <span class='ocrx_word' id='word_1_565' title='bbox 1819 1732 1998 1775; x_wconf 86' lang='lat' dir='ltr'>institeris,</span> <span class='ocrx_word' id='word_1_566' title='bbox 2024 1743 2062 1769; x_wconf 89' lang='lat' dir='ltr'>ut</span> <span class='ocrx_word' id='word_1_567' title='bbox 2075 1734 2120 1770; x_wconf 88' lang='lat' dir='ltr'>ab</span> 
     </span>
     <span class='ocr_line' id='line_1_88' title="bbox 1229 1778 2118 1825; baseline 0.007 -13"><span class='ocrx_word' id='word_1_568' title='bbox 1229 1778 1291 1813; x_wconf 88' lang='lat' dir='ltr'>illo</span> <span class='ocrx_word' id='word_1_569' title='bbox 1310 1780 1456 1816; x_wconf 82' lang='lat' dir='ltr'>recedat.</span> <span class='ocrx_word' id='word_1_570' title='bbox 1487 1782 1614 1816; x_wconf 85' lang='lat' dir='ltr'>Contra</span> <span class='ocrx_word' id='word_1_571' title='bbox 1631 1782 1699 1825; x_wconf 83' lang='lat' dir='ltr'>ejus</span> <span class='ocrx_word' id='word_1_572' title='bbox 1720 1781 1992 1824; x_wconf 82' lang='lat' dir='ltr'>adinventiones,</span> <span class='ocrx_word' id='word_1_573' title='bbox 2019 1785 2118 1818; x_wconf 89' lang='lat' dir='ltr'>novi-</span> 
     </span>
     <span class='ocr_line' id='line_1_89' title="bbox 1229 1829 2118 1876; baseline 0.007 -14"><span class='ocrx_word' id='word_1_574' title='bbox 1229 1837 1395 1873; x_wconf 84' lang='lat' dir='ltr'>tatemque</span> <span class='ocrx_word' id='word_1_575' title='bbox 1406 1829 1561 1864; x_wconf 70' lang='lat' dir='ltr'>dostrinae</span> <span class='ocrx_word' id='word_1_576' title='bbox 1570 1831 1708 1866; x_wconf 83' lang='lat' dir='ltr'>universi</span> <span class='ocrx_word' id='word_1_577' title='bbox 1720 1842 1847 1867; x_wconf 89' lang='lat' dir='ltr'>certant</span> <span class='ocrx_word' id='word_1_578' title='bbox 1856 1859 1864 1868; x_wconf 86' lang='lat'>.</span> <span class='ocrx_word' id='word_1_579' title='bbox 1890 1833 1999 1867; x_wconf 80' lang='lat' dir='ltr'>Decet</span> <span class='ocrx_word' id='word_1_580' title='bbox 2013 1834 2118 1876; x_wconf 80' lang='lat' dir='ltr'>enim,</span> 
     </span>
     <span class='ocr_line' id='line_1_90' title="bbox 1228 1879 2119 1928; baseline 0.002 -16"><span class='ocrx_word' id='word_1_581' title='bbox 1228 1887 1266 1913; x_wconf 92' lang='lat' dir='ltr'>ut</span> <span class='ocrx_word' id='word_1_582' title='bbox 1280 1879 1315 1914; x_wconf 89' lang='lat' dir='ltr'>in</span> <span class='ocrx_word' id='word_1_583' title='bbox 1341 1879 1402 1914; x_wconf 88' lang='lat' dir='ltr'>hac</span> <span class='ocrx_word' id='word_1_584' title='bbox 1415 1880 1573 1915; x_wconf 69' lang='lat' dir='ltr'>senectute</span> <span class='ocrx_word' id='word_1_585' title='bbox 1593 1880 1628 1915; x_wconf 90' lang='lat'>&amp;</span> <span class='ocrx_word' id='word_1_586' title='bbox 1640 1881 1705 1916; x_wconf 90' lang='lat' dir='ltr'>hoc</span> <span class='ocrx_word' id='word_1_587' title='bbox 1718 1892 1884 1917; x_wconf 85' lang='lat' dir='ltr'>certamen</span> <span class='ocrx_word' id='word_1_588' title='bbox 1899 1891 1955 1917; x_wconf 87' lang='lat' dir='ltr'>tua</span> <span class='ocrx_word' id='word_1_589' title='bbox 1965 1880 2119 1928; x_wconf 76' lang='lat' dir='ltr'>Religio·</span> 
     </span>
     <span class='ocr_line' id='line_1_91' title="bbox 1228 1928 2120 1977; baseline 0.002 -15"><span class='ocrx_word' id='word_1_590' title='bbox 1228 1928 1300 1963; x_wconf 72' lang='lat' dir='ltr'>ficas</span> <span class='ocrx_word' id='word_1_591' title='bbox 1310 1940 1486 1973; x_wconf 79' lang='lat' dir='ltr'>exequatur</span> <span class='ocrx_word' id='word_1_592' title='bbox 1499 1955 1506 1962; x_wconf 94' lang='lat'><em>.</em></span> <span class='ocrx_word' id='word_1_593' title='bbox 1533 1930 1637 1977; x_wconf 84' lang='lat' dir='ltr'>Qod</span> <span class='ocrx_word' id='word_1_594' title='bbox 1662 1932 1743 1966; x_wconf 87' lang='lat' dir='ltr'>dum</span> <span class='ocrx_word' id='word_1_595' title='bbox 1753 1931 2046 1976; x_wconf 83' lang='lat' dir='ltr'>perelaboraveris‚</span> <span class='ocrx_word' id='word_1_596' title='bbox 2073 1942 2120 1968; x_wconf 70' lang='lat' dir='ltr'>et·</span> 
     </span>
     <span class='ocr_line' id='line_1_92' title="bbox 1228 1979 2119 2030; baseline 0.008 -17"><span class='ocrx_word' id='word_1_597' title='bbox 1228 1979 1293 2014; x_wconf 83' lang='lat' dir='ltr'>iarn</span> <span class='ocrx_word' id='word_1_598' title='bbox 1304 1990 1439 2019; x_wconf 88' lang='lat' dir='ltr'>eorum,</span> <span class='ocrx_word' id='word_1_599' title='bbox 1464 1992 1534 2024; x_wconf 81' lang='lat' dir='ltr'>quae.</span> <span class='ocrx_word' id='word_1_600' title='bbox 1555 1980 1638 2019; x_wconf 88' lang='lat' dir='ltr'>olim</span> <span class='ocrx_word' id='word_1_601' title='bbox 1659 1982 1787 2022; x_wconf 80' lang='lat' dir='ltr'>fortiter</span> <span class='ocrx_word' id='word_1_602' title='bbox 1807 1982 1982 2030; x_wconf 85' lang='lat' dir='ltr'>peregisti,</span> <span class='ocrx_word' id='word_1_603' title='bbox 2006 1983 2119 2030; x_wconf 49' lang='lat' dir='ltr'>praedi*</span> 
     </span>
     <span class='ocr_line' id='line_1_93' title="bbox 1227 2028 1892 2067; baseline 0.005 -4"><span class='ocrx_word' id='word_1_604' title='bbox 1227 2028 1351 2067; x_wconf 86' lang='lat' dir='ltr'>caberis</span> <span class='ocrx_word' id='word_1_605' title='bbox 1378 2030 1479 2064; x_wconf 69' lang='lat' dir='ltr'>vietor</span> <span class='ocrx_word' id='word_1_606' title='bbox 1492 2054 1499 2065; x_wconf 85' lang='lat'>.</span> <span class='ocrx_word' id='word_1_607' title='bbox 1888 2031 1892 2034; x_wconf 60' lang='grc'><em>’</em></span> 
     </span>
    </p>
   </div>
   <div class='ocr_carea' id='block_1_8' title="bbox 1411 2183 1911 2233">
    <p class='ocr_par' dir='ltr' id='par_1_8' title="bbox 1411 2183 1911 2233">
     <span class='ocr_line' id='line_1_94' title="bbox 1411 2183 1911 2233; baseline 0.008 -4"><span class='ocrx_word' id='word_1_608' title='bbox 1411 2183 1911 2233; x_wconf 75' lang='lat' dir='ltr'>ScH0L10N.&#39;</span> 
     </span>
    </p>
   </div>
   <div class='ocr_carea' id='block_1_9' title="bbox 1215 2327 2113 3466">
    <p class='ocr_par' dir='ltr' id='par_1_9' title="bbox 1215 2327 2113 3466">
     <span class='ocr_line' id='line_1_95' title="bbox 1274 2327 2113 2380; baseline 0.01 -18"><span class='ocrx_word' id='word_1_609' title='bbox 1274 2327 1310 2362; x_wconf 93' lang='lat' dir='ltr'>N</span> <span class='ocrx_word' id='word_1_610' title='bbox 1333 2328 1426 2366; x_wconf 88' lang='lat' dir='ltr'>tertia</span> <span class='ocrx_word' id='word_1_611' title='bbox 1438 2328 1594 2374; x_wconf 87' lang='lat' dir='ltr'>Ephefini</span> <span class='ocrx_word' id='word_1_612' title='bbox 1607 2331 1756 2367; x_wconf 77' lang='lat' dir='ltr'>Concilii</span> <span class='ocrx_word' id='word_1_613' title='bbox 1776 2341 1869 2376; x_wconf 85' lang='lat' dir='ltr'>parte</span> <span class='ocrx_word' id='word_1_614' title='bbox 1880 2331 1984 2368; x_wconf 84' lang='lat' dir='ltr'>exstat</span> <span class='ocrx_word' id='word_1_615' title='bbox 1996 2331 2113 2380; x_wconf 88' lang='lat' dir='ltr'>Augu·</span> 
     </span>
     <span class='ocr_line' id='line_1_96' title="bbox 1298 2379 2111 2427; baseline 0.01 -15"><span class='ocrx_word' id='word_1_616' title='bbox 1298 2379 1345 2414; x_wconf 83' lang='lat' dir='ltr'>sta</span> <span class='ocrx_word' id='word_1_617' title='bbox 1365 2380 1406 2414; x_wconf 86' lang='lat' dir='ltr'>ad</span> <span class='ocrx_word' id='word_1_618' title='bbox 1430 2379 1661 2423; x_wconf 71' lang='lat' dir='ltr'>Berrheensem</span> <span class='ocrx_word' id='word_1_619' title='bbox 1683 2382 1846 2416; x_wconf 82' lang='lat' dir='ltr'>Acacium</span> <span class='ocrx_word' id='word_1_620' title='bbox 1864 2382 2012 2427; x_wconf 84' lang='lat' dir='ltr'>Epistola</span> <span class='ocrx_word' id='word_1_621' title='bbox 2032 2395 2111 2420; x_wconf 86' lang='lat' dir='ltr'>cum</span> 
     </span>
     <span class='ocr_line' id='line_1_97' title="bbox 1225 2426 2112 2474; baseline 0.008 -13"><span class='ocrx_word' id='word_1_622' title='bbox 1225 2426 1287 2462; x_wconf 88' lang='lat' dir='ltr'>hac</span> <span class='ocrx_word' id='word_1_623' title='bbox 1301 2429 1589 2474; x_wconf 86' lang='lat' dir='ltr'>superscriptione:</span> <span class='ocrx_word' id='word_1_624' title='bbox 1616 2432 1801 2474; x_wconf 81' lang='lat' dir='ltr'>Exemplum</span> <span class='ocrx_word' id='word_1_625' title='bbox 1812 2434 1900 2474; x_wconf 73' lang='lat' dir='ltr'>sacre</span> <span class='ocrx_word' id='word_1_626' title='bbox 1920 2434 1966 2466; x_wconf 89' lang='lat' dir='ltr'>ad</span> <span class='ocrx_word' id='word_1_627' title='bbox 1976 2438 2112 2468; x_wconf 76' lang='lat' dir='ltr'>Acacium</span> 
     </span>
     <span class='ocr_line' id='line_1_98' title="bbox 1226 2477 2113 2523; baseline 0.008 -12"><span class='ocrx_word' id='word_1_628' title='bbox 1226 2477 1440 2522; x_wconf 66' lang='lat' dir='ltr'>Berrbfensem</span> <span class='ocrx_word' id='word_1_629' title='bbox 1461 2479 1642 2523; x_wconf 84' lang='lat' dir='ltr'>Episcopum</span> <span class='ocrx_word' id='word_1_630' title='bbox 1659 2504 1670 2520; x_wconf 91' lang='lat'><strong>,</strong></span> <span class='ocrx_word' id='word_1_631' title='bbox 1694 2483 1730 2516; x_wconf 65' lang='lat' dir='ltr'>eb·</span> <span class='ocrx_word' id='word_1_632' title='bbox 1751 2484 1912 2520; x_wconf 75' lang='lat' dir='ltr'>symeonem</span> <span class='ocrx_word' id='word_1_633' title='bbox 1938 2483 2113 2518; x_wconf 80' lang='lat' dir='ltr'>Antiochen·</span> 
     </span>
     <span class='ocr_line' id='line_1_99' title="bbox 1219 2528 2113 2573; baseline 0.007 -12"><span class='ocrx_word' id='word_1_634' title='bbox 1219 2531 1281 2571; x_wconf 82' lang='lat' dir='ltr'>sem</span> <span class='ocrx_word' id='word_1_635' title='bbox 1303 2528 1540 2570; x_wconf 67' lang='lat' dir='ltr'>anachoretam,</span> <span class='ocrx_word' id='word_1_636' title='bbox 1567 2530 1705 2572; x_wconf 84' lang='lat' dir='ltr'>aliasque</span> <span class='ocrx_word' id='word_1_637' title='bbox 1719 2537 1899 2571; x_wconf 85' lang='lat' dir='ltr'>provincias</span> <span class='ocrx_word' id='word_1_638' title='bbox 1910 2556 1922 2573; x_wconf 91' lang='lat'>‚</span> <span class='ocrx_word' id='word_1_639' title='bbox 1949 2535 1996 2566; x_wconf 88' lang='lat' dir='ltr'>ad</span> <span class='ocrx_word' id='word_1_640' title='bbox 2005 2545 2113 2567; x_wconf 86' lang='lat' dir='ltr'>unum-</span> 
     </span>
     <span class='ocr_line' id='line_1_100' title="bbox 1222 2577 2109 2624; baseline 0.009 -15"><span class='ocrx_word' id='word_1_641' title='bbox 1222 2589 1361 2620; x_wconf 82' lang='lat' dir='ltr'>quemque</span> <span class='ocrx_word' id='word_1_642' title='bbox 1382 2577 1498 2620; x_wconf 77' lang='lat' dir='ltr'>seorsim</span> <span class='ocrx_word' id='word_1_643' title='bbox 1520 2602 1527 2609; x_wconf 94' lang='lat'>.</span> <span class='ocrx_word' id='word_1_644' title='bbox 1556 2578 1613 2611; x_wconf 90' lang='lat' dir='ltr'>Est</span> <span class='ocrx_word' id='word_1_645' title='bbox 1634 2578 1735 2623; x_wconf 74' lang='lat' dir='ltr'>longe</span> <span class='ocrx_word' id='word_1_646' title='bbox 1753 2579 1817 2614; x_wconf 84' lang='lat' dir='ltr'>alia</span> <span class='ocrx_word' id='word_1_647' title='bbox 1838 2581 1857 2614; x_wconf 70' lang='grc' dir='ltr'>ὲ</span> <span class='ocrx_word' id='word_1_648' title='bbox 1880 2582 2049 2624; x_wconf 82' lang='lat' dir='ltr'>praesenti,</span> <span class='ocrx_word' id='word_1_649' title='bbox 2072 2583 2109 2617; x_wconf 73' lang='grc' dir='ltr'>δε</span> 
     </span>
     <span class='ocr_line' id='line_1_101' title="bbox 1224 2627 2108 2676; baseline 0.006 -15"><span class='ocrx_word' id='word_1_650' title='bbox 1224 2628 1330 2661; x_wconf 89' lang='lat' dir='ltr'>multo</span> <span class='ocrx_word' id='word_1_651' title='bbox 1352 2636 1498 2669; x_wconf 86' lang='lat' dir='ltr'>tempore</span> <span class='ocrx_word' id='word_1_652' title='bbox 1518 2627 1696 2668; x_wconf 88' lang='lat' dir='ltr'>posterior.</span> <span class='ocrx_word' id='word_1_653' title='bbox 1724 2627 1781 2663; x_wconf 84' lang='lat' dir='ltr'>Est</span> <span class='ocrx_word' id='word_1_654' title='bbox 1795 2629 1887 2664; x_wconf 88' lang='lat' dir='ltr'>enim</span> <span class='ocrx_word' id='word_1_655' title='bbox 1909 2630 2023 2675; x_wconf 88' lang='lat' dir='ltr'>scripta</span> <span class='ocrx_word' id='word_1_656' title='bbox 2034 2632 2108 2676; x_wconf 87' lang='lat' dir='ltr'>post</span> 
     </span>
     <span class='ocr_line' id='line_1_102' title="bbox 1225 2675 2108 2726; baseline 0.007 -15"><span class='ocrx_word' id='word_1_657' title='bbox 1225 2687 1355 2720; x_wconf 81' lang='lat' dir='ltr'>pacem:</span> <span class='ocrx_word' id='word_1_658' title='bbox 1382 2675 1571 2710; x_wconf 76' lang='lat' dir='ltr'>Adversum</span> <span class='ocrx_word' id='word_1_659' title='bbox 1595 2688 1681 2712; x_wconf 82' lang='lat' dir='ltr'>nova</span> <span class='ocrx_word' id='word_1_660' title='bbox 1695 2678 1917 2714; x_wconf 81' lang='lat' dir='ltr'>Orientalium</span> <span class='ocrx_word' id='word_1_661' title='bbox 1929 2680 2108 2726; x_wconf 88' lang='lat' dir='ltr'>Episcopo-</span> 
     </span>
     <span class='ocr_line' id='line_1_103' title="bbox 1223 2725 2107 2776; baseline 0.008 -16"><span class='ocrx_word' id='word_1_662' title='bbox 1223 2737 1295 2762; x_wconf 89' lang='lat' dir='ltr'>rum</span> <span class='ocrx_word' id='word_1_663' title='bbox 1307 2725 1450 2765; x_wconf 85' lang='lat' dir='ltr'>diffidia‚</span> <span class='ocrx_word' id='word_1_664' title='bbox 1477 2736 1607 2771; x_wconf 89' lang='lat' dir='ltr'>propter</span> <span class='ocrx_word' id='word_1_665' title='bbox 1616 2727 1823 2771; x_wconf 84' lang='lat' dir='ltr'>displicentes</span> <span class='ocrx_word' id='word_1_666' title='bbox 1843 2729 2037 2774; x_wconf 83' lang='lat' dir='ltr'>quibusdam</span> <span class='ocrx_word' id='word_1_667' title='bbox 2051 2743 2107 2776; x_wconf 84' lang='lat' dir='ltr'>pa-</span> 
     </span>
     <span class='ocr_line' id='line_1_104' title="bbox 1222 2775 2107 2825; baseline 0.007 -14"><span class='ocrx_word' id='word_1_668' title='bbox 1222 2778 1269 2812; x_wconf 87' lang='lat' dir='ltr'>cis</span> <span class='ocrx_word' id='word_1_669' title='bbox 1289 2775 1514 2811; x_wconf 84' lang='lat' dir='ltr'>conditiones.</span> <span class='ocrx_word' id='word_1_670' title='bbox 1544 2776 1657 2822; x_wconf 78' lang='lat' dir='ltr'>Rogat</span> <span class='ocrx_word' id='word_1_671' title='bbox 1680 2777 1748 2814; x_wconf 79' lang='lat' dir='ltr'>haec</span> <span class='ocrx_word' id='word_1_672' title='bbox 1758 2781 1921 2823; x_wconf 84' lang='lat' dir='ltr'>compesci</span> <span class='ocrx_word' id='word_1_673' title='bbox 1943 2792 1998 2825; x_wconf 85' lang='lat' dir='ltr'>per</span> <span class='ocrx_word' id='word_1_674' title='bbox 2018 2780 2107 2817; x_wconf 84' lang='lat' dir='ltr'>Aca·</span> 
     </span>
     <span class='ocr_line' id='line_1_105' title="bbox 1222 2826 2108 2874; baseline 0.005 -12"><span class='ocrx_word' id='word_1_675' title='bbox 1222 2828 1328 2862; x_wconf 84' lang='lat' dir='ltr'>cium.</span> <span class='ocrx_word' id='word_1_676' title='bbox 1356 2826 1461 2865; x_wconf 84' lang='lat' dir='ltr'>Lucet</span> <span class='ocrx_word' id='word_1_677' title='bbox 1481 2826 1545 2861; x_wconf 86' lang='lat' dir='ltr'>hoc</span> <span class='ocrx_word' id='word_1_678' title='bbox 1569 2839 1611 2861; x_wconf 84' lang='lat' dir='ltr'>ex</span> <span class='ocrx_word' id='word_1_679' title='bbox 1631 2838 1792 2863; x_wconf 83' lang='lat' dir='ltr'>contextu</span> <span class='ocrx_word' id='word_1_680' title='bbox 1809 2829 1986 2874; x_wconf 79' lang='lat' dir='ltr'>Epistolae:</span> <span class='ocrx_word' id='word_1_681' title='bbox 2011 2831 2108 2866; x_wconf 73' lang='lat' dir='ltr'>Nihil</span> 
     </span>
     <span class='ocr_line' id='line_1_106' title="bbox 1222 2870 2105 2925; baseline 0.003 -13"><span class='ocrx_word' id='word_1_682' title='bbox 1222 2879 1339 2912; x_wconf 69' lang='lat' dir='ltr'>omnino</span> <span class='ocrx_word' id='word_1_683' title='bbox 1349 2887 1446 2911; x_wconf 86' lang='lat' dir='ltr'>eorum</span> <span class='ocrx_word' id='word_1_684' title='bbox 1457 2877 1478 2909; x_wconf 72' lang='grc' dir='ltr'><em>ἃ</em></span> <span class='ocrx_word' id='word_1_685' title='bbox 1500 2877 1582 2910; x_wconf 78' lang='lat' dir='ltr'>nobis</span> <span class='ocrx_word' id='word_1_686' title='bbox 1592 2870 1630 2918; x_wconf 56' lang='lat' dir='ltr'>&amp;st</span> <span class='ocrx_word' id='word_1_687' title='bbox 1637 2880 1866 2923; x_wconf 83' lang='lat' dir='ltr'>praetermiffum</span> <span class='ocrx_word' id='word_1_688' title='bbox 1875 2905 1887 2920; x_wconf 93' lang='lat'><strong>,</strong></span> <span class='ocrx_word' id='word_1_689' title='bbox 1913 2892 1979 2923; x_wconf 81' lang='lat' dir='ltr'>quae</span> <span class='ocrx_word' id='word_1_690' title='bbox 1990 2883 2105 2925; x_wconf 80' lang='lat' dir='ltr'>religio-</span> 
     </span>
     <span class='ocr_line' id='line_1_107' title="bbox 1223 2925 2102 2971; baseline 0.003 -9"><span class='ocrx_word' id='word_1_691' title='bbox 1223 2933 1271 2963; x_wconf 75' lang='lat' dir='ltr'>nis</span> <span class='ocrx_word' id='word_1_692' title='bbox 1291 2925 1472 2966; x_wconf 59' lang='lat' dir='ltr'>Christianae</span> <span class='ocrx_word' id='word_1_693' title='bbox 1493 2926 1582 2970; x_wconf 88' lang='lat' dir='ltr'>causa</span> <span class='ocrx_word' id='word_1_694' title='bbox 1603 2928 1693 2969; x_wconf 87' lang='lat' dir='ltr'>nostro</span> <span class='ocrx_word' id='word_1_695' title='bbox 1710 2929 1807 2970; x_wconf 83' lang='lat' dir='ltr'>studio</span> <span class='ocrx_word' id='word_1_696' title='bbox 1828 2931 1900 2971; x_wconf 84' lang='lat' dir='ltr'>effici</span> <span class='ocrx_word' id='word_1_697' title='bbox 1922 2931 2102 2965; x_wconf 84' lang='lat' dir='ltr'>debuerant.</span> 
     </span>
     <span class='ocr_line' id='line_1_108' title="bbox 1222 2976 2104 3025; baseline 0.002 -13"><span class='ocrx_word' id='word_1_698' title='bbox 1222 2982 1316 3021; x_wconf 78' lang='lat' dir='ltr'>Atque</span> <span class='ocrx_word' id='word_1_699' title='bbox 1326 2977 1377 3011; x_wconf 84' lang='lat' dir='ltr'>hoc</span> <span class='ocrx_word' id='word_1_700' title='bbox 1383 2976 1480 3020; x_wconf 75' lang='lat' dir='ltr'>ipsum</span> <span class='ocrx_word' id='word_1_701' title='bbox 1493 2979 1648 3012; x_wconf 56' lang='lat' dir='ltr'>sanctitas</span> <span class='ocrx_word' id='word_1_702' title='bbox 1661 2979 1758 3019; x_wconf 82' lang='lat' dir='ltr'>vestra</span> <span class='ocrx_word' id='word_1_703' title='bbox 1777 2989 1842 3014; x_wconf 89' lang='lat' dir='ltr'>tum</span> <span class='ocrx_word' id='word_1_704' title='bbox 1854 2983 2010 3025; x_wconf 71' lang='lat' dir='ltr'>dJoanne</span> <span class='ocrx_word' id='word_1_705' title='bbox 2026 2979 2104 3024; x_wconf 79' lang='lat' dir='ltr'>Piis-</span> 
     </span>
     <span class='ocr_line' id='line_1_109' title="bbox 1216 3026 2104 3073; baseline 0 -10"><span class='ocrx_word' id='word_1_706' title='bbox 1216 3029 1286 3072; x_wconf 82' lang='lat' dir='ltr'>fimo</span> <span class='ocrx_word' id='word_1_707' title='bbox 1295 3026 1430 3069; x_wconf 80' lang='lat' dir='ltr'>Ecclefiae</span> <span class='ocrx_word' id='word_1_708' title='bbox 1443 3028 1631 3063; x_wconf 80' lang='lat' dir='ltr'>Antiochenae</span> <span class='ocrx_word' id='word_1_709' title='bbox 1658 3028 1825 3073; x_wconf 76' lang='lat' dir='ltr'>Epifiopo,</span> <span class='ocrx_word' id='word_1_710' title='bbox 1851 3039 1918 3064; x_wconf 84' lang='lat' dir='ltr'>tum</span> <span class='ocrx_word' id='word_1_711' title='bbox 1943 3033 1963 3063; x_wconf 82' lang='grc' dir='ltr'><em>ἃ</em></span> <span class='ocrx_word' id='word_1_712' title='bbox 1985 3036 2104 3066; x_wconf 77' lang='lat' dir='ltr'>caeteris</span> 
     </span>
     <span class='ocr_line' id='line_1_110' title="bbox 1222 3076 2103 3123; baseline -0.001 -9"><span class='ocrx_word' id='word_1_713' title='bbox 1222 3078 1340 3114; x_wconf 62' lang='lat' dir='ltr'>Sandis</span> <span class='ocrx_word' id='word_1_714' title='bbox 1360 3076 1518 3121; x_wconf 83' lang='lat' dir='ltr'>Episcopis</span> <span class='ocrx_word' id='word_1_715' title='bbox 1530 3103 1541 3119; x_wconf 90' lang='lat'>‚</span> <span class='ocrx_word' id='word_1_716' title='bbox 1567 3085 1619 3122; x_wconf 89' lang='lat' dir='ltr'>qui</span> <span class='ocrx_word' id='word_1_717' title='bbox 1640 3090 1707 3112; x_wconf 86' lang='lat' dir='ltr'>cum</span> <span class='ocrx_word' id='word_1_718' title='bbox 1730 3080 1779 3114; x_wconf 83' lang='lat' dir='ltr'>illo</span> <span class='ocrx_word' id='word_1_719' title='bbox 1799 3079 1893 3123; x_wconf 68' lang='lat' dir='ltr'>fient,</span> <span class='ocrx_word' id='word_1_720' title='bbox 1920 3081 2050 3114; x_wconf 64' lang='lat' dir='ltr'>dilucide*</span> <span class='ocrx_word' id='word_1_721' title='bbox 2058 3091 2103 3115; x_wconf 55' lang='lat' dir='ltr'>coa</span> 
     </span>
     <span class='ocr_line' id='line_1_111' title="bbox 1217 3129 2102 3174; baseline 0.001 -11"><span class='ocrx_word' id='word_1_722' title='bbox 1217 3129 1352 3174; x_wconf 78' lang='lat' dir='ltr'>gnoscere</span> <span class='ocrx_word' id='word_1_723' title='bbox 1368 3134 1501 3170; x_wconf 82' lang='lat' dir='ltr'>poterit.</span> <span class='ocrx_word' id='word_1_724' title='bbox 1531 3131 1704 3163; x_wconf 70' lang='lat' dir='ltr'>acciderunt</span> <span class='ocrx_word' id='word_1_725' title='bbox 1731 3138 1830 3164; x_wconf 80' lang='lat' dir='ltr'>autem</span> <span class='ocrx_word' id='word_1_726' title='bbox 1852 3132 2002 3165; x_wconf 81' lang='lat' dir='ltr'>nonnullae</span> <span class='ocrx_word' id='word_1_727' title='bbox 2023 3135 2102 3164; x_wconf 65' lang='lat' dir='ltr'>inter</span> 
     </span>
     <span class='ocr_line' id='line_1_112' title="bbox 1222 3178 2100 3223; baseline 0.001 -9"><span class='ocrx_word' id='word_1_728' title='bbox 1222 3178 1365 3223; x_wconf 87' lang='lat' dir='ltr'>quosdam</span> <span class='ocrx_word' id='word_1_729' title='bbox 1375 3178 1451 3212; x_wconf 72' lang='lat' dir='ltr'>circa</span> <span class='ocrx_word' id='word_1_730' title='bbox 1464 3179 1514 3212; x_wconf 85' lang='lat' dir='ltr'>hoc</span> <span class='ocrx_word' id='word_1_731' title='bbox 1525 3185 1670 3223; x_wconf 83' lang='lat' dir='ltr'>negotium</span> <span class='ocrx_word' id='word_1_732' title='bbox 1681 3181 1867 3222; x_wconf 85' lang='lat' dir='ltr'>difficultates</span> <span class='ocrx_word' id='word_1_733' title='bbox 1890 3183 1924 3215; x_wconf 65' lang='lat' dir='ltr'>cb·</span> <span class='ocrx_word' id='word_1_734' title='bbox 1934 3184 2100 3215; x_wconf 68' lang='lat' dir='ltr'>controvera&#39;·</span> 
     </span>
     <span class='ocr_line' id='line_1_113' title="bbox 1215 3230 2100 3274; baseline -0.002 -10"><span class='ocrx_word' id='word_1_735' title='bbox 1215 3230 1292 3273; x_wconf 81' lang='lat' dir='ltr'>fiae,</span> <span class='ocrx_word' id='word_1_736' title='bbox 1318 3241 1384 3272; x_wconf 69' lang='lat' dir='ltr'>qua</span> <span class='ocrx_word' id='word_1_737' title='bbox 1407 3230 1443 3262; x_wconf 86' lang='lat' dir='ltr'>de</span> <span class='ocrx_word' id='word_1_738' title='bbox 1456 3230 1550 3261; x_wconf 84' lang='lat' dir='ltr'>medio</span> <span class='ocrx_word' id='word_1_739' title='bbox 1572 3231 1670 3264; x_wconf 80' lang='lat' dir='ltr'>tollere</span> <span class='ocrx_word' id='word_1_740' title='bbox 1693 3231 1853 3266; x_wconf 72' lang='lat' dir='ltr'>&amp;abolere</span> <span class='ocrx_word' id='word_1_741' title='bbox 1869 3236 1988 3272; x_wconf 84' lang='lat' dir='ltr'>conati,</span> <span class='ocrx_word' id='word_1_742' title='bbox 2016 3241 2100 3274; x_wconf 82' lang='lat' dir='ltr'>nego-</span> 
     </span>
     <span class='ocr_line' id='line_1_114' title="bbox 1223 3278 2096 3324; baseline -0.003 -11"><span class='ocrx_word' id='word_1_743' title='bbox 1223 3286 1331 3314; x_wconf 82' lang='lat' dir='ltr'>tiorum</span> <span class='ocrx_word' id='word_1_744' title='bbox 1353 3278 1450 3312; x_wconf 84' lang='lat' dir='ltr'>adbuc</span> <span class='ocrx_word' id='word_1_745' title='bbox 1470 3282 1677 3324; x_wconf 83' lang='lat' dir='ltr'>magnitudine</span> <span class='ocrx_word' id='word_1_746' title='bbox 1705 3282 1942 3315; x_wconf 75' lang='lat' dir='ltr'>&amp;multitudine</span> <span class='ocrx_word' id='word_1_747' title='bbox 1962 3280 2096 3322; x_wconf 75' lang='lat' dir='ltr'>impediti</span> 
     </span>
     <span class='ocr_line' id='line_1_115' title="bbox 1218 3326 2096 3375; baseline 0.007 -13"><span class='ocrx_word' id='word_1_748' title='bbox 1218 3329 1321 3374; x_wconf 86' lang='lat' dir='ltr'>sumus</span> <span class='ocrx_word' id='word_1_749' title='bbox 1343 3354 1350 3360; x_wconf 78' lang='grc'><strong>.</strong></span> <span class='ocrx_word' id='word_1_750' title='bbox 1377 3329 1538 3372; x_wconf 84' lang='lat' dir='ltr'>Principis</span> <span class='ocrx_word' id='word_1_751' title='bbox 1564 3330 1772 3375; x_wconf 81' lang='lat' dir='ltr'>diligentiam</span> <span class='ocrx_word' id='word_1_752' title='bbox 1799 3331 1940 3373; x_wconf 69' lang='lat' dir='ltr'>joannes</span> <span class='ocrx_word' id='word_1_753' title='bbox 1968 3341 2007 3365; x_wconf 80' lang='lat' dir='ltr'>ac</span> <span class='ocrx_word' id='word_1_754' title='bbox 2028 3326 2096 3368; x_wconf 65' lang='lat' dir='ltr'>elus</span> 
     </span>
     <span class='ocr_line' id='line_1_116' title="bbox 1225 3377 2098 3466; baseline 0 -52"><span class='ocrx_word' id='word_1_755' title='bbox 1225 3379 1380 3425; x_wconf 84' lang='lat' dir='ltr'>Episcopi</span> <span class='ocrx_word' id='word_1_756' title='bbox 1400 3378 1476 3415; x_wconf 69' lang='lat' dir='ltr'>ante</span> <span class='ocrx_word' id='word_1_757' title='bbox 1487 3391 1600 3425; x_wconf 84' lang='lat' dir='ltr'>pacem</span> <span class='ocrx_word' id='word_1_758' title='bbox 1621 3380 1750 3418; x_wconf 83' lang='lat' dir='ltr'>laudare</span> <span class='ocrx_word' id='word_1_759' title='bbox 1761 3391 1828 3416; x_wconf 89' lang='lat' dir='ltr'>non</span> <span class='ocrx_word' id='word_1_760' title='bbox 1842 3387 2015 3466; x_wconf 53' lang='lat' dir='ltr'>potegantg</span> <span class='ocrx_word' id='word_1_761' title='bbox 2037 3377 2098 3414; x_wconf 58' lang='lat' dir='ltr'>Las</span> 
     </span>
     <span class='ocr_line' id='line_1_117' title="bbox 1938 3434 2053 3466; baseline 0 -4"><span class='ocrx_word' id='word_1_762' title='bbox 1938 3438 1992 3465; x_wconf 84' lang='lat' dir='ltr'>ora</span> <span class='ocrx_word' id='word_1_763' title='bbox 2018 3434 2053 3466; x_wconf 71' lang='lat' dir='ltr'>at</span> 
     </span>
    </p>
   </div>
  </div>
 </body>
</html>
