2320 3730
357 203 452 246 330

273 284 383 307 coram
397 268 533 305 terribili
547 268 605 306 illo
618 269 796 310 Tribunali
819 269 1067 306 damnationem
1081 276 1158 313 qua·

274 322 482 367 lemcumque
497 321 594 361 nobis
606 334 673 358 non
686 323 844 362 inferant.
859 319 924 354 Etsi
937 318 971 355 in
983 317 1055 351 aliis
1068 316 1157 350 enim

273 371 479 420 negligentes
498 372 705 410 &fastidiosi
730 373 837 403 sumus
860 390 871 407 ‚
897 367 1090 411 nullamque
1113 377 1159 401 re*

271 432 346 459 rum
365 422 563 462 Divinarum
586 423 722 462 facimus
742 429 877 457 curam,
906 417 959 451 sed
980 417 1015 454 in
1037 416 1156 452 talibus

271 472 307 508 ὅσ
326 484 458 509 oramus
481 473 697 515 &satagImus
719 493 730 510 ‚
758 479 799 502 ne
821 467 967 503 studiofis
991 467 1153 507 bonorum

269 522 380 561 multo
394 523 515 558 infirmi
528 523 640 555 fimus.
668 518 846 553 Innotesco
869 517 970 562 igitur
980 517 1153 552 'Sant'litati

270 581 354 614 tute,
381 574 457 617 quia
481 571 602 605 Cilices
621 568 770 607 &Isauri
794 569 827 603 &
848 567 1008 613 Eulogias
1033 568 1152 602 Antio-

268 621 379 662 chiam
390 623 577 661 direxerunt
589 645 600 662 ,
625 619 702 658 &in
717 620 832 653 litteris
847 617 909 652 suis
920 629 956 652 ut
974 619 1154 663 Episcopos

268 674 484 711 nominarunt
516 671 550 705 δε
575 669 841 710 Alexandrinum
861 669 896 706 &
915 669 1153 706 Constantino.-

267 723 470 769 politanum‚
500 720 703 765 Adjieientes
713 730 780 754 non
794 721 826 758 se
840 720 1087 755 communicare
1100 719 1152 754 de·

264 773 422 816 positioni
432 770 627 811 Sanaiffimi
639 770 794 814 Episcopi
806 769 952 804 Nestorii
964 795 971 802 .
1000 770 1082 805 Haec
1095 771 1150 804 mi·

265 820 302 856 hi
324 821 551 861 indicaverunt
574 820 728 861 nonnulli
758 821 988 860 communium
1016 820 1153 857 Amico-

264 875 361 912 rum),
386 871 581 912 mandantes
603 882 640 913 ur
649 872 748 910 etiam
771 883 860 913 nunc
884 882 974 905 tuam
1000 870 1151 915 deprecer

263 921 475 956 Sanstitatem
488 946 499 963 ,
525 923 560 957 δε
586 922 628 957 ad
650 923 775 957 sanctos
796 922 892 966 pedes
920 930 996 962 tuos
1015 920 1129 957 cadam
1143 944 1153 961 ‚

260 971 519 1015 &persuadeam
540 997 552 1019 ‚
577 973 736 1022 quatenus
758 972 832 1013 his,
857 983 927 1017 quae
942 973 1067 1011 cunctis
1090 972 1151 1015 pla-

262 1031 400 1057 cuerunt
412 1024 656 1065 communiter,
682 1022 887 1067 acquiescas.
917 1021 1041 1057 Putant
1060 1022 1150 1055 enim

259 1075 450 1107 mecunaa
474 1073 658 1117 posseapud
671 1073 884 1114 Sand’titatem
904 1080 993 1111 tuam
1008 1097 1015 1104 .
1044 1069 1151 1106 Unde

260 1120 379 1162 iterum
391 1133 473 1168 rogo
483 1123 628 1158 animam
639 1133 730 1156 tuam
744 1123 893 1155 Sanctam
905 1143 917 1159 ,
943 1131 979 1154 ut
1000 1119 1151 1164 suscipias

258 1169 345 1206 hanc
366 1173 635 1216 deprecationem
668 1181 777 1206 meam
799 1195 811 1211 ‚
847 1170 882 1203 δε
908 1169 1151 1210 condescendas,

260 1231 320 1271 pro
332 1222 482 1263 Ecclesiae
503 1233 601 1269 pace·>

715 186 1045 232 VARIORuM
1080 182 1325 227 PATRuM
1361 179 1709 244 E1›1s·101.AE,'·

1222 265 1298 301 estis
1327 265 1496 302 voluntate
1523 271 1656 311 perpeffi
1682 294 1690 304 .
1715 268 1787 306 Vos
1809 278 1917 311 autem
1939 269 2007 306 dixi
2019 295 2038 316 ,
2065 280 2103 308 ut

1223 317 1361 355 facerem
1374 326 1552 353 commune
1562 340 1574 357 ,
1598 318 1688 360 quod
1700 327 1792 355 tuum
1807 322 1851 356 est
1862 346 1870 355 .
1897 322 1961 357 Sed
1983 322 2000 355 ὲ
2016 322 2104 366 prin-

1222 367 1555 411 cipiomemetipsum
1573 367 1591 403 a
1610 366 1740 411 Cyrillo
1753 369 1857 411 impio
1877 372 2042 417 separavi,
2067 373 2103 407 &

1221 416 1545 456 &communionibus
1566 428 1680 453 eorum
1693 441 1704 459 ‚
1731 417 1787 460 qui
1800 418 1898 465 usque
1919 422 1959 457 ad
1970 424 2103 466 praesens

1222 479 1279 510 pro
1294 469 1346 501 sua
1359 467 1528 512 impietate
1539 478 1664 503 certant
1674 493 1686 511 ,
1713 479 1771 505 vos
1783 468 1929 505 maxime
1939 471 2000 505 suae
2009 472 2107 510 haere·

1218 517 1257 552 sis
1271 517 1513 562 Coeperatores
1535 518 1734 562 accipientes
1748 543 1755 550 .
1785 517 1884 553 Nihil
1905 519 1994 558 enim
2013 533 2103 559 nunc

1220 568 1319 612 usque
1330 580 1392 603 nos
1415 568 1510 603 latuit
1523 579 1637 604 eorum
1652 595 1662 610 ‚
1690 580 1759 613 quae
1779 568 1821 606 ab
1842 568 1902 606 illo
1922 571 2104 615 conscript.

1217 618 1314 660 sunt,
1342 620 1396 658 sed
1411 620 1495 654 inter
1505 630 1622 657 manus
1634 618 1796 658 habemus
1819 620 1896 656 &ea
1910 644 1922 662 ‚
1948 631 2020 666 quae
2031 619 2103 658 Ber-

1216 667 1364 707 rhaeenfis
1379 669 1504 713 ‚scripsit
1517 669 1678 705 Aeacius.
1710 670 1753 705 Et
1764 681 1800 706 ea
1816 681 1887 715 quae
1905 682 1962 714 per
1975 670 2104 710 Emese-

1218 729 1297 754 num
1308 718 1449 758 Paulum
1460 744 1473 765 ‚
1497 719 1532 755 &
1542 732 1613 765 quae
1632 718 1781 758 adversus
1792 731 1882 756 tuam
1895 720 2102 768 Religiosita-

1214 779 1280 805 tem
1291 770 1410 814 scripsit
1421 794 1432 811 ,
1459 772 1494 806 ἃ
1507 783 1576 815 quae
1594 769 1635 807 ad
1646 771 1794 810 clericos
1810 772 1884 806 suos
1909 771 2107 808 Constanti-

1216 819 1330 864 nopoli
1343 831 1543 861 remorantes
1554 846 1565 862 ,
1577 822 1610 858 &
1620 833 1690 865 qua:
1701 821 1742 860 ad
1755 821 2005 860 Melitinensem
2017 820 2103 857 Aca-

1214 870 1322 911 cium,
1352 871 1522 917 postquam
1545 883 1623 910 cum
1635 872 1740 908 Paulo
1765 872 1872 908 foedus
1893 871 2104 912 commuuio-

1214 919 1265 957 nis
1284 919 1382 964 iniit.
1410 920 1487 957 Ubi
1512 923 1547 959 &
1573 923 1689 960 acriter
1710 933 1769 966 pro
1799 922 1855 959 sua
1876 920 1984 958 haerefi
2010 922 2103 966 agit·

1216 968 1467 1008 Antiochenum
1483 983 1625 1017 namque
1646 983 1707 1007 nec
1720 971 1820 1008 habui
1845 970 2034 1009 haereticum
2045 982 2106 1009 un-

1217 1030 1315 1063 quam
1340 1046 1352 1063 ‚
1377 1033 1440 1057 nee
1461 1021 1568 1058 habeo
1589 1046 1597 1054 .
1624 1021 1690 1059 Etsi
1713 1030 1842 1065 propter
1872 1032 1998 1065 tempus
2014 1021 2101 1060 inter

1214 1078 1382 1120 utramque
1391 1071 1429 1106 in
1450 1072 1630 1113 nonnullis(
1641 1073 1760 1111 variari
1774 1081 1898 1117 partem
1911 1071 2053 1120 potuerit
2064 1094 2072 1106 .

1285 1162 1347 1211 Et
1384 1158 1502 1233 post*
1516 1160 1624 1212 alia.

1265 1268 1416 1313 Coniuro
1428 1270 1531 1315 igitur
1544 1279 1577 1304 te
1591 1279 1648 1315 per
1659 1271 1797 1308 sanilam
1808 1269 2013 1307 Trinitatem
2023 1295 2035 1312 ‚
2062 1279 2100 1309 ut

1148 1336 1150 1338 >
1215 1317 1257 1359 ad
1271 1330 1326 1353 me
1338 1321 1482 1358 desinas.
1510 1320 1610 1367 Spero
1629 1320 1790 1366 fiquidem
1803 1321 1837 1354 in
1857 1332 1899 1356 eo
1912 1345 1923 1362 ,
1948 1321 2101 1365 quictu-

441 1378 952 1427 Scnon10N.

369 1523 438 1558 AEc
450 1523 596 1568 Epistola
607 1523 706 1559 docet
715 1523 853 1558 modum
865 1549 875 1564 ‚
901 1534 968 1567 quo
984 1523 1149 1567 utriusque

393 1574 524 1608 Ciliciae
544 1586 583 1610 ac
603 1574 729 1609 isauriae
743 1574 898 1618 Episcopi
911 1574 1098 1614 accesserint
1109 1573 1148 1607 ad

252 1633 372 1667 pacem
392 1648 403 1664 ,
428 1624 462 1657 &
483 1624 638 1660 redierint
655 1625 691 1658 in
716 1625 852 1670 Ioannis
873 1622 1068 1661 P-arr'rarchae
1080 1635 1149 1668 gra-

254 1673 340 1708 tiam
360 1699 368 1706 .
399 1673 560 1708 Palmaris
580 1675 732 1709 conditio
759 1676 823 1708 fuit
845 1700 856 1716 ‚
882 1674 973 1719 quod
995 1675 1148 1709 Sanstum

256 1722 424 1768 cyrillum
434 1724 467 1758 δε
480 1725 633 1760 Sanctum
645 1723 801 1760 Proclum
813 1725 987 1769 agnoverit
999 1735 1057 1768 pro
1069 1725 1150 1758 veris

255 1774 430 1819 Episcopis
443 1798 451 1806 .
480 1775 575 1808 Hine
591 1784 772 1817 {utrumque
790 1775 825 1808 in
837 1775 904 1811 suis
915 1775 1031 1812 litteris
1044 1775 1151 1810 nomi-

259 1832 382 1857 narunt
398 1823 595 1868 Episcopum
605 1849 612 1858 .
641 1824 698 1859 De
710 1823 872 1867 Capitulis
881 1833 1052 1863 tacuerunt
1062 1849 1070 1858 .
1085 1825 1152 1859 Ne·

253 1873 347 1908 florii
371 1873 623 1911 damnationem
639 1874 912 1910 suntconstanter
923 1874 1076 1909 aversati.
1106 1874 1150 1909 Et

252 1923 320 1968 qud
331 1924 492 1967 Ioannem
505 1923 600 1968 plene
613 1924 800 1969 placarent,
826 1925 855 1959 ei
869 1924 1026 1960 miserunt
1051 1924 1148 1960 Eulo-

252 1975 345 2018 gias,
371 1976 426 2011 seu
451 1985 606 2010 munera.
636 1974 842 2009 Communes
867 1974 964 2012 amici
982 1975 1149 2018 sperabant

253 2022 490 2058 Alexandrum
504 2035 572 2058 non
585 2026 656 2060 fore
665 2023 793 2067 penitus
803 2025 948 2062 alienum
965 2024 1006 2062 ab
1019 2024 1071 2059 his
1082 2025 1149 2058 dis-

251 2071 449 2117 pensatoriis*
481 2073 733 2109 conditionibus
773 2085 781 2104 z
819 2072 902 2106 Item
940 2073 1147 2107 crediderunt

252 2121 511 2161 Theodoretum
543 2121 631 2166 apud
650 2122 746 2156 illum
778 2123 865 2169 posse
887 2122 1000 2159 omnia
1019 2147 1028 2160 .,
1055 2121 1148 2156 Hinc

252 2174 451 2209 censuerunt
469 2172 545 2214 ejus,
569 2172 784 2217 pertinaciam
792 2170 903 2209 adhue
913 2171 1010 2209 semol
1021 2181 1148 2206 tentan-

252 2224 331 2258 dam
351 2245 358 2253 .
390 2221 434 2259 Et
455 2219 694 2255 Theodoretus·
713 2219 855 2252 tentavit
885 2229 941 2262 per
963 2220 1147 2262 praesentem

257 2270 443 2316 Epistulam
457 2294 464 2303 .
494 2267 653 2304 Notanda
671 2270 745 2303 fiint
758 2267 872 2305 verba:
898 2268 1089 2312 Nnssudiofis
1101 2269 1147 2303 bo-

255 2333 362 2358 norum
373 2322 465 2358 multe
472 2320 584 2364 infirmi
591 2318 682 2362 fimus.
700 2344 708 2352 .
734 2319 879 2358 Forsitan
891 2318 1068 2366 legendum
1079 2319 1124 2354 est
1137 2344 1147 2360 ,

257 2370 450 2416 infimifimus
462 2397 472 2410 2

437 2618 701 2671 CAPUT
737 2619 939 2667 CLx1x.
1000 2633 1144 2681 „257

263 2761 413 2817 Epistola
433 2787 446 2806 ,
477 2760 598 2813 inquit
617 2785 629 2804 2
659 2763 726 2798 Deo
755 2756 963 2811 Amczffimi
990 2762 1021 2798 E
1017 2755 1146 2810 piftopi

321 2817 521 2862 Alexandri
540 2844 552 2862 ,
580 2829 680 2870 quam
708 2813 871 2866 refiripfit
898 2822 978 2856 Deo¹
994 2812 1146 2866 Amicis·

315 2877 403 2930 fimo
433 2870 596 2925 Epzfiopo
622 2872 843 2917 Theodorew,
870 2873 1041 2923 infinuans
1068 2877 1145 2926 quia

322 2933 408 2974 nihil
436 2927 595 2982 intercffit
624 2929 719 2983 apud
741 2925 779 2980 ft·
797 2955 812 2975 ,
846 2930 933 2981 quod
962 2931 1079 2969 Cilices
1109 2928 1147 2969 ὠ»

322 2989 432 3043 Istzuri
454 2989 662 3030 „Antiocheno
681 2982 960 3037 communicaffent
979 3014 991 3032 ‚
1016 2987 1147 3039 quando

322 3046 392 3102 ips}
417 3051 527 3089 omm‘a
548 3042 715 3100 fhstincre
740 3054 806 3098 pro
827 3047 950 3096 pietate
974 3043 1145 3094 delegerit.

365 3174 391 3207 B
404 3173 502 3207 initio
515 3184 581 3218 ego
603 3183 665 3207 nec
686 3181 746 3206 vos
769 3182 830 3206 nec
847 3169 972 3207 Cilicas
981 3169 1051 3203 sum
1064 3171 1148 3204 secu-

389 3233 462 3256 tus.
490 3223 534 3258 Et
549 3221 782 3261 maximevos,
806 3221 863 3266 qui
883 3220 1061 3265 aliquando
1081 3220 1149 3263 qui-

270 3273 348 3308 dem
361 3273 452 3315 super
465 3271 566 3306 nubes
577 3272 695 3306 volatis
707 3296 717 3312 ,
733 3270 913 3316 aliquando
924 3270 1000 3305 vens
1009 3269 1049 3304 ad
1062 3269 1150 3305 illius

270 3333 380 3368 genua
392 3331 429 3356 ut
438 3319 581 3355 dedititii
603 3320 795 3357 observatis.
827 3321 960 3368 Qippe
970 3319 1069 3355 Orbis
1090 3330 1151 3355 ter-

269 3383 380 3409 rarum
403 3380 538 3407 notatus
558 3370 576 3405 a
597 3369 691 3406 vobis
712 3370 782 3412 est,
806 3373 840 3408 ἀ
863 3381 999 3414 utraque
1023 3371 1151 3416 propria

1215 1368 1334 1407 cifixus
1346 1369 1392 1405 est
1402 1396 1410 1404 .
1438 1371 1574 1418 Qippe
1584 1371 1671 1415 apud
1681 1382 1736 1405 me
1746 1370 1851 1407 valere
1872 1371 1950 1407 fecit
1961 1370 2102 1413 amplius

1218 1419 1375 1462 pietatem
1395 1432 1404 1453 ε
1432 1421 1477 1457 Et
1498 1428 1638 1466 quatuor
1658 1421 1905 1458 Gubernatores
1924 1444 1935 1462 ,
1961 1420 1995 1457 &
2016 1419 2101 1456 alios

1215 1467 1339 1507 Mundi
1351 1470 1480 1514 Judices
1504 1472 1616 1514 quiete
1634 1471 1812 1518 superavit.
1839 1470 1912 1507 Nec
1935 1471 2101 1515 permissu-

1215 1530 1268 1557 rus
1280 1532 1334 1556 me
1349 1520 1559 1560 scandalizari
1570 1532 1626 1566 per
1637 1530 1687 1558 te.
1714 1521 1792 1567 Ego
1809 1521 1900 1557 enirn
1920 1530 1996 1558 cum
2005 1530 2102 1558 tanto

1213 1568 1277 1612 jam
1299 1571 1427 1615 gaudio
1452 1582 1506 1604 me
1519 1571 1708 1615 expulsuros
1719 1571 1885 1615 excipiam
1897 1578 1971 1612 ‚aut
1987 1570 2010 1606 si
2028 1571 2100 1607 auri

1215 1617 1299 1658 mihi,
1323 1619 1392 1655 ulla
1416 1621 1512 1663 copia
1535 1644 1547 1661 ,
1581 1621 1727 1668 exceptis
1746 1621 1826 1657 vasis
1849 1618 2101 1662 Ecclesiasticis‚

1217 1670 1293 1706 efflet
1304 1693 1316 1715 2
1342 1670 1450 1714 plures
1461 1670 1509 1705 eis
1520 1670 1680 1715 Eulogias
1692 1694 1703 1710 ,
1728 1670 1827 1713 quam
1841 1680 1900 1714 pro
1912 1669 2009 1707 bonis
2019 1680 2103 1703 nun-

1216 1719 1278 1759 ciis
1287 1719 1416 1757 darem..
1449 1719 1540 1757 Nam
1554 1719 1631 1763 quia
1643 1719 1788 1756 Ecclesia
1801 1718 1911 1756 nostra
1933 1717 2102 1757 nechabet

1218 1769 1455 1814 quodcumque
1468 1794 1479 1810 ,
1506 1780 1568 1804 nec
1587 1768 1704 1806 habuit
1717 1793 1729 1811 ,
1754 1779 1860 1812 neque
1882 1780 1948 1816 ego
1970 1768 2101 1814 accepi,

1217 1830 1324 1868 neque
1347 1819 1449 1858 tribui
1469 1818 1606 1857 cuilibet
1626 1820 1727 1864 usque
1747 1819 1789 1856 ad
1812 1818 1952 1857 obolum
1972 1829 2100 1861 uuum,

1217 1868 1296 1914 [πρὸ
1309 1881 1363 1909 me
1374 1869 1512 1909 arbitror
1523 1870 1704 1909 intimasse.
1731 1867 1840 1906 Unde
1862 1880 1924 1905 nec
1936 1869 2101 1909 Codicem

1217 1921 1403 1965 quemlibet
1425 1919 1539 1964 ejicere
1565 1921 1684 1965 pertuli
1705 1946 1715 1956 .
1751 1918 1814 1957 Sed
1832 1930 1894 1955 nec
1917 1929 2022 1957 unum
2044 1930 2100 1962 per

1215 1971 1354 2019 gratiam
1367 1970 1641 2009 Christiobolum
1663 1983 1705 2009 ex
1715 1970 1936 2006 Ecclesiastica
1957 1969 2099 2006 faculta-

1216 2031 1248 2054 te
1267 2046 1275 2054 .
1301 2021 1365 2060 Sed
1384 2033 1425 2056 ex
1449 2020 1502 2058 his
1521 2046 1533 2062 ‚
1559 2033 1629 2066 quae
1652 2019 1740 2058 mihi
1767 2020 1944 2058 direxerint
1964 2018 2099 2060 Amici,

1215 2066 1325 2107 habeo
1349 2069 1389 2103 ad
1402 2071 1597 2107 animalium
1615 2069 1872 2106 conductionem
1885 2095 1895 2104 ι
1919 2070 1963 2106 Et
1973 2070 2017 2105 sic
2027 2069 2100 2106 sum

1214 2117 1364 2162 quotidie
1377 2118 1464 2161 quafi
1489 2118 1526 2152 in
1545 2119 1683 2155 frixoria
1709 2118 1853 2161 pontus,
1879 2118 2033 2153 Domino
2052 2126 2099 2152 te-

1214 2167 1275 2204 ste.
1307 2166 1544 2214 Absqueenim
1564 2167 1750 2204 neceffitate
1771 2166 1961 2204 irrefutabili
1974 2166 2098 2204 Pascua

1214 2227 1285 2253 non
1308 2217 1462 2260 relinquo
1481 2239 1493 2257 ,
1518 2217 1586 2251 Dei
1607 2216 1772 2259 judicium.
1788 2225 1939 2254 metuens
1958 2239 1971 2256 ‚
1996 2227 2039 2253 ne
2062 2217 2098 2255 δε

1215 2264 1270 2302 hic
1281 2264 1367 2303 inter
1385 2265 1587 2302 tentationes
1597 2265 1689 2303 abeo
1698 2266 1919 2307 constitutus,
1946 2265 2026 2304 &in
2049 2266 2100 2303 fu-

1215 2325 1290 2353 turo
1310 2314 1472 2353 rationem
1494 2315 1673 2350 relidiionis
1693 2315 1859 2353 exsolvam
1881 2340 1892 2350 .
1917 2315 2099 2355 Neceffitas

1214 2374 1324 2403 autem
1345 2366 1379 2401 &
1391 2364 1446 2403 hic
1469 2377 1530 2402 nos
1549 2365 1568 2399 a
1590 2365 1819 2407 dubitatione,
1845 2365 1958 2402 &illic
1976 2365 1994 2401 ὲ
2006 2365 2097 2404 dam·

1214 2417 1349 2454 natione
1359 2415 1482 2453 liberos
1488 2415 1610 2459 praestat
1621 2432 1629 2449 ·.
1657 2415 1739 2451 Non
1751 2416 1853 2461 igitur
1863 2415 1960 2459 hujus
1969 2415 2017 2452 rei
2029 2426 2100 2460 gra·

1215 2467 1262 2504 tia
1283 2475 1338 2503 tua
1351 2465 1559 2510 Religiofitas
1581 2465 1752 2515 fatigetur,
1778 2464 1833 2504 sed
1844 2475 1916 2504 oret
1928 2476 1988 2513 pro
1998 2464 2099 2504 nobis

1215 2516 1467 2555 tantummodd2

1402 2672 1907 2717 Scuotron.

1320 2816 1391 2853 AEc
1414 2815 1561 2861 Epistola
1581 2826 1650 2851 non
1670 2815 1715 2850 est
1737 2813 1881 2859 integra.
1908 2815 2095 2851 Dumtaxat

1344 2868 1419 2902 sunt
1433 2866 1501 2900 duo
1511 2866 1789 2911 ejusfragmenta.
1816 2865 1954 2904 Primo,
1979 2862 2094 2901 Theo·

1213 2915 1510 2962 doretumgraviter
1522 2916 1633 2960 culpat
1659 2915 1701 2951 de
1727 2914 1970 2950 inconstantia:
1997 2912 2094 2949 Affir-

1214 2978 1280 3005 mat
1302 2967 1363 3004 effe
1375 2967 1616 3002 Vertumnum.
1643 2963 1816 3004 Secundo,
1841 2961 2094 3000 damnaremini-

1214 3018 1258 3055 no
1279 3017 1403 3063 ‚cyrilli
1429 3017 1513 3052 circa
1542 3016 1690 3053 Nestorii
1721 3014 1915 3059 quaestiones
1945 3013 2093 3057 Scripta:

1215 3070 1294 3106 Non
1315 3068 1487 3103 dumtaxat
1509 3066 1661 3112 Capitula
1682 3090 1694 3109 ,
1717 3066 1770 3101 sed
1790 3065 1890 3100 etiam
1910 3063 2096 3108 pacificato-

1217 3120 1297 3155 riam
1307 3117 1487 3162 Epistulam
1500 3118 1542 3153 ad
1569 3117 1756 3161 Eulogium
1772 3114 2025 3159 Presbyterum,
2051 3111 2097 3148 E-

1217 3167 1364 3214 pistolam
1374 3167 1416 3203 ad
1435 3167 1716 3214 Theognostum‚
1741 3165 2030 3210 Charmosynum,
2056 3172 2096 3200 ac

1218 3219 1394 3255 Leontium
1406 3241 1417 3257 ,
1442 3229 1480 3253 ac
1506 3218 1686 3264 Epistolatn
1699 3216 1740 3253 ad
1752 3216 2001 3251 Melitinensem
2013 3213 2096 3250 Aca,

1218 3270 1325 3305 cium.
1352 3268 1526 3315 Qioniam
1549 3269 1586 3304 in
1604 3268 1673 3304 istis
1683 3266 1839 3303 omnibus
1849 3261 2092 3300 confirmato.-

1219 3319 1319 3365 pitula
1330 3343 1342 3360 ,
1368 3319 1522 3363 profitens
1535 3321 1566 3354 se
1578 3318 1620 3354 ab
1631 3318 1698 3354 illis
1707 3328 1768 3352 nee
1778 3316 1931 3351 receffiffe
1943 3325 2003 3350 nec
2011 3318 2091 3348 rece·

1219 3371 1312 3412 dete,
1339 3380 1401 3405 nec
1410 3369 1601 3406 recessurum
1612 3393 1621 3404 .
1641 3367 1755 3437 Etiam
1765 3361 2094 3443 damnat-Barbam!
