<?xml version="1.0" encoding="UTF-8"?>
<!DOCTYPE html PUBLIC "-//W3C//DTD XHTML 1.0 Transitional//EN"
    "http://www.w3.org/TR/xhtml1/DTD/xhtml1-transitional.dtd">
<html xmlns="http://www.w3.org/1999/xhtml" xml:lang="en" lang="en">
 <head>
  <title>
</title>
<meta http-equiv="Content-Type" content="text/html;charset=utf-8" />
  <meta name='ocr-system' content='tesseract 3.04.00' />
  <meta name='ocr-capabilities' content='ocr_page ocr_carea ocr_par ocr_line ocrx_word'/>
</head>
<body>
  <div class='ocr_page' id='page_1' title='image "./operaomniastudio07lupuuoft/operaomniastudio07lupuuoft_0290.png"; bbox 0 0 2320 3730; ppageno 0'>
   <div class='ocr_carea' id='block_1_1' title="bbox 348 198 447 254">
    <p class='ocr_par' dir='ltr' id='par_1_1' title="bbox 348 198 447 254">
     <span class='ocr_line' id='line_1_1' title="bbox 348 198 447 254; baseline 0 -10"><span class='ocrx_word' id='word_1_1' title='bbox 348 198 447 254; x_wconf 86' lang='lat'>284</span> 
     </span>
    </p>
   </div>
   <div class='ocr_carea' id='block_1_2' title="bbox 235 270 1169 1514">
    <p class='ocr_par' dir='ltr' id='par_1_2' title="bbox 235 270 1169 1514">
     <span class='ocr_line' id='line_1_2' title="bbox 277 270 1169 321; baseline -0.012 -8"><span class='ocrx_word' id='word_1_2' title='bbox 277 280 308 313; x_wconf 73' lang='lat' dir='ltr'>ta</span> <span class='ocrx_word' id='word_1_3' title='bbox 321 305 331 321; x_wconf 92' lang='lat'>,</span> <span class='ocrx_word' id='word_1_4' title='bbox 357 289 450 321; x_wconf 86' lang='lat' dir='ltr'>quam</span> <span class='ocrx_word' id='word_1_5' title='bbox 460 277 506 310; x_wconf 87' lang='lat' dir='ltr'>ad</span> <span class='ocrx_word' id='word_1_6' title='bbox 515 275 686 313; x_wconf 68' lang='lat' dir='ltr'>orientales</span> <span class='ocrx_word' id='word_1_7' title='bbox 692 284 755 320; x_wconf 77' lang='lat' dir='ltr'>pm</span> <span class='ocrx_word' id='word_1_8' title='bbox 762 282 867 312; x_wconf 66' lang='lat' dir='ltr'>unione</span> <span class='ocrx_word' id='word_1_9' title='bbox 892 276 927 308; x_wconf 71' lang='grc' dir='ltr'>ὀ·</span> <span class='ocrx_word' id='word_1_10' title='bbox 941 281 1015 314; x_wconf 80' lang='lat' dir='ltr'>pace</span> <span class='ocrx_word' id='word_1_11' title='bbox 1035 270 1075 303; x_wconf 82' lang='lat' dir='ltr'>de</span> <span class='ocrx_word' id='word_1_12' title='bbox 1095 270 1169 302; x_wconf 86' lang='lat' dir='ltr'>dua·</span> 
     </span>
     <span class='ocr_line' id='line_1_3' title="bbox 275 319 1169 371; baseline -0.01 -9"><span class='ocrx_word' id='word_1_13' title='bbox 275 330 332 362; x_wconf 80' lang='lat' dir='ltr'>bus</span> <span class='ocrx_word' id='word_1_14' title='bbox 342 333 460 361; x_wconf 78' lang='lat' dir='ltr'>naturis</span> <span class='ocrx_word' id='word_1_15' title='bbox 468 325 599 370; x_wconf 74' lang='lat' dir='ltr'>scripfit.</span> <span class='ocrx_word' id='word_1_16' title='bbox 626 327 812 371; x_wconf 87' lang='lat' dir='ltr'>Culparunr</span> <span class='ocrx_word' id='word_1_17' title='bbox 823 336 865 358; x_wconf 83' lang='lat' dir='ltr'>ex</span> <span class='ocrx_word' id='word_1_18' title='bbox 879 323 946 357; x_wconf 88' lang='lat' dir='ltr'>alio</span> <span class='ocrx_word' id='word_1_19' title='bbox 966 321 1003 354; x_wconf 78' lang='grc' dir='ltr'>δε</span> <span class='ocrx_word' id='word_1_20' title='bbox 1026 320 1092 353; x_wconf 90' lang='lat' dir='ltr'>alio</span> <span class='ocrx_word' id='word_1_21' title='bbox 1107 319 1169 353; x_wconf 87' lang='lat' dir='ltr'>Ca·</span> 
     </span>
     <span class='ocr_line' id='line_1_4' title="bbox 235 369 1167 422; baseline -0.009 -10"><span class='ocrx_word' id='word_1_22' title='bbox 235 411 237 414; x_wconf 83' lang='grc'>,</span> <span class='ocrx_word' id='word_1_23' title='bbox 276 379 345 422; x_wconf 89' lang='lat' dir='ltr'>pite</span> <span class='ocrx_word' id='word_1_24' title='bbox 355 391 363 410; x_wconf 85' lang='grc'>;</span> <span class='ocrx_word' id='word_1_25' title='bbox 374 379 510 412; x_wconf 80' lang='lat' dir='ltr'>Irenaeus</span> <span class='ocrx_word' id='word_1_26' title='bbox 523 389 562 412; x_wconf 90' lang='lat' dir='ltr'>ac</span> <span class='ocrx_word' id='word_1_27' title='bbox 573 377 640 421; x_wconf 85' lang='lat' dir='ltr'>ejus</span> <span class='ocrx_word' id='word_1_28' title='bbox 651 373 834 420; x_wconf 80' lang='lat' dir='ltr'>Symmistae</span> <span class='ocrx_word' id='word_1_29' title='bbox 846 369 1167 414; x_wconf 85' lang='lat' dir='ltr'>Apollinaristicam,</span> 
     </span>
     <span class='ocr_line' id='line_1_5' title="bbox 272 419 1167 472; baseline -0.01 -11"><span class='ocrx_word' id='word_1_30' title='bbox 272 437 308 463; x_wconf 79' lang='lat' dir='ltr'>at</span> <span class='ocrx_word' id='word_1_31' title='bbox 326 426 404 462; x_wconf 77' lang='lat' dir='ltr'>vero</span> <span class='ocrx_word' id='word_1_32' title='bbox 428 427 565 472; x_wconf 86' lang='lat' dir='ltr'>quidam</span> <span class='ocrx_word' id='word_1_33' title='bbox 588 423 793 468; x_wconf 85' lang='lat' dir='ltr'>Eutychiani</span> <span class='ocrx_word' id='word_1_34' title='bbox 818 419 985 454; x_wconf 68' lang='lat' dir='ltr'>dixerunt‘</span> <span class='ocrx_word' id='word_1_35' title='bbox 996 419 1167 454; x_wconf 87' lang='lat' dir='ltr'>Nestoria-</span> 
     </span>
     <span class='ocr_line' id='line_1_6' title="bbox 274 468 1167 513; baseline -0.011 -1"><span class='ocrx_word' id='word_1_36' title='bbox 274 489 351 513; x_wconf 86' lang='lat' dir='ltr'>nam</span> <span class='ocrx_word' id='word_1_37' title='bbox 364 503 373 511; x_wconf 88' lang='lat'><strong>.</strong></span> <span class='ocrx_word' id='word_1_38' title='bbox 400 476 514 513; x_wconf 83' lang='lat' dir='ltr'>Ambo</span> <span class='ocrx_word' id='word_1_39' title='bbox 528 479 592 511; x_wconf 77' lang='lat' dir='ltr'>sine</span> <span class='ocrx_word' id='word_1_40' title='bbox 601 474 820 509; x_wconf 87' lang='lat' dir='ltr'>fundamento</span> <span class='ocrx_word' id='word_1_41' title='bbox 834 496 842 503; x_wconf 88' lang='lat'><strong>.</strong></span> <span class='ocrx_word' id='word_1_42' title='bbox 869 470 1004 504; x_wconf 88' lang='lat' dir='ltr'>Etenim</span> <span class='ocrx_word' id='word_1_43' title='bbox 1026 468 1094 503; x_wconf 88' lang='lat' dir='ltr'>haec</span> <span class='ocrx_word' id='word_1_44' title='bbox 1116 482 1167 513; x_wconf 89' lang='lat' dir='ltr'>pa-</span> 
     </span>
     <span class='ocr_line' id='line_1_7' title="bbox 272 518 1164 573; baseline -0.011 -10"><span class='ocrx_word' id='word_1_45' title='bbox 272 528 320 563; x_wconf 85' lang='lat' dir='ltr'>cis</span> <span class='ocrx_word' id='word_1_46' title='bbox 330 528 467 573; x_wconf 83' lang='lat' dir='ltr'>epistola</span> <span class='ocrx_word' id='word_1_47' title='bbox 480 528 524 562; x_wconf 88' lang='lat' dir='ltr'>est</span> <span class='ocrx_word' id='word_1_48' title='bbox 541 535 636 561; x_wconf 81' lang='lat' dir='ltr'>tantae</span> <span class='ocrx_word' id='word_1_49' title='bbox 649 520 872 558; x_wconf 84' lang='lat' dir='ltr'>Authoritatis</span> <span class='ocrx_word' id='word_1_50' title='bbox 885 544 896 560; x_wconf 93' lang='lat'>,</span> <span class='ocrx_word' id='word_1_51' title='bbox 909 528 946 555; x_wconf 89' lang='lat' dir='ltr'>ut</span> <span class='ocrx_word' id='word_1_52' title='bbox 955 520 1056 563; x_wconf 88' lang='lat' dir='ltr'>ipsam</span> <span class='ocrx_word' id='word_1_53' title='bbox 1069 518 1164 554; x_wconf 85' lang='lat' dir='ltr'>Chal-</span> 
     </span>
     <span class='ocr_line' id='line_1_8' title="bbox 275 570 1164 620; baseline -0.013 -5"><span class='ocrx_word' id='word_1_54' title='bbox 275 578 466 616; x_wconf 85' lang='lat' dir='ltr'>cedonenfis</span> <span class='ocrx_word' id='word_1_55' title='bbox 482 575 636 620; x_wconf 90' lang='lat' dir='ltr'>Synodus</span> <span class='ocrx_word' id='word_1_56' title='bbox 646 573 791 618; x_wconf 89' lang='lat' dir='ltr'>probarit</span> <span class='ocrx_word' id='word_1_57' title='bbox 802 597 812 612; x_wconf 93' lang='lat'><em>‚</em></span> <span class='ocrx_word' id='word_1_58' title='bbox 840 582 878 604; x_wconf 86' lang='lat' dir='ltr'>ac</span> <span class='ocrx_word' id='word_1_59' title='bbox 891 572 983 605; x_wconf 90' lang='lat' dir='ltr'>suam</span> <span class='ocrx_word' id='word_1_60' title='bbox 1006 570 1119 604; x_wconf 88' lang='lat' dir='ltr'>fecerit</span> <span class='ocrx_word' id='word_1_61' title='bbox 1130 571 1164 604; x_wconf 91' lang='lat' dir='ltr'>in</span> 
     </span>
     <span class='ocr_line' id='line_1_9' title="bbox 272 620 1164 673; baseline -0.01 -11"><span class='ocrx_word' id='word_1_62' title='bbox 272 628 340 673; x_wconf 88' lang='lat' dir='ltr'>ipsa</span> <span class='ocrx_word' id='word_1_63' title='bbox 351 627 547 664; x_wconf 85' lang='lat' dir='ltr'>definitione</span> <span class='ocrx_word' id='word_1_64' title='bbox 559 625 635 659; x_wconf 88' lang='lat' dir='ltr'>fidei</span> <span class='ocrx_word' id='word_1_65' title='bbox 650 639 661 658; x_wconf 74' lang='lat' dir='ltr'><em>s</em></span> <span class='ocrx_word' id='word_1_66' title='bbox 690 621 829 665; x_wconf 83' lang='lat' dir='ltr'>Praesens</span> <span class='ocrx_word' id='word_1_67' title='bbox 842 620 954 654; x_wconf 66' lang='lat' dir='ltr'>sanHa</span> <span class='ocrx_word' id='word_1_68' title='bbox 963 646 974 662; x_wconf 83' lang='lat'>‚</span> <span class='ocrx_word' id='word_1_69' title='bbox 988 622 1023 655; x_wconf 67' lang='grc'>6·</span> <span class='ocrx_word' id='word_1_70' title='bbox 1035 632 1164 665; x_wconf 78' lang='lat' dir='ltr'>magna,</span> 
     </span>
     <span class='ocr_line' id='line_1_10' title="bbox 271 672 1164 722; baseline -0.01 -9"><span class='ocrx_word' id='word_1_71' title='bbox 271 680 305 713; x_wconf 69' lang='grc' dir='ltr'>ό·</span> <span class='ocrx_word' id='word_1_72' title='bbox 317 676 445 722; x_wconf 80' lang='lat' dir='ltr'>univers</span> <span class='ocrx_word' id='word_1_73' title='bbox 439 678 498 711; x_wconf 68' lang='lat' dir='ltr'>alis</span> <span class='ocrx_word' id='word_1_74' title='bbox 509 677 641 715; x_wconf 75' lang='lat' dir='ltr'><em>synodus</em></span> <span class='ocrx_word' id='word_1_75' title='bbox 661 673 749 715; x_wconf 81' lang='lat' dir='ltr'>Epist</span> <span class='ocrx_word' id='word_1_76' title='bbox 754 674 819 707; x_wconf 84' lang='lat' dir='ltr'>olas</span> <span class='ocrx_word' id='word_1_77' title='bbox 836 673 991 711; x_wconf 71' lang='lat' dir='ltr'>synodicas</span> <span class='ocrx_word' id='word_1_78' title='bbox 1003 672 1164 712; x_wconf 73' lang='lat' dir='ltr'>Beatffmi</span> 
     </span>
     <span class='ocr_line' id='line_1_11' title="bbox 271 721 1164 768; baseline -0.011 -4"><span class='ocrx_word' id='word_1_79' title='bbox 271 731 374 768; x_wconf 64' lang='lat' dir='ltr'>cyrill}</span> <span class='ocrx_word' id='word_1_80' title='bbox 389 751 400 768; x_wconf 89' lang='lat'>,</span> <span class='ocrx_word' id='word_1_81' title='bbox 426 728 644 761; x_wconf 66' lang='lat' dir='ltr'>Alexandrina.-</span> <span class='ocrx_word' id='word_1_82' title='bbox 658 722 795 765; x_wconf 81' lang='lat' dir='ltr'>Ecclefiae</span> <span class='ocrx_word' id='word_1_83' title='bbox 815 721 982 765; x_wconf 76' lang='lat' dir='ltr'>Praesulis,</span> <span class='ocrx_word' id='word_1_84' title='bbox 1008 723 1053 754; x_wconf 87' lang='lat' dir='ltr'>ad</span> <span class='ocrx_word' id='word_1_85' title='bbox 1063 722 1164 762; x_wconf 82' lang='lat' dir='ltr'>Nesto-</span> 
     </span>
     <span class='ocr_line' id='line_1_12' title="bbox 269 770 1163 818; baseline -0.008 -6"><span class='ocrx_word' id='word_1_86' title='bbox 269 785 368 818; x_wconf 79' lang='lat' dir='ltr'>rium,</span> <span class='ocrx_word' id='word_1_87' title='bbox 394 778 428 809; x_wconf 68' lang='grc' dir='ltr'>ὀ·</span> <span class='ocrx_word' id='word_1_88' title='bbox 459 778 504 809; x_wconf 82' lang='lat' dir='ltr'>ad</span> <span class='ocrx_word' id='word_1_89' title='bbox 515 775 687 809; x_wconf 76' lang='lat' dir='ltr'><em>orientales</em></span> <span class='ocrx_word' id='word_1_90' title='bbox 702 799 714 816; x_wconf 94' lang='lat'>,</span> <span class='ocrx_word' id='word_1_91' title='bbox 739 781 930 818; x_wconf 82' lang='lat' dir='ltr'><em>congruenter</em></span> <span class='ocrx_word' id='word_1_92' title='bbox 950 771 1095 806; x_wconf 75' lang='lat' dir='ltr'>babentes</span> <span class='ocrx_word' id='word_1_93' title='bbox 1115 770 1163 815; x_wconf 63' lang='lat' dir='ltr'>fit-</span> 
     </span>
     <span class='ocr_line' id='line_1_13' title="bbox 265 823 1163 870; baseline -0.003 -11"><span class='ocrx_word' id='word_1_94' title='bbox 265 826 359 870; x_wconf 82' lang='lat' dir='ltr'>scepit</span> <span class='ocrx_word' id='word_1_95' title='bbox 372 851 380 859; x_wconf 89' lang='lat'><strong>.</strong></span> <span class='ocrx_word' id='word_1_96' title='bbox 406 825 558 860; x_wconf 82' lang='lat' dir='ltr'>Eandem</span> <span class='ocrx_word' id='word_1_97' title='bbox 582 824 642 859; x_wconf 86' lang='lat' dir='ltr'>fibi</span> <span class='ocrx_word' id='word_1_98' title='bbox 664 823 790 859; x_wconf 89' lang='lat' dir='ltr'>curavit</span> <span class='ocrx_word' id='word_1_99' title='bbox 801 824 991 858; x_wconf 86' lang='lat' dir='ltr'>solemniter</span> <span class='ocrx_word' id='word_1_100' title='bbox 1010 823 1140 868; x_wconf 84' lang='lat' dir='ltr'>praelegi</span> <span class='ocrx_word' id='word_1_101' title='bbox 1152 846 1163 863; x_wconf 95' lang='lat'>,</span> 
     </span>
     <span class='ocr_line' id='line_1_14' title="bbox 266 874 1161 920; baseline -0.006 -9"><span class='ocrx_word' id='word_1_102' title='bbox 266 878 302 911; x_wconf 73' lang='grc' dir='ltr'>δε</span> <span class='ocrx_word' id='word_1_103' title='bbox 321 875 364 911; x_wconf 88' lang='lat' dir='ltr'>ad</span> <span class='ocrx_word' id='word_1_104' title='bbox 385 876 488 920; x_wconf 84' lang='lat' dir='ltr'>ipsam</span> <span class='ocrx_word' id='word_1_105' title='bbox 515 874 664 910; x_wconf 84' lang='lat' dir='ltr'>auditam</span> <span class='ocrx_word' id='word_1_106' title='bbox 686 885 803 910; x_wconf 89' lang='lat' dir='ltr'>omnes</span> <span class='ocrx_word' id='word_1_107' title='bbox 827 874 982 917; x_wconf 83' lang='lat' dir='ltr'>Episcopi</span> <span class='ocrx_word' id='word_1_108' title='bbox 1004 874 1161 907; x_wconf 83' lang='lat' dir='ltr'>exclama-</span> 
     </span>
     <span class='ocr_line' id='line_1_15' title="bbox 269 924 1162 968; baseline -0.003 -8"><span class='ocrx_word' id='word_1_109' title='bbox 269 938 367 961; x_wconf 80' lang='lat' dir='ltr'>runt:</span> <span class='ocrx_word' id='word_1_110' title='bbox 393 924 551 968; x_wconf 81' lang='lat' dir='ltr'>Omnesfic</span> <span class='ocrx_word' id='word_1_111' title='bbox 565 926 715 960; x_wconf 76' lang='lat' dir='ltr'>credimus</span> <span class='ocrx_word' id='word_1_112' title='bbox 730 950 737 958; x_wconf 93' lang='lat'>.</span> <span class='ocrx_word' id='word_1_113' title='bbox 765 927 845 958; x_wconf 79' lang='lat' dir='ltr'>Sicut</span> <span class='ocrx_word' id='word_1_114' title='bbox 860 925 987 963; x_wconf 65' lang='lat' dir='ltr'>cyrillus</span> <span class='ocrx_word' id='word_1_115' title='bbox 1009 930 1054 957; x_wconf 75' lang='lat' dir='ltr'>ita</span> <span class='ocrx_word' id='word_1_116' title='bbox 1072 925 1162 957; x_wconf 78' lang='lat' dir='ltr'>credi·</span> 
     </span>
     <span class='ocr_line' id='line_1_16' title="bbox 266 974 1163 1016; baseline -0.006 -5"><span class='ocrx_word' id='word_1_117' title='bbox 266 988 335 1011; x_wconf 84' lang='lat' dir='ltr'>mus</span> <span class='ocrx_word' id='word_1_118' title='bbox 350 1001 358 1009; x_wconf 87' lang='lat'><strong>.</strong></span> <span class='ocrx_word' id='word_1_119' title='bbox 387 981 525 1012; x_wconf 82' lang='lat' dir='ltr'>AEterna</span> <span class='ocrx_word' id='word_1_120' title='bbox 547 981 689 1010; x_wconf 78' lang='lat' dir='ltr'>memoria</span> <span class='ocrx_word' id='word_1_121' title='bbox 714 977 816 1016; x_wconf 74' lang='lat' dir='ltr'>cyrilli</span> <span class='ocrx_word' id='word_1_122' title='bbox 830 1000 838 1006; x_wconf 91' lang='lat'>.</span> <span class='ocrx_word' id='word_1_123' title='bbox 864 977 946 1008; x_wconf 76' lang='lat' dir='ltr'>Sicut</span> <span class='ocrx_word' id='word_1_124' title='bbox 967 974 1091 1016; x_wconf 76' lang='lat' dir='ltr'>epistolae</span> <span class='ocrx_word' id='word_1_125' title='bbox 1113 978 1163 1012; x_wconf 78' lang='lat' dir='ltr'>Cy-</span> 
     </span>
     <span class='ocr_line' id='line_1_17' title="bbox 266 1023 1160 1069; baseline -0.003 -10"><span class='ocrx_word' id='word_1_126' title='bbox 266 1028 326 1060; x_wconf 78' lang='lat' dir='ltr'>rilli</span> <span class='ocrx_word' id='word_1_127' title='bbox 337 1026 449 1060; x_wconf 82' lang='lat' dir='ltr'>babent</span> <span class='ocrx_word' id='word_1_128' title='bbox 461 1050 472 1067; x_wconf 90' lang='lat'>‚</span> <span class='ocrx_word' id='word_1_129' title='bbox 497 1032 544 1060; x_wconf 76' lang='lat' dir='ltr'>iter</span> <span class='ocrx_word' id='word_1_130' title='bbox 553 1024 689 1069; x_wconf 74' lang='lat' dir='ltr'>sapimus</span> <span class='ocrx_word' id='word_1_131' title='bbox 700 1051 708 1058; x_wconf 94' lang='lat'>.</span> <span class='ocrx_word' id='word_1_132' title='bbox 734 1029 783 1060; x_wconf 78' lang='lat' dir='ltr'>sic</span> <span class='ocrx_word' id='word_1_133' title='bbox 793 1026 973 1059; x_wconf 77' lang='lat' dir='ltr'><em>credidimus</em></span> <span class='ocrx_word' id='word_1_134' title='bbox 986 1049 998 1066; x_wconf 90' lang='lat'>,</span> <span class='ocrx_word' id='word_1_135' title='bbox 1017 1023 1057 1065; x_wconf 83' lang='lat' dir='ltr'>fic</span> <span class='ocrx_word' id='word_1_136' title='bbox 1072 1025 1160 1057; x_wconf 75' lang='lat' dir='ltr'>credi-</span> 
     </span>
     <span class='ocr_line' id='line_1_18' title="bbox 265 1074 1160 1120; baseline -0.004 -9"><span class='ocrx_word' id='word_1_137' title='bbox 265 1088 334 1111; x_wconf 79' lang='lat' dir='ltr'>mus</span> <span class='ocrx_word' id='word_1_138' title='bbox 348 1102 356 1110; x_wconf 91' lang='lat'><strong>.</strong></span> <span class='ocrx_word' id='word_1_139' title='bbox 383 1077 525 1112; x_wconf 87' lang='lat' dir='ltr'>Easdem</span> <span class='ocrx_word' id='word_1_140' title='bbox 538 1076 660 1112; x_wconf 78' lang='lat' dir='ltr'>litteras</span> <span class='ocrx_word' id='word_1_141' title='bbox 669 1077 765 1120; x_wconf 84' lang='lat' dir='ltr'>plena</span> <span class='ocrx_word' id='word_1_142' title='bbox 777 1075 932 1119; x_wconf 83' lang='lat' dir='ltr'>Synodus</span> <span class='ocrx_word' id='word_1_143' title='bbox 952 1074 1160 1108; x_wconf 79' lang='lat' dir='ltr'>canonizavit</span> 
     </span>
     <span class='ocr_line' id='line_1_19' title="bbox 268 1122 1161 1168; baseline -0.006 -7"><span class='ocrx_word' id='word_1_144' title='bbox 268 1129 306 1161; x_wconf 87' lang='lat' dir='ltr'>in</span> <span class='ocrx_word' id='word_1_145' title='bbox 320 1128 467 1162; x_wconf 85' lang='lat' dir='ltr'>sermone</span> <span class='ocrx_word' id='word_1_146' title='bbox 481 1126 522 1161; x_wconf 88' lang='lat' dir='ltr'>ad</span> <span class='ocrx_word' id='word_1_147' title='bbox 535 1126 722 1168; x_wconf 82' lang='lat' dir='ltr'>Principem</span> <span class='ocrx_word' id='word_1_148' title='bbox 733 1150 741 1157; x_wconf 97' lang='lat'>.</span> <span class='ocrx_word' id='word_1_149' title='bbox 769 1125 813 1158; x_wconf 90' lang='lat' dir='ltr'>Et</span> <span class='ocrx_word' id='word_1_150' title='bbox 826 1123 891 1158; x_wconf 89' lang='lat' dir='ltr'>hoc</span> <span class='ocrx_word' id='word_1_151' title='bbox 901 1122 1060 1166; x_wconf 81' lang='lat' dir='ltr'>judicium</span> <span class='ocrx_word' id='word_1_152' title='bbox 1083 1134 1161 1159; x_wconf 89' lang='lat' dir='ltr'>con-</span> 
     </span>
     <span class='ocr_line' id='line_1_20' title="bbox 265 1171 1159 1218; baseline -0.003 -7"><span class='ocrx_word' id='word_1_153' title='bbox 265 1176 456 1212; x_wconf 73' lang='lat' dir='ltr'>stantiffime</span> <span class='ocrx_word' id='word_1_154' title='bbox 470 1178 593 1218; x_wconf 88' lang='lat' dir='ltr'>semper</span> <span class='ocrx_word' id='word_1_155' title='bbox 621 1173 729 1208; x_wconf 89' lang='lat' dir='ltr'>tenuit</span> <span class='ocrx_word' id='word_1_156' title='bbox 742 1196 752 1213; x_wconf 94' lang='lat'>,</span> <span class='ocrx_word' id='word_1_157' title='bbox 778 1185 816 1207; x_wconf 90' lang='lat' dir='ltr'>ac</span> <span class='ocrx_word' id='word_1_158' title='bbox 828 1171 1063 1217; x_wconf 73' lang='lat' dir='ltr'>religiofiffime</span> <span class='ocrx_word' id='word_1_159' title='bbox 1082 1173 1159 1208; x_wconf 88' lang='lat' dir='ltr'>sem·</span> 
     </span>
     <span class='ocr_line' id='line_1_21' title="bbox 266 1223 1160 1271; baseline -0.003 -10"><span class='ocrx_word' id='word_1_160' title='bbox 266 1238 325 1271; x_wconf 85' lang='lat' dir='ltr'>per</span> <span class='ocrx_word' id='word_1_161' title='bbox 338 1235 488 1260; x_wconf 89' lang='lat' dir='ltr'>venerata</span> <span class='ocrx_word' id='word_1_162' title='bbox 498 1223 546 1259; x_wconf 86' lang='lat' dir='ltr'>est</span> <span class='ocrx_word' id='word_1_163' title='bbox 558 1224 671 1259; x_wconf 87' lang='lat' dir='ltr'>omnis</span> <span class='ocrx_word' id='word_1_164' title='bbox 682 1223 741 1258; x_wconf 92' lang='lat' dir='ltr'>sub</span> <span class='ocrx_word' id='word_1_165' title='bbox 751 1223 835 1258; x_wconf 88' lang='lat' dir='ltr'>coelo</span> <span class='ocrx_word' id='word_1_166' title='bbox 846 1223 1001 1257; x_wconf 73' lang='lat' dir='ltr'>Ecclesia.</span> <span class='ocrx_word' id='word_1_167' title='bbox 1025 1223 1160 1258; x_wconf 61' lang='lat' dir='ltr'>Sanetus</span> 
     </span>
     <span class='ocr_line' id='line_1_22' title="bbox 263 1273 1159 1320; baseline -0.004 -8"><span class='ocrx_word' id='word_1_168' title='bbox 263 1274 473 1320; x_wconf 78' lang='lat' dir='ltr'>sophronius</span> <span class='ocrx_word' id='word_1_169' title='bbox 494 1273 683 1310; x_wconf 73' lang='lat' dir='ltr'>patriarcha</span> <span class='ocrx_word' id='word_1_170' title='bbox 706 1273 1032 1318; x_wconf 86' lang='lat' dir='ltr'>Hierosolymitanus</span> <span class='ocrx_word' id='word_1_171' title='bbox 1053 1274 1089 1308; x_wconf 89' lang='lat' dir='ltr'>in</span> <span class='ocrx_word' id='word_1_172' title='bbox 1101 1274 1159 1318; x_wconf 89' lang='lat' dir='ltr'>Sy-</span> 
     </span>
     <span class='ocr_line' id='line_1_23' title="bbox 263 1323 1157 1369; baseline -0.002 -8"><span class='ocrx_word' id='word_1_173' title='bbox 263 1324 385 1361; x_wconf 78' lang='lat' dir='ltr'>nodica</span> <span class='ocrx_word' id='word_1_174' title='bbox 397 1327 460 1361; x_wconf 81' lang='lat' dir='ltr'>suae</span> <span class='ocrx_word' id='word_1_175' title='bbox 471 1325 729 1361; x_wconf 88' lang='lat' dir='ltr'>consecrationis</span> <span class='ocrx_word' id='word_1_176' title='bbox 741 1323 877 1369; x_wconf 87' lang='lat' dir='ltr'>epistola</span> <span class='ocrx_word' id='word_1_177' title='bbox 889 1348 901 1364; x_wconf 92' lang='lat'>,</span> <span class='ocrx_word' id='word_1_178' title='bbox 924 1335 1023 1368; x_wconf 87' lang='lat' dir='ltr'>quam</span> <span class='ocrx_word' id='word_1_179' title='bbox 1044 1324 1157 1369; x_wconf 87' lang='lat' dir='ltr'>Sergio</span> 
     </span>
     <span class='ocr_line' id='line_1_24' title="bbox 263 1374 1158 1420; baseline -0.002 -10"><span class='ocrx_word' id='word_1_180' title='bbox 263 1376 462 1412; x_wconf 81' lang='lat' dir='ltr'>Patriarchae</span> <span class='ocrx_word' id='word_1_181' title='bbox 487 1375 865 1420; x_wconf 86' lang='lat' dir='ltr'>Constantinopolitano</span> <span class='ocrx_word' id='word_1_182' title='bbox 887 1374 1060 1410; x_wconf 80' lang='lat' dir='ltr'>transmifit</span> <span class='ocrx_word' id='word_1_183' title='bbox 1079 1400 1091 1416; x_wconf 94' lang='lat'>,</span> <span class='ocrx_word' id='word_1_184' title='bbox 1117 1375 1158 1408; x_wconf 90' lang='lat' dir='ltr'>af-</span> 
     </span>
     <span class='ocr_line' id='line_1_25' title="bbox 262 1425 1159 1479; baseline -0.001 -18"><span class='ocrx_word' id='word_1_185' title='bbox 262 1427 476 1464; x_wconf 82' lang='lat' dir='ltr'>firmatillam</span> <span class='ocrx_word' id='word_1_186' title='bbox 488 1427 583 1463; x_wconf 79' lang='lat' dir='ltr'>fuiffe</span> <span class='ocrx_word' id='word_1_187' title='bbox 595 1426 726 1479; x_wconf 81' lang='lat' dir='ltr'>Cyrillo</span> <span class='ocrx_word' id='word_1_188' title='bbox 739 1426 900 1462; x_wconf 72' lang='lat' dir='ltr'>distatam&#39;</span> <span class='ocrx_word' id='word_1_189' title='bbox 917 1425 937 1460; x_wconf 72' lang='lat' dir='ltr'>a</span> <span class='ocrx_word' id='word_1_190' title='bbox 950 1425 1072 1471; x_wconf 81' lang='lat' dir='ltr'>Spiritu</span> <span class='ocrx_word' id='word_1_191' title='bbox 1081 1427 1159 1460; x_wconf 88' lang='lat' dir='ltr'>San-</span> 
     </span>
     <span class='ocr_line' id='line_1_26' title="bbox 262 1478 341 1514; baseline 0.013 -1"><span class='ocrx_word' id='word_1_192' title='bbox 262 1478 316 1513; x_wconf 73' lang='grc' dir='ltr'>ἑὶο</span> <span class='ocrx_word' id='word_1_193' title='bbox 331 1502 341 1514; x_wconf 76' lang='grc'><strong>.</strong></span> 
     </span>
    </p>
   </div>
   <div class='ocr_carea' id='block_1_3' title="bbox 455 1692 1157 1744">
    <p class='ocr_par' dir='ltr' id='par_1_3' title="bbox 455 1692 1157 1744">
     <span class='ocr_line' id='line_1_27' title="bbox 455 1692 1157 1744; baseline -0.007 0"><span class='ocrx_word' id='word_1_194' title='bbox 455 1692 730 1744; x_wconf 88' lang='lat' dir='ltr'>CAPUT</span> <span class='ocrx_word' id='word_1_195' title='bbox 767 1693 959 1743; x_wconf 86' lang='lat' dir='ltr'>CXXII.</span> <span class='ocrx_word' id='word_1_196' title='bbox 995 1708 1157 1741; x_wconf 83' lang='lat'>--210</span> 
     </span>
    </p>
   </div>
   <div class='ocr_carea' id='block_1_4' title="bbox 263 1830 1162 2044">
    <p class='ocr_par' dir='ltr' id='par_1_4' title="bbox 263 1830 1162 2044">
     <span class='ocr_line' id='line_1_28' title="bbox 263 1830 1162 1898; baseline -0.001 -19"><span class='ocrx_word' id='word_1_197' title='bbox 263 1832 427 1884; x_wconf 79' lang='lat' dir='ltr'>Domino</span> <span class='ocrx_word' id='word_1_198' title='bbox 473 1853 551 1882; x_wconf 82' lang='lat' dir='ltr'>meo</span> <span class='ocrx_word' id='word_1_199' title='bbox 586 1830 911 1898; x_wconf 71' lang='lat' dir='ltr'>Reverendffmo</span> <span class='ocrx_word' id='word_1_200' title='bbox 944 1867 957 1892; x_wconf 79' lang='grc'>,</span> <span class='ocrx_word' id='word_1_201' title='bbox 993 1836 1053 1877; x_wconf 67' lang='lat'>&lt;9⁴</span> <span class='ocrx_word' id='word_1_202' title='bbox 1090 1835 1162 1891; x_wconf 74' lang='lat' dir='ltr'>Dei</span> 
     </span>
     <span class='ocr_line' id='line_1_29' title="bbox 332 1899 1162 1971; baseline -0.002 -20"><span class='ocrx_word' id='word_1_203' title='bbox 332 1901 589 1971; x_wconf 74' lang='lat' dir='ltr'>Colentiſjimo</span> <span class='ocrx_word' id='word_1_204' title='bbox 624 1902 959 1967; x_wconf 72' lang='lat' dir='ltr'>Comminssratori</span> <span class='ocrx_word' id='word_1_205' title='bbox 988 1899 1162 1949; x_wconf 75' lang='lat' dir='ltr'>Theodo-</span> 
     </span>
     <span class='ocr_line' id='line_1_30' title="bbox 332 1972 1162 2044; baseline 0 -25"><span class='ocrx_word' id='word_1_206' title='bbox 332 1990 409 2019; x_wconf 82' lang='lat' dir='ltr'>reto</span> <span class='ocrx_word' id='word_1_207' title='bbox 456 1972 640 2044; x_wconf 65' lang='lat' dir='ltr'>Epift⁰p⁰</span> <span class='ocrx_word' id='word_1_208' title='bbox 700 1981 863 2037; x_wconf 66' lang='lat' dir='ltr'>joannes</span> <span class='ocrx_word' id='word_1_209' title='bbox 906 1977 946 2019; x_wconf 80' lang='lat' dir='ltr'>in</span> <span class='ocrx_word' id='word_1_210' title='bbox 1002 1977 1162 2020; x_wconf 75' lang='lat' dir='ltr'>Domino</span> 
     </span>
    </p>
   </div>
   <div class='ocr_carea' id='block_1_5' title="bbox 325 2039 527 2108">
    <p class='ocr_par' dir='ltr' id='par_1_5' title="bbox 325 2039 527 2108">
     <span class='ocr_line' id='line_1_31' title="bbox 325 2039 527 2108; baseline 0.01 -20"><span class='ocrx_word' id='word_1_211' title='bbox 325 2039 501 2108; x_wconf 73' lang='lat' dir='ltr'>fizlutem</span> <span class='ocrx_word' id='word_1_212' title='bbox 511 2077 527 2092; x_wconf 86' lang='lat'><strong>.</strong></span> 
     </span>
    </p>
   </div>
   <div class='ocr_carea' id='block_1_6' title="bbox 269 2169 1171 3417">
    <p class='ocr_par' dir='ltr' id='par_1_6' title="bbox 363 2169 1162 2263">
     <span class='ocr_line' id='line_1_32' title="bbox 363 2169 1155 2215; baseline -0.005 -8"><span class='ocrx_word' id='word_1_213' title='bbox 363 2172 521 2208; x_wconf 86' lang='lat' dir='ltr'>Uoniam</span> <span class='ocrx_word' id='word_1_214' title='bbox 542 2182 611 2215; x_wconf 72' lang='lat' dir='ltr'>quas</span> <span class='ocrx_word' id='word_1_215' title='bbox 632 2171 717 2204; x_wconf 86' lang='lat' dir='ltr'>inter</span> <span class='ocrx_word' id='word_1_216' title='bbox 738 2169 1003 2205; x_wconf 78' lang='lat' dir='ltr'>nosolimDeo</span> <span class='ocrx_word' id='word_1_217' title='bbox 1024 2170 1155 2204; x_wconf 72' lang='lat' dir='ltr'>tantum</span> 
     </span>
     <span class='ocr_line' id='line_1_33' title="bbox 391 2219 1162 2263; baseline -0.003 -9"><span class='ocrx_word' id='word_1_218' title='bbox 391 2219 556 2255; x_wconf 80' lang='lat' dir='ltr'>mediante</span> <span class='ocrx_word' id='word_1_219' title='bbox 577 2219 794 2263; x_wconf 84' lang='lat' dir='ltr'>placuerunt,</span> <span class='ocrx_word' id='word_1_220' title='bbox 820 2229 881 2261; x_wconf 83' lang='lat' dir='ltr'>pro</span> <span class='ocrx_word' id='word_1_221' title='bbox 896 2227 952 2252; x_wconf 90' lang='lat' dir='ltr'>tua</span> <span class='ocrx_word' id='word_1_222' title='bbox 975 2219 1162 2252; x_wconf 87' lang='lat' dir='ltr'>munitione</span> 
     </span>
    </p>

    <p class='ocr_par' dir='ltr' id='par_1_7' title="bbox 406 2266 1163 2311">
     <span class='ocr_line' id='line_1_34' title="bbox 406 2266 1163 2311; baseline -0.007 -5"><span class='ocrx_word' id='word_1_223' title='bbox 406 2272 442 2306; x_wconf 88' lang='lat'>&amp;</span> <span class='ocrx_word' id='word_1_224' title='bbox 455 2268 701 2305; x_wconf 82' lang='lat' dir='ltr'>existimatione</span> <span class='ocrx_word' id='word_1_225' title='bbox 721 2268 824 2302; x_wconf 85' lang='lat' dir='ltr'>etiam</span> <span class='ocrx_word' id='word_1_226' title='bbox 832 2268 870 2301; x_wconf 80' lang='lat' dir='ltr'>in</span> <span class='ocrx_word' id='word_1_227' title='bbox 883 2267 1013 2311; x_wconf 88' lang='lat' dir='ltr'>Scripto</span> <span class='ocrx_word' id='word_1_228' title='bbox 1034 2267 1053 2301; x_wconf 74' lang='lat' dir='ltr'>a</span> <span class='ocrx_word' id='word_1_229' title='bbox 1066 2266 1163 2301; x_wconf 87' lang='lat' dir='ltr'>nobis</span> 
     </span>
    </p>

    <p class='ocr_par' dir='ltr' id='par_1_8' title="bbox 269 2316 1171 3417">
     <span class='ocr_line' id='line_1_35' title="bbox 269 2316 1163 2363; baseline -0.008 -5"><span class='ocrx_word' id='word_1_230' title='bbox 269 2323 342 2359; x_wconf 83' lang='lat' dir='ltr'>dari</span> <span class='ocrx_word' id='word_1_231' title='bbox 366 2332 431 2357; x_wconf 80' lang='lat' dir='ltr'>tuae</span> <span class='ocrx_word' id='word_1_232' title='bbox 454 2320 625 2355; x_wconf 73' lang='lat' dir='ltr'>Sanstitati</span> <span class='ocrx_word' id='word_1_233' title='bbox 639 2317 806 2363; x_wconf 79' lang='lat' dir='ltr'>postulasti</span> <span class='ocrx_word' id='word_1_234' title='bbox 820 2342 832 2360; x_wconf 89' lang='lat'>,</span> <span class='ocrx_word' id='word_1_235' title='bbox 858 2317 936 2353; x_wconf 90' lang='lat' dir='ltr'>Deo</span> <span class='ocrx_word' id='word_1_236' title='bbox 958 2316 1163 2352; x_wconf 83' lang='lat' dir='ltr'>Amiciffime</span> 
     </span>
     <span class='ocr_line' id='line_1_36' title="bbox 270 2367 1163 2416; baseline -0.009 -7"><span class='ocrx_word' id='word_1_237' title='bbox 270 2376 405 2414; x_wconf 82' lang='lat' dir='ltr'>Frater,</span> <span class='ocrx_word' id='word_1_238' title='bbox 431 2371 626 2416; x_wconf 87' lang='lat' dir='ltr'>promittens</span> <span class='ocrx_word' id='word_1_239' title='bbox 649 2369 708 2404; x_wconf 92' lang='lat' dir='ltr'>sub</span> <span class='ocrx_word' id='word_1_240' title='bbox 729 2368 923 2403; x_wconf 82' lang='lat' dir='ltr'>testimonio</span> <span class='ocrx_word' id='word_1_241' title='bbox 939 2367 1007 2402; x_wconf 91' lang='lat' dir='ltr'>Dei</span> <span class='ocrx_word' id='word_1_242' title='bbox 1020 2367 1163 2402; x_wconf 85' lang='lat' dir='ltr'>nulliin-</span> 
     </span>
     <span class='ocr_line' id='line_1_37' title="bbox 272 2416 1164 2467; baseline -0.008 -8"><span class='ocrx_word' id='word_1_243' title='bbox 272 2425 370 2459; x_wconf 87' lang='lat' dir='ltr'>terim</span> <span class='ocrx_word' id='word_1_244' title='bbox 384 2421 451 2457; x_wconf 77' lang='lat' dir='ltr'>haec</span> <span class='ocrx_word' id='word_1_245' title='bbox 469 2420 640 2467; x_wconf 88' lang='lat' dir='ltr'>prodenda</span> <span class='ocrx_word' id='word_1_246' title='bbox 651 2445 663 2461; x_wconf 90' lang='lat'>,</span> <span class='ocrx_word' id='word_1_247' title='bbox 687 2420 746 2454; x_wconf 84' lang='lat' dir='ltr'>nifi</span> <span class='ocrx_word' id='word_1_248' title='bbox 757 2417 843 2454; x_wconf 77' lang='lat' dir='ltr'>forte</span> <span class='ocrx_word' id='word_1_249' title='bbox 862 2417 934 2463; x_wconf 86' lang='lat' dir='ltr'>post</span> <span class='ocrx_word' id='word_1_250' title='bbox 948 2416 1016 2453; x_wconf 86' lang='lat' dir='ltr'>haec</span> <span class='ocrx_word' id='word_1_251' title='bbox 1036 2427 1164 2462; x_wconf 85' lang='lat' dir='ltr'>tempus</span> 
     </span>
     <span class='ocr_line' id='line_1_38' title="bbox 271 2468 1165 2519; baseline -0.007 -10"><span class='ocrx_word' id='word_1_252' title='bbox 271 2473 419 2519; x_wconf 82' lang='lat' dir='ltr'>exegerit</span> <span class='ocrx_word' id='word_1_253' title='bbox 441 2482 539 2517; x_wconf 87' lang='lat' dir='ltr'>atque</span> <span class='ocrx_word' id='word_1_254' title='bbox 561 2471 750 2512; x_wconf 83' lang='lat' dir='ltr'>neceffitas,</span> <span class='ocrx_word' id='word_1_255' title='bbox 776 2469 862 2504; x_wconf 83' lang='lat' dir='ltr'>ut&#39;le</span> <span class='ocrx_word' id='word_1_256' title='bbox 876 2468 1051 2504; x_wconf 80' lang='lat' dir='ltr'>arbitratus</span> <span class='ocrx_word' id='word_1_257' title='bbox 1070 2469 1165 2510; x_wconf 88' lang='lat' dir='ltr'>sum,</span> 
     </span>
     <span class='ocr_line' id='line_1_39' title="bbox 273 2519 1164 2560; baseline -0.007 -1"><span class='ocrx_word' id='word_1_258' title='bbox 273 2536 312 2560; x_wconf 87' lang='lat' dir='ltr'>ut</span> <span class='ocrx_word' id='word_1_259' title='bbox 337 2524 396 2559; x_wconf 90' lang='lat' dir='ltr'>has</span> <span class='ocrx_word' id='word_1_260' title='bbox 420 2523 544 2558; x_wconf 80' lang='lat' dir='ltr'>litteras</span> <span class='ocrx_word' id='word_1_261' title='bbox 565 2522 607 2558; x_wconf 89' lang='lat' dir='ltr'>ad</span> <span class='ocrx_word' id='word_1_262' title='bbox 627 2532 719 2557; x_wconf 82' lang='lat' dir='ltr'>tuam</span> <span class='ocrx_word' id='word_1_263' title='bbox 738 2520 819 2555; x_wconf 89' lang='lat' dir='ltr'>scrib</span> <span class='ocrx_word' id='word_1_264' title='bbox 841 2531 907 2554; x_wconf 91' lang='lat' dir='ltr'>rem</span> <span class='ocrx_word' id='word_1_265' title='bbox 931 2519 1164 2554; x_wconf 64' lang='lat' dir='ltr'>sanctitatem.</span> 
     </span>
     <span class='ocr_line' id='line_1_40' title="bbox 274 2570 1165 2618; baseline -0.008 -8"><span class='ocrx_word' id='word_1_266' title='bbox 274 2573 384 2611; x_wconf 74' lang='lat' dir='ltr'>Unde</span> <span class='ocrx_word' id='word_1_267' title='bbox 393 2574 521 2608; x_wconf 90' lang='lat' dir='ltr'>Divina</span> <span class='ocrx_word' id='word_1_268' title='bbox 541 2573 649 2618; x_wconf 88' lang='lat' dir='ltr'>gratia</span> <span class='ocrx_word' id='word_1_269' title='bbox 673 2570 924 2613; x_wconf 82' lang='lat' dir='ltr'>complacente,</span> <span class='ocrx_word' id='word_1_270' title='bbox 950 2580 1086 2603; x_wconf 88' lang='lat' dir='ltr'>ornnem</span> <span class='ocrx_word' id='word_1_271' title='bbox 1110 2580 1165 2613; x_wconf 92' lang='lat' dir='ltr'>po-</span> 
     </span>
     <span class='ocr_line' id='line_1_41' title="bbox 275 2618 1165 2660; baseline -0.008 0"><span class='ocrx_word' id='word_1_272' title='bbox 275 2627 426 2660; x_wconf 87' lang='lat' dir='ltr'>testatem</span> <span class='ocrx_word' id='word_1_273' title='bbox 448 2634 510 2658; x_wconf 77' lang='lat' dir='ltr'>tua:</span> <span class='ocrx_word' id='word_1_274' title='bbox 533 2621 655 2656; x_wconf 86' lang='lat' dir='ltr'>tradidi</span> <span class='ocrx_word' id='word_1_275' title='bbox 675 2618 870 2659; x_wconf 73' lang='lat' dir='ltr'>Santstitati,</span> <span class='ocrx_word' id='word_1_276' title='bbox 896 2619 946 2653; x_wconf 91' lang='lat' dir='ltr'>uti</span> <span class='ocrx_word' id='word_1_277' title='bbox 969 2619 1165 2654; x_wconf 87' lang='lat' dir='ltr'>fiducialiter</span> 
     </span>
     <span class='ocr_line' id='line_1_42' title="bbox 276 2668 1165 2713; baseline -0.006 -4"><span class='ocrx_word' id='word_1_278' title='bbox 276 2671 583 2710; x_wconf 86' lang='lat' dir='ltr'>machinationibus</span> <span class='ocrx_word' id='word_1_279' title='bbox 621 2680 721 2713; x_wconf 82' lang='lat' dir='ltr'>atque</span> <span class='ocrx_word' id='word_1_280' title='bbox 754 2668 1052 2713; x_wconf 76' lang='lat' dir='ltr'>dispensationibus</span> <span class='ocrx_word' id='word_1_281' title='bbox 1082 2695 1094 2710; x_wconf 97' lang='lat'>,</span> <span class='ocrx_word' id='word_1_282' title='bbox 1128 2680 1165 2704; x_wconf 91' lang='lat' dir='ltr'>ut</span> 
     </span>
     <span class='ocr_line' id='line_1_43' title="bbox 276 2719 1164 2762; baseline -0.006 -3"><span class='ocrx_word' id='word_1_283' title='bbox 276 2725 408 2760; x_wconf 84' lang='lat' dir='ltr'>Fratres</span> <span class='ocrx_word' id='word_1_284' title='bbox 433 2720 562 2756; x_wconf 89' lang='lat' dir='ltr'>nostros</span> <span class='ocrx_word' id='word_1_285' title='bbox 582 2744 594 2761; x_wconf 92' lang='lat'>,</span> <span class='ocrx_word' id='word_1_286' title='bbox 620 2721 678 2762; x_wconf 89' lang='lat' dir='ltr'>qui</span> <span class='ocrx_word' id='word_1_287' title='bbox 698 2719 717 2753; x_wconf 74' lang='lat' dir='ltr'>a</span> <span class='ocrx_word' id='word_1_288' title='bbox 738 2719 845 2755; x_wconf 88' lang='lat' dir='ltr'>nostra</span> <span class='ocrx_word' id='word_1_289' title='bbox 865 2720 1019 2753; x_wconf 87' lang='lat' dir='ltr'>unitione</span> <span class='ocrx_word' id='word_1_290' title='bbox 1047 2719 1164 2754; x_wconf 84' lang='lat' dir='ltr'>discisfi</span> 
     </span>
     <span class='ocr_line' id='line_1_44' title="bbox 276 2770 1165 2814; baseline -0.006 -6"><span class='ocrx_word' id='word_1_291' title='bbox 276 2776 355 2810; x_wconf 87' lang='lat' dir='ltr'>sunt</span> <span class='ocrx_word' id='word_1_292' title='bbox 382 2799 393 2814; x_wconf 93' lang='lat'>,</span> <span class='ocrx_word' id='word_1_293' title='bbox 418 2773 553 2806; x_wconf 89' lang='lat' dir='ltr'>suorum</span> <span class='ocrx_word' id='word_1_294' title='bbox 574 2770 796 2805; x_wconf 86' lang='lat' dir='ltr'>membrorum</span> <span class='ocrx_word' id='word_1_295' title='bbox 811 2770 1028 2813; x_wconf 85' lang='lat' dir='ltr'>coaptatione</span> <span class='ocrx_word' id='word_1_296' title='bbox 1054 2770 1165 2814; x_wconf 80' lang='lat' dir='ltr'>rejun-</span> 
     </span>
     <span class='ocr_line' id='line_1_45' title="bbox 278 2820 1165 2870; baseline -0.006 -11"><span class='ocrx_word' id='word_1_297' title='bbox 278 2836 337 2870; x_wconf 83' lang='lat' dir='ltr'>gas</span> <span class='ocrx_word' id='word_1_298' title='bbox 351 2836 360 2855; x_wconf 74' lang='grc' dir='ltr'>ι</span> <span class='ocrx_word' id='word_1_299' title='bbox 386 2822 444 2857; x_wconf 87' lang='lat' dir='ltr'>Ut</span> <span class='ocrx_word' id='word_1_300' title='bbox 457 2821 561 2856; x_wconf 88' lang='lat' dir='ltr'>sciens</span> <span class='ocrx_word' id='word_1_301' title='bbox 571 2820 753 2856; x_wconf 84' lang='lat' dir='ltr'>Divinitati</span> <span class='ocrx_word' id='word_1_302' title='bbox 773 2820 838 2854; x_wconf 78' lang='lat' dir='ltr'>effe</span> <span class='ocrx_word' id='word_1_303' title='bbox 850 2820 1086 2864; x_wconf 88' lang='lat' dir='ltr'>complacitum</span> <span class='ocrx_word' id='word_1_304' title='bbox 1096 2832 1165 2855; x_wconf 86' lang='lat' dir='ltr'>om·</span> 
     </span>
     <span class='ocr_line' id='line_1_46' title="bbox 278 2869 1165 2915; baseline -0.005 -6"><span class='ocrx_word' id='word_1_305' title='bbox 278 2874 378 2909; x_wconf 87' lang='lat' dir='ltr'>nibus</span> <span class='ocrx_word' id='word_1_306' title='bbox 388 2872 429 2907; x_wconf 89' lang='lat' dir='ltr'>ad</span> <span class='ocrx_word' id='word_1_307' title='bbox 443 2870 509 2906; x_wconf 87' lang='lat' dir='ltr'>hoc</span> <span class='ocrx_word' id='word_1_308' title='bbox 519 2870 570 2906; x_wconf 90' lang='lat' dir='ltr'>uti</span> <span class='ocrx_word' id='word_1_309' title='bbox 592 2870 719 2910; x_wconf 89' lang='lat' dir='ltr'>modis,</span> <span class='ocrx_word' id='word_1_310' title='bbox 745 2869 983 2914; x_wconf 86' lang='lat' dir='ltr'>univerfisque,</span> <span class='ocrx_word' id='word_1_311' title='bbox 1010 2880 1107 2915; x_wconf 85' lang='lat' dir='ltr'>prout</span> <span class='ocrx_word' id='word_1_312' title='bbox 1119 2870 1165 2905; x_wconf 84' lang='lat' dir='ltr'>est</span> 
     </span>
     <span class='ocr_line' id='line_1_47' title="bbox 279 2920 1166 2970; baseline -0.006 -11"><span class='ocrx_word' id='word_1_313' title='bbox 279 2922 451 2970; x_wconf 81' lang='lat' dir='ltr'>poffibile,</span> <span class='ocrx_word' id='word_1_314' title='bbox 476 2921 666 2956; x_wconf 78' lang='lat' dir='ltr'>confili1sin</span> <span class='ocrx_word' id='word_1_315' title='bbox 676 2929 748 2955; x_wconf 85' lang='lat' dir='ltr'>eam</span> <span class='ocrx_word' id='word_1_316' title='bbox 758 2921 889 2955; x_wconf 84' lang='lat' dir='ltr'>causam</span> <span class='ocrx_word' id='word_1_317' title='bbox 902 2920 948 2954; x_wconf 89' lang='lat' dir='ltr'>ita</span> <span class='ocrx_word' id='word_1_318' title='bbox 972 2920 1023 2954; x_wconf 92' lang='lat' dir='ltr'>uti</span> <span class='ocrx_word' id='word_1_319' title='bbox 1034 2921 1075 2955; x_wconf 89' lang='lat' dir='ltr'>ad</span> <span class='ocrx_word' id='word_1_320' title='bbox 1087 2932 1166 2962; x_wconf 92' lang='lat' dir='ltr'>eos,</span> 
     </span>
     <span class='ocr_line' id='line_1_48' title="bbox 280 2968 1167 3017; baseline -0.006 -9"><span class='ocrx_word' id='word_1_321' title='bbox 280 2976 305 3009; x_wconf 86' lang='lat' dir='ltr'>fi</span> <span class='ocrx_word' id='word_1_322' title='bbox 331 2975 377 3008; x_wconf 89' lang='lat' dir='ltr'>ita</span> <span class='ocrx_word' id='word_1_323' title='bbox 401 2972 586 3017; x_wconf 80' lang='lat' dir='ltr'>oportuerit</span> <span class='ocrx_word' id='word_1_324' title='bbox 604 2994 615 3010; x_wconf 94' lang='lat'>,</span> <span class='ocrx_word' id='word_1_325' title='bbox 642 2968 816 3006; x_wconf 84' lang='lat' dir='ltr'>leniendos</span> <span class='ocrx_word' id='word_1_326' title='bbox 836 2995 850 3012; x_wconf 90' lang='lat'>,</span> <span class='ocrx_word' id='word_1_327' title='bbox 874 2971 928 3004; x_wconf 90' lang='lat' dir='ltr'>seu</span> <span class='ocrx_word' id='word_1_328' title='bbox 948 2970 1167 3005; x_wconf 88' lang='lat' dir='ltr'>molliendos.</span> 
     </span>
     <span class='ocr_line' id='line_1_49' title="bbox 281 3020 1167 3066; baseline -0.005 -7"><span class='ocrx_word' id='word_1_329' title='bbox 281 3025 330 3059; x_wconf 87' lang='lat' dir='ltr'>Et</span> <span class='ocrx_word' id='word_1_330' title='bbox 351 3023 417 3058; x_wconf 87' lang='lat' dir='ltr'>hoc</span> <span class='ocrx_word' id='word_1_331' title='bbox 436 3023 508 3057; x_wconf 86' lang='lat' dir='ltr'>fieri</span> <span class='ocrx_word' id='word_1_332' title='bbox 539 3020 623 3056; x_wconf 89' lang='lat' dir='ltr'>mihi</span> <span class='ocrx_word' id='word_1_333' title='bbox 641 3020 768 3056; x_wconf 86' lang='lat' dir='ltr'>nullam</span> <span class='ocrx_word' id='word_1_334' title='bbox 799 3020 928 3066; x_wconf 84' lang='lat' dir='ltr'>ingeret</span> <span class='ocrx_word' id='word_1_335' title='bbox 953 3020 1167 3055; x_wconf 85' lang='lat' dir='ltr'>contristatio·</span> 
     </span>
     <span class='ocr_line' id='line_1_50' title="bbox 285 3070 1166 3115; baseline -0.003 -7"><span class='ocrx_word' id='word_1_336' title='bbox 285 3086 361 3108; x_wconf 85' lang='lat' dir='ltr'>nem</span> <span class='ocrx_word' id='word_1_337' title='bbox 373 3097 384 3115; x_wconf 92' lang='lat'>,</span> <span class='ocrx_word' id='word_1_338' title='bbox 413 3074 493 3107; x_wconf 87' lang='lat' dir='ltr'>ficut</span> <span class='ocrx_word' id='word_1_339' title='bbox 504 3073 666 3108; x_wconf 85' lang='lat' dir='ltr'>confiteor</span> <span class='ocrx_word' id='word_1_340' title='bbox 685 3082 800 3107; x_wconf 89' lang='lat' dir='ltr'>coram</span> <span class='ocrx_word' id='word_1_341' title='bbox 809 3071 887 3105; x_wconf 91' lang='lat' dir='ltr'>Deo</span> <span class='ocrx_word' id='word_1_342' title='bbox 901 3094 910 3103; x_wconf 88' lang='lat'><strong>.</strong></span> <span class='ocrx_word' id='word_1_343' title='bbox 934 3070 1024 3104; x_wconf 89' lang='lat' dir='ltr'>Dico</span> <span class='ocrx_word' id='word_1_344' title='bbox 1035 3079 1166 3112; x_wconf 89' lang='lat' dir='ltr'>autem,</span> 
     </span>
     <span class='ocr_line' id='line_1_51' title="bbox 289 3119 1167 3166; baseline -0.002 -9"><span class='ocrx_word' id='word_1_345' title='bbox 289 3123 412 3157; x_wconf 74' lang='lat' dir='ltr'>etiamsi</span> <span class='ocrx_word' id='word_1_346' title='bbox 426 3122 534 3158; x_wconf 85' lang='lat' dir='ltr'>videar</span> <span class='ocrx_word' id='word_1_347' title='bbox 544 3123 631 3166; x_wconf 86' lang='lat' dir='ltr'>apud</span> <span class='ocrx_word' id='word_1_348' title='bbox 641 3121 717 3158; x_wconf 90' lang='lat' dir='ltr'>illos</span> <span class='ocrx_word' id='word_1_349' title='bbox 728 3122 746 3157; x_wconf 72' lang='lat' dir='ltr'>a</span> <span class='ocrx_word' id='word_1_350' title='bbox 759 3129 815 3156; x_wconf 90' lang='lat' dir='ltr'>tua</span> <span class='ocrx_word' id='word_1_351' title='bbox 825 3119 995 3156; x_wconf 88' lang='lat' dir='ltr'>Charitate</span> <span class='ocrx_word' id='word_1_352' title='bbox 1011 3121 1044 3154; x_wconf 73' lang='grc' dir='ltr'>ὃς</span> <span class='ocrx_word' id='word_1_353' title='bbox 1055 3131 1167 3155; x_wconf 89' lang='lat' dir='ltr'>contu-</span> 
     </span>
     <span class='ocr_line' id='line_1_52' title="bbox 286 3171 1168 3217; baseline -0.002 -10"><span class='ocrx_word' id='word_1_354' title='bbox 286 3173 396 3207; x_wconf 87' lang='lat' dir='ltr'>meliis</span> <span class='ocrx_word' id='word_1_355' title='bbox 418 3174 524 3207; x_wconf 85' lang='lat' dir='ltr'>affici.</span> <span class='ocrx_word' id='word_1_356' title='bbox 549 3173 641 3207; x_wconf 87' lang='lat' dir='ltr'>Nam</span> <span class='ocrx_word' id='word_1_357' title='bbox 660 3172 742 3217; x_wconf 89' lang='lat' dir='ltr'>quid</span> <span class='ocrx_word' id='word_1_358' title='bbox 763 3181 832 3207; x_wconf 89' lang='lat' dir='ltr'>tam</span> <span class='ocrx_word' id='word_1_359' title='bbox 852 3181 1012 3216; x_wconf 86' lang='lat' dir='ltr'>magnum</span> <span class='ocrx_word' id='word_1_360' title='bbox 1033 3171 1066 3204; x_wconf 88' lang='lat' dir='ltr'>se</span> <span class='ocrx_word' id='word_1_361' title='bbox 1079 3180 1168 3214; x_wconf 89' lang='lat' dir='ltr'>putet</span> 
     </span>
     <span class='ocr_line' id='line_1_53' title="bbox 289 3221 1169 3266; baseline -0.002 -9"><span class='ocrx_word' id='word_1_362' title='bbox 289 3223 409 3266; x_wconf 83' lang='lat' dir='ltr'>aliquis</span> <span class='ocrx_word' id='word_1_363' title='bbox 419 3222 573 3256; x_wconf 85' lang='lat' dir='ltr'>sustinere</span> <span class='ocrx_word' id='word_1_364' title='bbox 584 3233 642 3266; x_wconf 87' lang='lat' dir='ltr'>pro</span> <span class='ocrx_word' id='word_1_365' title='bbox 655 3232 708 3257; x_wconf 91' lang='lat' dir='ltr'>tot</span> <span class='ocrx_word' id='word_1_366' title='bbox 727 3222 761 3257; x_wconf 77' lang='grc' dir='ltr'>δε</span> <span class='ocrx_word' id='word_1_367' title='bbox 774 3222 889 3257; x_wconf 91' lang='lat' dir='ltr'>talium</span> <span class='ocrx_word' id='word_1_368' title='bbox 900 3223 1048 3256; x_wconf 88' lang='lat' dir='ltr'>Fratrum</span> <span class='ocrx_word' id='word_1_369' title='bbox 1069 3221 1169 3255; x_wconf 88' lang='lat' dir='ltr'>salute</span> 
     </span>
     <span class='ocr_line' id='line_1_54' title="bbox 291 3270 1169 3316; baseline -0.003 -8"><span class='ocrx_word' id='word_1_370' title='bbox 291 3273 329 3308; x_wconf 71' lang='grc' dir='ltr'>ὃ(</span> <span class='ocrx_word' id='word_1_371' title='bbox 349 3283 450 3316; x_wconf 91' lang='lat' dir='ltr'>pace,</span> <span class='ocrx_word' id='word_1_372' title='bbox 477 3270 611 3315; x_wconf 87' lang='lat' dir='ltr'>quando</span> <span class='ocrx_word' id='word_1_373' title='bbox 630 3271 695 3315; x_wconf 82' lang='lat' dir='ltr'>ipse</span> <span class='ocrx_word' id='word_1_374' title='bbox 716 3273 868 3307; x_wconf 90' lang='lat' dir='ltr'>omnium</span> <span class='ocrx_word' id='word_1_375' title='bbox 885 3270 1074 3311; x_wconf 82' lang='lat' dir='ltr'>Dominus,</span> <span class='ocrx_word' id='word_1_376' title='bbox 1100 3272 1169 3305; x_wconf 89' lang='lat' dir='ltr'>uni-</span> 
     </span>
     <span class='ocr_line' id='line_1_55' title="bbox 287 3320 1170 3361; baseline -0.001 -4"><span class='ocrx_word' id='word_1_377' title='bbox 287 3333 350 3357; x_wconf 85' lang='lat' dir='ltr'>cus</span> <span class='ocrx_word' id='word_1_378' title='bbox 361 3321 447 3356; x_wconf 87' lang='lat' dir='ltr'>filius</span> <span class='ocrx_word' id='word_1_379' title='bbox 458 3321 524 3355; x_wconf 88' lang='lat' dir='ltr'>Dei</span> <span class='ocrx_word' id='word_1_380' title='bbox 536 3344 548 3361; x_wconf 91' lang='lat'>,</span> <span class='ocrx_word' id='word_1_381' title='bbox 572 3330 699 3355; x_wconf 90' lang='lat' dir='ltr'>tantam</span> <span class='ocrx_word' id='word_1_382' title='bbox 710 3322 1014 3357; x_wconf 74' lang='lat' dir='ltr'>condescensionem</span> <span class='ocrx_word' id='word_1_383' title='bbox 1025 3320 1170 3356; x_wconf 74' lang='lat' dir='ltr'>ultronee</span> 
     </span>
     <span class='ocr_line' id='line_1_56' title="bbox 294 3370 1171 3417; baseline -0.002 -7"><span class='ocrx_word' id='word_1_384' title='bbox 294 3371 437 3410; x_wconf 83' lang='lat' dir='ltr'>ostendit</span> <span class='ocrx_word' id='word_1_385' title='bbox 447 3382 507 3416; x_wconf 81' lang='lat' dir='ltr'>pro</span> <span class='ocrx_word' id='word_1_386' title='bbox 517 3371 627 3408; x_wconf 84' lang='lat' dir='ltr'>nostra</span> <span class='ocrx_word' id='word_1_387' title='bbox 641 3370 764 3409; x_wconf 76' lang='lat' dir='ltr'>salute?</span> <span class='ocrx_word' id='word_1_388' title='bbox 791 3372 896 3417; x_wconf 82' lang='lat' dir='ltr'>Cujus</span> <span class='ocrx_word' id='word_1_389' title='bbox 915 3370 1103 3412; x_wconf 76' lang='lat' dir='ltr'>&amp;nimium</span> <span class='ocrx_word' id='word_1_390' title='bbox 1120 3383 1171 3417; x_wconf 85' lang='lat' dir='ltr'>pe-</span> 
     </span>
    </p>
   </div>
   <div class='ocr_carea' id='block_1_7' title="bbox 703 183 1683 248">
    <p class='ocr_par' dir='ltr' id='par_1_9' title="bbox 703 183 1683 248">
     <span class='ocr_line' id='line_1_57' title="bbox 703 183 1683 248; baseline -0.009 -7"><span class='ocrx_word' id='word_1_391' title='bbox 703 194 1035 242; x_wconf 63' lang='lat' dir='ltr'>vammum</span> <span class='ocrx_word' id='word_1_392' title='bbox 1069 189 1318 233; x_wconf 76' lang='lat' dir='ltr'>PATRUM</span> <span class='ocrx_word' id='word_1_393' title='bbox 1352 183 1683 248; x_wconf 62' lang='lat' dir='ltr'>Erus-rotza,</span> 
     </span>
    </p>
   </div>
   <div class='ocr_carea' id='block_1_8' title="bbox 1226 265 2108 365">
    <p class='ocr_par' dir='ltr' id='par_1_10' title="bbox 1226 265 2108 365">
     <span class='ocr_line' id='line_1_58' title="bbox 1226 265 2108 311; baseline 0.007 -11"><span class='ocrx_word' id='word_1_394' title='bbox 1226 265 1355 300; x_wconf 86' lang='lat' dir='ltr'>culiaris</span> <span class='ocrx_word' id='word_1_395' title='bbox 1367 266 1555 311; x_wconf 80' lang='lat' dir='ltr'>Discipulus</span> <span class='ocrx_word' id='word_1_396' title='bbox 1565 279 1624 311; x_wconf 81' lang='lat' dir='ltr'>pro</span> <span class='ocrx_word' id='word_1_397' title='bbox 1637 269 1701 304; x_wconf 77' lang='lat' dir='ltr'>suis</span> <span class='ocrx_word' id='word_1_398' title='bbox 1711 267 1890 306; x_wconf 71' lang='lat' dir='ltr'>secundum</span> <span class='ocrx_word' id='word_1_399' title='bbox 1905 280 2036 306; x_wconf 83' lang='lat' dir='ltr'>carnem</span> <span class='ocrx_word' id='word_1_400' title='bbox 2046 271 2108 306; x_wconf 53' lang='lat' dir='ltr'>fra&amp;</span> 
     </span>
     <span class='ocr_line' id='line_1_59' title="bbox 1226 314 2107 365; baseline 0.007 -14"><span class='ocrx_word' id='word_1_401' title='bbox 1226 315 1326 351; x_wconf 86' lang='lat' dir='ltr'>tribus</span> <span class='ocrx_word' id='word_1_402' title='bbox 1339 314 1514 351; x_wconf 87' lang='lat' dir='ltr'>anathema</span> <span class='ocrx_word' id='word_1_403' title='bbox 1524 317 1588 351; x_wconf 82' lang='lat' dir='ltr'>effe</span> <span class='ocrx_word' id='word_1_404' title='bbox 1600 317 1619 350; x_wconf 77' lang='lat' dir='ltr'>a</span> <span class='ocrx_word' id='word_1_405' title='bbox 1629 317 1813 353; x_wconf 82' lang='lat' dir='ltr'>chariffimo</span> <span class='ocrx_word' id='word_1_406' title='bbox 1831 322 1866 356; x_wconf 87' lang='lat'>&amp;</span> <span class='ocrx_word' id='word_1_407' title='bbox 1876 322 2107 365; x_wconf 85' lang='lat' dir='ltr'>omnipotente</span> 
     </span>
    </p>
   </div>
   <div class='ocr_carea' id='block_1_9' title="bbox 1223 365 2109 764">
    <p class='ocr_par' dir='ltr' id='par_1_11' title="bbox 1223 365 2109 764">
     <span class='ocr_line' id='line_1_60' title="bbox 1225 365 2107 411; baseline 0.008 -12"><span class='ocrx_word' id='word_1_408' title='bbox 1225 365 1360 410; x_wconf 87' lang='lat' dir='ltr'>optabat</span> <span class='ocrx_word' id='word_1_409' title='bbox 1386 367 1549 411; x_wconf 86' lang='lat' dir='ltr'>Magistro</span> <span class='ocrx_word' id='word_1_410' title='bbox 1563 391 1571 399; x_wconf 92' lang='lat'><strong><em>.</em></strong></span> <span class='ocrx_word' id='word_1_411' title='bbox 1598 365 1833 403; x_wconf 75' lang='lat' dir='ltr'>Nihilominus</span> <span class='ocrx_word' id='word_1_412' title='bbox 1851 371 1928 405; x_wconf 76' lang='lat' dir='ltr'>vero</span> <span class='ocrx_word' id='word_1_413' title='bbox 1946 371 1981 406; x_wconf 77' lang='grc' dir='ltr'>δε</span> <span class='ocrx_word' id='word_1_414' title='bbox 1992 372 2107 407; x_wconf 85' lang='lat' dir='ltr'>beatus</span> 
     </span>
     <span class='ocr_line' id='line_1_61' title="bbox 1227 416 2105 460; baseline 0.006 -10"><span class='ocrx_word' id='word_1_415' title='bbox 1227 417 1362 460; x_wconf 88' lang='lat' dir='ltr'>Moyses</span> <span class='ocrx_word' id='word_1_416' title='bbox 1385 428 1444 460; x_wconf 83' lang='lat' dir='ltr'>pro</span> <span class='ocrx_word' id='word_1_417' title='bbox 1481 417 1580 451; x_wconf 88' lang='lat' dir='ltr'>Israel</span> <span class='ocrx_word' id='word_1_418' title='bbox 1611 416 1788 452; x_wconf 75' lang='lat' dir='ltr'>secundum</span> <span class='ocrx_word' id='word_1_419' title='bbox 1805 429 1935 455; x_wconf 88' lang='lat' dir='ltr'>carnem</span> <span class='ocrx_word' id='word_1_420' title='bbox 1971 422 2013 457; x_wconf 89' lang='lat' dir='ltr'>de</span> <span class='ocrx_word' id='word_1_421' title='bbox 2038 422 2105 456; x_wconf 81' lang='lat' dir='ltr'>vita</span> 
     </span>
     <span class='ocr_line' id='line_1_62' title="bbox 1225 467 2107 514; baseline 0.007 -13"><span class='ocrx_word' id='word_1_422' title='bbox 1225 477 1342 501; x_wconf 87' lang='lat' dir='ltr'>aeterna</span> <span class='ocrx_word' id='word_1_423' title='bbox 1351 467 1449 501; x_wconf 88' lang='lat' dir='ltr'>deleri</span> <span class='ocrx_word' id='word_1_424' title='bbox 1463 467 1629 511; x_wconf 88' lang='lat' dir='ltr'>proposuit</span> <span class='ocrx_word' id='word_1_425' title='bbox 1642 480 1649 500; x_wconf 90' lang='lat'>:</span> <span class='ocrx_word' id='word_1_426' title='bbox 1678 468 1723 502; x_wconf 86' lang='lat' dir='ltr'>Et</span> <span class='ocrx_word' id='word_1_427' title='bbox 1734 467 1821 502; x_wconf 77' lang='lat' dir='ltr'>certe</span> <span class='ocrx_word' id='word_1_428' title='bbox 1831 468 1912 503; x_wconf 87' lang='lat' dir='ltr'>dum</span> <span class='ocrx_word' id='word_1_429' title='bbox 1923 469 2107 514; x_wconf 77' lang='lat' dir='ltr'>loqueretur</span> 
     </span>
     <span class='ocr_line' id='line_1_63' title="bbox 1224 517 2108 563; baseline 0.006 -12"><span class='ocrx_word' id='word_1_430' title='bbox 1224 517 1376 552; x_wconf 89' lang='lat' dir='ltr'>omnium</span> <span class='ocrx_word' id='word_1_431' title='bbox 1402 519 1499 552; x_wconf 89' lang='lat' dir='ltr'>Deo.</span> <span class='ocrx_word' id='word_1_432' title='bbox 1528 519 1611 552; x_wconf 84' lang='lat' dir='ltr'>Haec</span> <span class='ocrx_word' id='word_1_433' title='bbox 1635 518 1760 563; x_wconf 88' lang='lat' dir='ltr'>igitur,</span> <span class='ocrx_word' id='word_1_434' title='bbox 1786 517 1901 563; x_wconf 90' lang='lat' dir='ltr'>hisque</span> <span class='ocrx_word' id='word_1_435' title='bbox 1920 519 2034 556; x_wconf 77' lang='lat' dir='ltr'>nmilia</span> <span class='ocrx_word' id='word_1_436' title='bbox 2054 524 2108 557; x_wconf 75' lang='lat' dir='ltr'>sz-</span> 
     </span>
     <span class='ocr_line' id='line_1_64' title="bbox 1227 567 2107 613; baseline 0.005 -12"><span class='ocrx_word' id='word_1_437' title='bbox 1227 568 1298 610; x_wconf 74' lang='lat' dir='ltr'>pius</span> <span class='ocrx_word' id='word_1_438' title='bbox 1318 578 1416 611; x_wconf 89' lang='lat' dir='ltr'>atque</span> <span class='ocrx_word' id='word_1_439' title='bbox 1438 567 1657 603; x_wconf 81' lang='lat' dir='ltr'>indesinenter</span> <span class='ocrx_word' id='word_1_440' title='bbox 1682 568 1716 602; x_wconf 92' lang='lat' dir='ltr'>in</span> <span class='ocrx_word' id='word_1_441' title='bbox 1737 578 1850 604; x_wconf 89' lang='lat' dir='ltr'>mente</span> <span class='ocrx_word' id='word_1_442' title='bbox 1872 579 1930 603; x_wconf 90' lang='lat' dir='ltr'>tua</span> <span class='ocrx_word' id='word_1_443' title='bbox 1950 569 2107 613; x_wconf 88' lang='lat' dir='ltr'>volvens,</span> 
     </span>
     <span class='ocr_line' id='line_1_65' title="bbox 1225 617 2108 659; baseline 0.003 -7"><span class='ocrx_word' id='word_1_444' title='bbox 1225 618 1301 652; x_wconf 89' lang='lat' dir='ltr'>Deo</span> <span class='ocrx_word' id='word_1_445' title='bbox 1314 617 1520 653; x_wconf 86' lang='lat' dir='ltr'>Amiciffime</span> <span class='ocrx_word' id='word_1_446' title='bbox 1531 619 1662 659; x_wconf 84' lang='lat' dir='ltr'>Frater,</span> <span class='ocrx_word' id='word_1_447' title='bbox 1689 620 1899 654; x_wconf 87' lang='lat' dir='ltr'>confortante</span> <span class='ocrx_word' id='word_1_448' title='bbox 1911 629 1943 653; x_wconf 88' lang='lat' dir='ltr'>te</span> <span class='ocrx_word' id='word_1_449' title='bbox 1951 619 2108 655; x_wconf 87' lang='lat' dir='ltr'>Domino</span> 
     </span>
     <span class='ocr_line' id='line_1_66' title="bbox 1225 667 2109 715; baseline 0.002 -13"><span class='ocrx_word' id='word_1_450' title='bbox 1225 667 1378 711; x_wconf 88' lang='lat' dir='ltr'>Christo,</span> <span class='ocrx_word' id='word_1_451' title='bbox 1407 679 1500 711; x_wconf 82' lang='lat' dir='ltr'>tota,</span> <span class='ocrx_word' id='word_1_452' title='bbox 1526 680 1585 712; x_wconf 85' lang='lat' dir='ltr'>qua</span> <span class='ocrx_word' id='word_1_453' title='bbox 1604 669 1800 705; x_wconf 84' lang='lat' dir='ltr'>consuevisti</span> <span class='ocrx_word' id='word_1_454' title='bbox 1815 695 1830 712; x_wconf 80' lang='lat'>„</span> <span class='ocrx_word' id='word_1_455' title='bbox 1855 668 2029 715; x_wconf 84' lang='lat' dir='ltr'>diligentia</span> <span class='ocrx_word' id='word_1_456' title='bbox 2051 681 2109 715; x_wconf 86' lang='lat' dir='ltr'>ag-</span> 
     </span>
     <span class='ocr_line' id='line_1_67' title="bbox 1223 719 1658 764; baseline 0.007 -12"><span class='ocrx_word' id='word_1_457' title='bbox 1223 719 1357 763; x_wconf 82' lang='lat' dir='ltr'>gredere</span> <span class='ocrx_word' id='word_1_458' title='bbox 1374 730 1443 754; x_wconf 83' lang='lat' dir='ltr'>rem</span> <span class='ocrx_word' id='word_1_459' title='bbox 1453 722 1638 764; x_wconf 73' lang='lat' dir='ltr'>praedittam</span> <span class='ocrx_word' id='word_1_460' title='bbox 1650 746 1658 756; x_wconf 89' lang='lat'>.</span> 
     </span>
    </p>
   </div>
   <div class='ocr_carea' id='block_1_10' title="bbox 1223 818 2110 1007">
    <p class='ocr_par' dir='ltr' id='par_1_12' title="bbox 1223 818 2110 916">
     <span class='ocr_line' id='line_1_68' title="bbox 1324 818 2110 866; baseline -0.001 -11"><span class='ocrx_word' id='word_1_461' title='bbox 1324 822 1466 864; x_wconf 87' lang='lat' dir='ltr'>Joannes</span> <span class='ocrx_word' id='word_1_462' title='bbox 1481 820 1700 855; x_wconf 84' lang='lat' dir='ltr'>misericordia</span> <span class='ocrx_word' id='word_1_463' title='bbox 1711 821 1777 856; x_wconf 88' lang='lat' dir='ltr'>Dei</span> <span class='ocrx_word' id='word_1_464' title='bbox 1796 821 1976 866; x_wconf 83' lang='lat' dir='ltr'>Episcopus</span> <span class='ocrx_word' id='word_1_465' title='bbox 1989 818 2110 854; x_wconf 89' lang='lat' dir='ltr'>Antio-</span> 
     </span>
     <span class='ocr_line' id='line_1_69' title="bbox 1223 868 1858 916; baseline 0.005 -13"><span class='ocrx_word' id='word_1_466' title='bbox 1223 868 1304 904; x_wconf 82' lang='lat' dir='ltr'>ehiae</span> <span class='ocrx_word' id='word_1_467' title='bbox 1312 872 1414 914; x_wconf 85' lang='lat' dir='ltr'>Syriae</span> <span class='ocrx_word' id='word_1_468' title='bbox 1437 871 1544 916; x_wconf 86' lang='lat' dir='ltr'>scripfi</span> <span class='ocrx_word' id='word_1_469' title='bbox 1557 880 1655 915; x_wconf 90' lang='lat' dir='ltr'>atque</span> <span class='ocrx_word' id='word_1_470' title='bbox 1677 872 1837 916; x_wconf 87' lang='lat' dir='ltr'>subscripfi</span> <span class='ocrx_word' id='word_1_471' title='bbox 1851 897 1858 905; x_wconf 95' lang='lat'>.</span> 
     </span>
    </p>

    <p class='ocr_par' dir='ltr' id='par_1_13' title="bbox 1224 922 2109 1007">
     <span class='ocr_line' id='line_1_70' title="bbox 1322 922 2109 967; baseline 0 -13"><span class='ocrx_word' id='word_1_472' title='bbox 1322 922 1503 956; x_wconf 83' lang='lat' dir='ltr'>Incolumis</span> <span class='ocrx_word' id='word_1_473' title='bbox 1525 947 1536 963; x_wconf 94' lang='lat'>‚</span> <span class='ocrx_word' id='word_1_474' title='bbox 1561 932 1658 955; x_wconf 83' lang='lat' dir='ltr'>orans</span> <span class='ocrx_word' id='word_1_475' title='bbox 1680 932 1739 966; x_wconf 85' lang='lat' dir='ltr'>pto</span> <span class='ocrx_word' id='word_1_476' title='bbox 1762 922 1859 960; x_wconf 88' lang='lat' dir='ltr'>nobis</span> <span class='ocrx_word' id='word_1_477' title='bbox 1884 945 1897 963; x_wconf 92' lang='lat'>,</span> <span class='ocrx_word' id='word_1_478' title='bbox 1922 931 2109 967; x_wconf 79' lang='lat' dir='ltr'>permaneas</span> 
     </span>
     <span class='ocr_line' id='line_1_71' title="bbox 1224 970 1681 1007; baseline 0.002 -2"><span class='ocrx_word' id='word_1_479' title='bbox 1224 970 1300 1006; x_wconf 92' lang='lat' dir='ltr'>Deo</span> <span class='ocrx_word' id='word_1_480' title='bbox 1319 971 1524 1007; x_wconf 87' lang='lat' dir='ltr'>Amiciffime</span> <span class='ocrx_word' id='word_1_481' title='bbox 1550 973 1661 1007; x_wconf 82' lang='lat' dir='ltr'>Frater</span> <span class='ocrx_word' id='word_1_482' title='bbox 1673 996 1681 1006; x_wconf 87' lang='grc'><strong>.</strong></span> 
     </span>
    </p>
   </div>
   <div class='ocr_carea' id='block_1_11' title="bbox 1413 1126 1919 1171">
    <p class='ocr_par' dir='ltr' id='par_1_14' title="bbox 1413 1126 1919 1171">
     <span class='ocr_line' id='line_1_72' title="bbox 1413 1126 1919 1171; baseline -0.002 -1"><span class='ocrx_word' id='word_1_483' title='bbox 1413 1126 1919 1171; x_wconf 70' lang='lat' dir='ltr'>Senotlou.</span> 
     </span>
    </p>
   </div>
   <div class='ocr_carea' id='block_1_12' title="bbox 1222 1269 2117 2963">
    <p class='ocr_par' dir='ltr' id='par_1_15' title="bbox 1222 1269 2117 2963">
     <span class='ocr_line' id='line_1_73' title="bbox 1333 1269 2108 1316; baseline 0.001 -12"><span class='ocrx_word' id='word_1_484' title='bbox 1333 1270 1403 1305; x_wconf 85' lang='lat' dir='ltr'>AEc</span> <span class='ocrx_word' id='word_1_485' title='bbox 1422 1270 1557 1315; x_wconf 88' lang='lat' dir='ltr'>epistola</span> <span class='ocrx_word' id='word_1_486' title='bbox 1579 1270 1695 1316; x_wconf 87' lang='lat' dir='ltr'>scripta</span> <span class='ocrx_word' id='word_1_487' title='bbox 1716 1270 1762 1306; x_wconf 87' lang='lat' dir='ltr'>est</span> <span class='ocrx_word' id='word_1_488' title='bbox 1787 1295 1800 1312; x_wconf 90' lang='lat'>,</span> <span class='ocrx_word' id='word_1_489' title='bbox 1824 1270 1904 1306; x_wconf 87' lang='lat' dir='ltr'>dum</span> <span class='ocrx_word' id='word_1_490' title='bbox 1927 1269 2108 1305; x_wconf 77' lang='lat' dir='ltr'>orientalis</span> 
     </span>
     <span class='ocr_line' id='line_1_74' title="bbox 1356 1321 2109 1364; baseline 0 -9"><span class='ocrx_word' id='word_1_491' title='bbox 1356 1322 1498 1356; x_wconf 72' lang='lat' dir='ltr'>Ecclesia</span> <span class='ocrx_word' id='word_1_492' title='bbox 1507 1321 1554 1356; x_wconf 87' lang='lat' dir='ltr'>ob</span> <span class='ocrx_word' id='word_1_493' title='bbox 1566 1321 1683 1356; x_wconf 86' lang='lat' dir='ltr'>initam</span> <span class='ocrx_word' id='word_1_494' title='bbox 1696 1332 1808 1364; x_wconf 83' lang='lat' dir='ltr'>pacem</span> <span class='ocrx_word' id='word_1_495' title='bbox 1820 1321 1923 1356; x_wconf 86' lang='lat' dir='ltr'>stabat</span> <span class='ocrx_word' id='word_1_496' title='bbox 1942 1322 1978 1355; x_wconf 92' lang='lat' dir='ltr'>in</span> <span class='ocrx_word' id='word_1_497' title='bbox 1991 1321 2109 1355; x_wconf 85' lang='lat' dir='ltr'>mediis</span> 
     </span>
     <span class='ocr_line' id='line_1_75' title="bbox 1222 1370 2110 1416; baseline -0.002 -10"><span class='ocrx_word' id='word_1_498' title='bbox 1222 1370 1457 1407; x_wconf 86' lang='lat' dir='ltr'>discordiarum</span> <span class='ocrx_word' id='word_1_499' title='bbox 1477 1371 1640 1406; x_wconf 88' lang='lat' dir='ltr'>flammis:</span> <span class='ocrx_word' id='word_1_500' title='bbox 1668 1373 1762 1406; x_wconf 89' lang='lat' dir='ltr'>Dum</span> <span class='ocrx_word' id='word_1_501' title='bbox 1784 1372 1888 1416; x_wconf 88' lang='lat' dir='ltr'>plures</span> <span class='ocrx_word' id='word_1_502' title='bbox 1900 1371 2054 1414; x_wconf 79' lang='lat' dir='ltr'>Episcopi</span> <span class='ocrx_word' id='word_1_503' title='bbox 2075 1371 2110 1404; x_wconf 84' lang='lat' dir='ltr'>se</span> 
     </span>
     <span class='ocr_line' id='line_1_76' title="bbox 1223 1420 2111 1466; baseline -0.005 -10"><span class='ocrx_word' id='word_1_504' title='bbox 1223 1424 1405 1466; x_wconf 83' lang='lat' dir='ltr'>separarant</span> <span class='ocrx_word' id='word_1_505' title='bbox 1429 1421 1448 1455; x_wconf 71' lang='grc' dir='ltr'>ἐι</span> <span class='ocrx_word' id='word_1_506' title='bbox 1468 1422 1720 1457; x_wconf 89' lang='lat' dir='ltr'>Communione</span> <span class='ocrx_word' id='word_1_507' title='bbox 1745 1420 1939 1457; x_wconf 82' lang='lat' dir='ltr'>Patriarchae</span> <span class='ocrx_word' id='word_1_508' title='bbox 1950 1420 2088 1464; x_wconf 83' lang='lat' dir='ltr'>Ioannis</span> <span class='ocrx_word' id='word_1_509' title='bbox 2100 1444 2111 1452; x_wconf 88' lang='lat'><strong>.</strong></span> 
     </span>
     <span class='ocr_line' id='line_1_77' title="bbox 1227 1468 2110 1517; baseline -0.001 -11"><span class='ocrx_word' id='word_1_510' title='bbox 1227 1473 1268 1507; x_wconf 88' lang='lat' dir='ltr'>Et</span> <span class='ocrx_word' id='word_1_511' title='bbox 1277 1470 1374 1507; x_wconf 90' lang='lat' dir='ltr'>docet</span> <span class='ocrx_word' id='word_1_512' title='bbox 1384 1483 1445 1507; x_wconf 88' lang='lat' dir='ltr'>nos</span> <span class='ocrx_word' id='word_1_513' title='bbox 1465 1471 1590 1517; x_wconf 90' lang='lat' dir='ltr'>grande</span> <span class='ocrx_word' id='word_1_514' title='bbox 1602 1474 1774 1507; x_wconf 89' lang='lat' dir='ltr'>secretum.</span> <span class='ocrx_word' id='word_1_515' title='bbox 1804 1470 1937 1515; x_wconf 77' lang='lat' dir='ltr'>Nempe</span> <span class='ocrx_word' id='word_1_516' title='bbox 1947 1470 2036 1515; x_wconf 89' lang='lat' dir='ltr'>quod</span> <span class='ocrx_word' id='word_1_517' title='bbox 2048 1468 2110 1505; x_wconf 86' lang='lat' dir='ltr'>Pa-</span> 
     </span>
     <span class='ocr_line' id='line_1_78' title="bbox 1223 1521 2111 1567; baseline -0.003 -10"><span class='ocrx_word' id='word_1_518' title='bbox 1223 1521 1363 1557; x_wconf 88' lang='lat' dir='ltr'>triarcha</span> <span class='ocrx_word' id='word_1_519' title='bbox 1385 1523 1549 1566; x_wconf 81' lang='lat' dir='ltr'>Ioannes,</span> <span class='ocrx_word' id='word_1_520' title='bbox 1576 1523 1690 1558; x_wconf 86' lang='lat' dir='ltr'>videns</span> <span class='ocrx_word' id='word_1_521' title='bbox 1708 1523 1780 1567; x_wconf 87' lang='lat' dir='ltr'>paci</span> <span class='ocrx_word' id='word_1_522' title='bbox 1792 1523 1915 1557; x_wconf 89' lang='lat' dir='ltr'>multos</span> <span class='ocrx_word' id='word_1_523' title='bbox 1927 1521 2111 1561; x_wconf 86' lang='lat' dir='ltr'>adversari,</span> 
     </span>
     <span class='ocr_line' id='line_1_79' title="bbox 1223 1570 2114 1616; baseline -0.001 -10"><span class='ocrx_word' id='word_1_524' title='bbox 1223 1583 1260 1607; x_wconf 90' lang='lat' dir='ltr'>ac</span> <span class='ocrx_word' id='word_1_525' title='bbox 1288 1572 1436 1616; x_wconf 76' lang='lat' dir='ltr'>praefatas</span> <span class='ocrx_word' id='word_1_526' title='bbox 1468 1571 1618 1606; x_wconf 86' lang='lat' dir='ltr'>flammas</span> <span class='ocrx_word' id='word_1_527' title='bbox 1644 1582 1794 1608; x_wconf 85' lang='lat' dir='ltr'>metuens</span> <span class='ocrx_word' id='word_1_528' title='bbox 1815 1597 1829 1613; x_wconf 93' lang='lat'>‚</span> <span class='ocrx_word' id='word_1_529' title='bbox 1855 1570 2114 1606; x_wconf 78' lang='lat' dir='ltr'>Theodoretum</span> 
     </span>
     <span class='ocr_line' id='line_1_80' title="bbox 1223 1619 2110 1666; baseline -0.006 -8"><span class='ocrx_word' id='word_1_530' title='bbox 1223 1622 1387 1658; x_wconf 87' lang='lat' dir='ltr'>advocarit</span> <span class='ocrx_word' id='word_1_531' title='bbox 1396 1647 1408 1664; x_wconf 94' lang='lat'>‚</span> <span class='ocrx_word' id='word_1_532' title='bbox 1433 1621 1467 1655; x_wconf 76' lang='grc' dir='ltr'>δε</span> <span class='ocrx_word' id='word_1_533' title='bbox 1476 1633 1553 1656; x_wconf 88' lang='lat' dir='ltr'>cum</span> <span class='ocrx_word' id='word_1_534' title='bbox 1562 1621 1633 1656; x_wconf 91' lang='lat' dir='ltr'>solo</span> <span class='ocrx_word' id='word_1_535' title='bbox 1646 1622 1733 1656; x_wconf 89' lang='lat' dir='ltr'>solus</span> <span class='ocrx_word' id='word_1_536' title='bbox 1745 1622 1830 1656; x_wconf 89' lang='lat' dir='ltr'>inter</span> <span class='ocrx_word' id='word_1_537' title='bbox 1842 1629 1982 1666; x_wconf 88' lang='lat' dir='ltr'>quatuor</span> <span class='ocrx_word' id='word_1_538' title='bbox 1992 1619 2110 1654; x_wconf 83' lang='lat' dir='ltr'>oculos</span> 
     </span>
     <span class='ocr_line' id='line_1_81' title="bbox 1222 1669 2112 1717; baseline -0.006 -9"><span class='ocrx_word' id='word_1_539' title='bbox 1222 1673 1411 1717; x_wconf 86' lang='lat' dir='ltr'>&#39;conceperit</span> <span class='ocrx_word' id='word_1_540' title='bbox 1422 1671 1663 1707; x_wconf 87' lang='lat' dir='ltr'>clandestinum</span> <span class='ocrx_word' id='word_1_541' title='bbox 1683 1672 1883 1713; x_wconf 80' lang='lat' dir='ltr'>confilium,</span> <span class='ocrx_word' id='word_1_542' title='bbox 1907 1682 1975 1715; x_wconf 85' lang='lat' dir='ltr'>quo</span> <span class='ocrx_word' id='word_1_543' title='bbox 1985 1669 2112 1715; x_wconf 89' lang='lat' dir='ltr'>litigio-</span> 
     </span>
     <span class='ocr_line' id='line_1_82' title="bbox 1223 1720 2111 1768; baseline -0.005 -10"><span class='ocrx_word' id='word_1_544' title='bbox 1223 1725 1254 1758; x_wconf 87' lang='lat' dir='ltr'>sa</span> <span class='ocrx_word' id='word_1_545' title='bbox 1266 1735 1329 1768; x_wconf 86' lang='lat' dir='ltr'>pax</span> <span class='ocrx_word' id='word_1_546' title='bbox 1352 1723 1453 1767; x_wconf 79' lang='lat' dir='ltr'>poss&#39;et</span> <span class='ocrx_word' id='word_1_547' title='bbox 1465 1733 1503 1756; x_wconf 90' lang='lat' dir='ltr'>ac</span> <span class='ocrx_word' id='word_1_548' title='bbox 1517 1721 1648 1756; x_wconf 87' lang='lat' dir='ltr'>deberet</span> <span class='ocrx_word' id='word_1_549' title='bbox 1666 1721 1798 1756; x_wconf 89' lang='lat' dir='ltr'>admitti</span> <span class='ocrx_word' id='word_1_550' title='bbox 1816 1721 1859 1755; x_wconf 88' lang='lat' dir='ltr'>ab</span> <span class='ocrx_word' id='word_1_551' title='bbox 1867 1720 2046 1759; x_wconf 86' lang='lat' dir='ltr'>omnibus,</span> <span class='ocrx_word' id='word_1_552' title='bbox 2070 1730 2111 1754; x_wconf 87' lang='lat' dir='ltr'>ac</span> 
     </span>
     <span class='ocr_line' id='line_1_83' title="bbox 1224 1769 2113 1815; baseline -0.004 -8"><span class='ocrx_word' id='word_1_553' title='bbox 1224 1773 1344 1808; x_wconf 86' lang='lat' dir='ltr'>firmari</span> <span class='ocrx_word' id='word_1_554' title='bbox 1361 1798 1368 1805; x_wconf 92' lang='lat'>.</span> <span class='ocrx_word' id='word_1_555' title='bbox 1397 1771 1563 1807; x_wconf 85' lang='lat' dir='ltr'>Existimo</span> <span class='ocrx_word' id='word_1_556' title='bbox 1575 1781 1656 1806; x_wconf 87' lang='lat' dir='ltr'>tunc</span> <span class='ocrx_word' id='word_1_557' title='bbox 1676 1781 1876 1815; x_wconf 86' lang='lat' dir='ltr'>conceptum</span> <span class='ocrx_word' id='word_1_558' title='bbox 1896 1770 1990 1806; x_wconf 73' lang='lat' dir='ltr'>fuisse</span> <span class='ocrx_word' id='word_1_559' title='bbox 2000 1769 2113 1805; x_wconf 89' lang='lat' dir='ltr'>mode·</span> 
     </span>
     <span class='ocr_line' id='line_1_84' title="bbox 1224 1820 2115 1858; baseline -0.004 0"><span class='ocrx_word' id='word_1_560' title='bbox 1224 1834 1336 1858; x_wconf 84' lang='lat' dir='ltr'>tamen</span> <span class='ocrx_word' id='word_1_561' title='bbox 1357 1823 1443 1858; x_wconf 88' lang='lat' dir='ltr'>circa</span> <span class='ocrx_word' id='word_1_562' title='bbox 1475 1821 1725 1857; x_wconf 86' lang='lat' dir='ltr'>damnationem</span> <span class='ocrx_word' id='word_1_563' title='bbox 1749 1821 1924 1856; x_wconf 85' lang='lat' dir='ltr'>Nestorii:</span> <span class='ocrx_word' id='word_1_564' title='bbox 1965 1820 2115 1855; x_wconf 88' lang='lat' dir='ltr'>Conclu-</span> 
     </span>
     <span class='ocr_line' id='line_1_85' title="bbox 1224 1870 2114 1916; baseline -0.002 -9"><span class='ocrx_word' id='word_1_565' title='bbox 1224 1875 1294 1909; x_wconf 91' lang='lat' dir='ltr'>sum</span> <span class='ocrx_word' id='word_1_566' title='bbox 1305 1898 1317 1916; x_wconf 93' lang='lat'>,</span> <span class='ocrx_word' id='word_1_567' title='bbox 1340 1883 1378 1907; x_wconf 88' lang='lat' dir='ltr'>nt</span> <span class='ocrx_word' id='word_1_568' title='bbox 1390 1872 1502 1908; x_wconf 87' lang='lat' dir='ltr'>nullus</span> <span class='ocrx_word' id='word_1_569' title='bbox 1512 1897 1523 1914; x_wconf 93' lang='lat'>,</span> <span class='ocrx_word' id='word_1_570' title='bbox 1549 1873 1628 1907; x_wconf 88' lang='lat' dir='ltr'>licet</span> <span class='ocrx_word' id='word_1_571' title='bbox 1640 1871 1889 1907; x_wconf 86' lang='lat' dir='ltr'>damnationem</span> <span class='ocrx_word' id='word_1_572' title='bbox 1899 1871 1996 1906; x_wconf 81' lang='lat' dir='ltr'>istam</span> <span class='ocrx_word' id='word_1_573' title='bbox 2007 1870 2114 1906; x_wconf 85' lang='lat' dir='ltr'>nollet</span> 
     </span>
     <span class='ocr_line' id='line_1_86' title="bbox 1225 1920 2115 1965; baseline -0.007 -6"><span class='ocrx_word' id='word_1_574' title='bbox 1225 1924 1418 1964; x_wconf 87' lang='lat' dir='ltr'>admittere,</span> <span class='ocrx_word' id='word_1_575' title='bbox 1443 1923 1461 1958; x_wconf 74' lang='lat' dir='ltr'>a</span> <span class='ocrx_word' id='word_1_576' title='bbox 1474 1934 1557 1965; x_wconf 82' lang='lat' dir='ltr'>pace</span> <span class='ocrx_word' id='word_1_577' title='bbox 1573 1922 1817 1958; x_wconf 78' lang='lat' dir='ltr'>excluderetur.</span> <span class='ocrx_word' id='word_1_578' title='bbox 1846 1923 1892 1958; x_wconf 89' lang='lat' dir='ltr'>Et</span> <span class='ocrx_word' id='word_1_579' title='bbox 1914 1920 1982 1956; x_wconf 82' lang='lat' dir='ltr'>haec</span> <span class='ocrx_word' id='word_1_580' title='bbox 1999 1920 2047 1956; x_wconf 88' lang='lat' dir='ltr'>est</span> <span class='ocrx_word' id='word_1_581' title='bbox 2064 1930 2115 1954; x_wconf 61' lang='lat' dir='ltr'>rae</span> 
     </span>
     <span class='ocr_line' id='line_1_87' title="bbox 1224 1970 2114 2017; baseline -0.004 -8"><span class='ocrx_word' id='word_1_582' title='bbox 1224 1976 1274 2009; x_wconf 91' lang='lat' dir='ltr'>tio</span> <span class='ocrx_word' id='word_1_583' title='bbox 1286 1999 1297 2016; x_wconf 89' lang='lat'>,</span> <span class='ocrx_word' id='word_1_584' title='bbox 1321 1986 1364 2008; x_wconf 86' lang='lat' dir='ltr'>ex</span> <span class='ocrx_word' id='word_1_585' title='bbox 1376 1973 1697 2017; x_wconf 29' lang='lat' dir='ltr'>quatTh&#39;eodoretus</span> <span class='ocrx_word' id='word_1_586' title='bbox 1707 1972 1748 2009; x_wconf 89' lang='lat' dir='ltr'>ad</span> <span class='ocrx_word' id='word_1_587' title='bbox 1760 1973 1864 2017; x_wconf 84' lang='lat' dir='ltr'>ipsam</span> <span class='ocrx_word' id='word_1_588' title='bbox 1874 1970 2114 2008; x_wconf 87' lang='lat' dir='ltr'>admittendam</span> 
     </span>
     <span class='ocr_line' id='line_1_88' title="bbox 1225 2022 2115 2068; baseline -0.002 -11"><span class='ocrx_word' id='word_1_589' title='bbox 1225 2023 1338 2057; x_wconf 87' lang='lat' dir='ltr'>induci</span> <span class='ocrx_word' id='word_1_590' title='bbox 1359 2035 1531 2066; x_wconf 90' lang='lat' dir='ltr'>nunquam</span> <span class='ocrx_word' id='word_1_591' title='bbox 1558 2025 1702 2068; x_wconf 83' lang='lat' dir='ltr'>potuerit</span> <span class='ocrx_word' id='word_1_592' title='bbox 1721 2048 1732 2065; x_wconf 96' lang='lat'>,</span> <span class='ocrx_word' id='word_1_593' title='bbox 1771 2023 1831 2058; x_wconf 69' lang='lat' dir='ltr'>nisi</span> <span class='ocrx_word' id='word_1_594' title='bbox 1864 2022 2025 2058; x_wconf 87' lang='lat' dir='ltr'>violenter</span> <span class='ocrx_word' id='word_1_595' title='bbox 2057 2031 2115 2065; x_wconf 83' lang='lat' dir='ltr'>per</span> 
     </span>
     <span class='ocr_line' id='line_1_89' title="bbox 1225 2069 2114 2114; baseline -0.002 -10"><span class='ocrx_word' id='word_1_596' title='bbox 1225 2070 1530 2105; x_wconf 87' lang='lat' dir='ltr'>Chalcedonensem</span> <span class='ocrx_word' id='word_1_597' title='bbox 1542 2073 1731 2114; x_wconf 82' lang='lat' dir='ltr'>Synodum.</span> <span class='ocrx_word' id='word_1_598' title='bbox 1759 2074 1925 2114; x_wconf 83' lang='lat' dir='ltr'>Joannes,</span> <span class='ocrx_word' id='word_1_599' title='bbox 1949 2073 2008 2114; x_wconf 86' lang='lat' dir='ltr'>qui</span> <span class='ocrx_word' id='word_1_600' title='bbox 2026 2069 2114 2104; x_wconf 84' lang='lat' dir='ltr'>hanc</span> 
     </span>
     <span class='ocr_line' id='line_1_90' title="bbox 1224 2118 2114 2164; baseline -0.003 -9"><span class='ocrx_word' id='word_1_601' title='bbox 1224 2120 1473 2155; x_wconf 86' lang='lat' dir='ltr'>damnationem</span> <span class='ocrx_word' id='word_1_602' title='bbox 1487 2121 1618 2164; x_wconf 87' lang='lat' dir='ltr'>Scripto</span> <span class='ocrx_word' id='word_1_603' title='bbox 1641 2120 1683 2154; x_wconf 91' lang='lat' dir='ltr'>ad</span> <span class='ocrx_word' id='word_1_604' title='bbox 1695 2121 1850 2154; x_wconf 74' lang='lat' dir='ltr'>Sanctum</span> <span class='ocrx_word' id='word_1_605' title='bbox 1863 2120 2030 2162; x_wconf 88' lang='lat' dir='ltr'>Cyrillum</span> <span class='ocrx_word' id='word_1_606' title='bbox 2042 2142 2054 2159; x_wconf 94' lang='lat'>,</span> <span class='ocrx_word' id='word_1_607' title='bbox 2076 2118 2114 2152; x_wconf 77' lang='grc' dir='ltr'>δε</span> 
     </span>
     <span class='ocr_line' id='line_1_91' title="bbox 1226 2167 2114 2213; baseline -0.001 -9"><span class='ocrx_word' id='word_1_608' title='bbox 1226 2169 1459 2205; x_wconf 83' lang='lat' dir='ltr'>Theodofium</span> <span class='ocrx_word' id='word_1_609' title='bbox 1479 2170 1692 2212; x_wconf 87' lang='lat' dir='ltr'>Principem,</span> <span class='ocrx_word' id='word_1_610' title='bbox 1717 2181 1779 2204; x_wconf 88' lang='lat' dir='ltr'>nec</span> <span class='ocrx_word' id='word_1_611' title='bbox 1797 2180 1866 2204; x_wconf 89' lang='lat' dir='ltr'>non</span> <span class='ocrx_word' id='word_1_612' title='bbox 1879 2169 1966 2213; x_wconf 84' lang='lat' dir='ltr'>apud</span> <span class='ocrx_word' id='word_1_613' title='bbox 1978 2167 2114 2203; x_wconf 87' lang='lat' dir='ltr'>Xistum</span> 
     </span>
     <span class='ocr_line' id='line_1_92' title="bbox 1224 2217 2113 2258; baseline -0.001 -5"><span class='ocrx_word' id='word_1_614' title='bbox 1224 2220 1427 2254; x_wconf 73' lang='lat' dir='ltr'>Pontificem</span> <span class='ocrx_word' id='word_1_615' title='bbox 1448 2241 1459 2258; x_wconf 92' lang='lat'>‚</span> <span class='ocrx_word' id='word_1_616' title='bbox 1483 2229 1523 2252; x_wconf 90' lang='lat' dir='ltr'>ac</span> <span class='ocrx_word' id='word_1_617' title='bbox 1547 2219 1646 2252; x_wconf 89' lang='lat' dir='ltr'>etiam</span> <span class='ocrx_word' id='word_1_618' title='bbox 1677 2217 1778 2252; x_wconf 87' lang='lat' dir='ltr'>verbo</span> <span class='ocrx_word' id='word_1_619' title='bbox 1802 2229 1916 2253; x_wconf 87' lang='lat' dir='ltr'>coram</span> <span class='ocrx_word' id='word_1_620' title='bbox 1943 2217 2113 2252; x_wconf 85' lang='lat' dir='ltr'>Aristolao</span> 
     </span>
     <span class='ocr_line' id='line_1_93' title="bbox 1226 2266 2117 2309; baseline 0 -7"><span class='ocrx_word' id='word_1_621' title='bbox 1226 2267 1381 2302; x_wconf 90' lang='lat' dir='ltr'>Tribuno</span> <span class='ocrx_word' id='word_1_622' title='bbox 1395 2291 1406 2307; x_wconf 93' lang='lat'>‚</span> <span class='ocrx_word' id='word_1_623' title='bbox 1431 2279 1470 2302; x_wconf 92' lang='lat' dir='ltr'>ac</span> <span class='ocrx_word' id='word_1_624' title='bbox 1489 2267 1598 2302; x_wconf 73' lang='lat' dir='ltr'>Sanffi</span> <span class='ocrx_word' id='word_1_625' title='bbox 1613 2267 1734 2309; x_wconf 90' lang='lat' dir='ltr'>Cyrilli</span> <span class='ocrx_word' id='word_1_626' title='bbox 1750 2267 1887 2302; x_wconf 85' lang='lat' dir='ltr'>Clericis</span> <span class='ocrx_word' id='word_1_627' title='bbox 1906 2269 2012 2303; x_wconf 87' lang='lat' dir='ltr'>fuerat</span> <span class='ocrx_word' id='word_1_628' title='bbox 2032 2266 2117 2303; x_wconf 89' lang='lat' dir='ltr'>sole·</span> 
     </span>
     <span class='ocr_line' id='line_1_94' title="bbox 1225 2318 2115 2362; baseline -0.001 -9"><span class='ocrx_word' id='word_1_629' title='bbox 1225 2318 1346 2353; x_wconf 87' lang='lat' dir='ltr'>mniter</span> <span class='ocrx_word' id='word_1_630' title='bbox 1366 2318 1544 2362; x_wconf 83' lang='lat' dir='ltr'>profeffus,</span> <span class='ocrx_word' id='word_1_631' title='bbox 1569 2319 1605 2352; x_wconf 77' lang='grc' dir='ltr'>ὅτ.</span> <span class='ocrx_word' id='word_1_632' title='bbox 1617 2318 1675 2361; x_wconf 90' lang='lat' dir='ltr'>qui</span> <span class='ocrx_word' id='word_1_633' title='bbox 1695 2329 1811 2352; x_wconf 87' lang='lat' dir='ltr'>omnes</span> <span class='ocrx_word' id='word_1_634' title='bbox 1833 2319 1909 2353; x_wconf 90' lang='lat' dir='ltr'>suos</span> <span class='ocrx_word' id='word_1_635' title='bbox 1929 2318 2115 2362; x_wconf 76' lang='lat' dir='ltr'>Episcopus</span> 
     </span>
     <span class='ocr_line' id='line_1_95' title="bbox 1225 2367 2114 2413; baseline 0 -10"><span class='ocrx_word' id='word_1_636' title='bbox 1225 2367 1266 2403; x_wconf 88' lang='lat' dir='ltr'>ad</span> <span class='ocrx_word' id='word_1_637' title='bbox 1290 2367 1428 2404; x_wconf 85' lang='lat' dir='ltr'>eandem</span> <span class='ocrx_word' id='word_1_638' title='bbox 1448 2367 1680 2412; x_wconf 87' lang='lat' dir='ltr'>profeffionem</span> <span class='ocrx_word' id='word_1_639' title='bbox 1709 2367 1932 2413; x_wconf 84' lang='lat' dir='ltr'>constringere</span> <span class='ocrx_word' id='word_1_640' title='bbox 1964 2368 2114 2411; x_wconf 86' lang='lat' dir='ltr'>promise·</span> 
     </span>
     <span class='ocr_line' id='line_1_96' title="bbox 1226 2417 2111 2462; baseline -0.001 -9"><span class='ocrx_word' id='word_1_641' title='bbox 1226 2428 1294 2454; x_wconf 86' lang='lat' dir='ltr'>rat:</span> <span class='ocrx_word' id='word_1_642' title='bbox 1320 2417 1412 2458; x_wconf 88' lang='lat' dir='ltr'>Hic,</span> <span class='ocrx_word' id='word_1_643' title='bbox 1438 2418 1596 2462; x_wconf 88' lang='lat' dir='ltr'>inquam,</span> <span class='ocrx_word' id='word_1_644' title='bbox 1623 2417 1765 2460; x_wconf 77' lang='lat' dir='ltr'>Ioannes</span> <span class='ocrx_word' id='word_1_645' title='bbox 1785 2417 1873 2453; x_wconf 76' lang='lat' dir='ltr'>istud</span> <span class='ocrx_word' id='word_1_646' title='bbox 1898 2417 2111 2452; x_wconf 83' lang='lat' dir='ltr'>moderamen</span> 
     </span>
     <span class='ocr_line' id='line_1_97' title="bbox 1225 2464 2115 2513; baseline -0.003 -10"><span class='ocrx_word' id='word_1_647' title='bbox 1225 2470 1290 2504; x_wconf 83' lang='lat' dir='ltr'>sine</span> <span class='ocrx_word' id='word_1_648' title='bbox 1299 2467 1472 2504; x_wconf 86' lang='lat' dir='ltr'>manifesta</span> <span class='ocrx_word' id='word_1_649' title='bbox 1496 2466 1769 2513; x_wconf 70' lang='lat' dir='ltr'>praevaricationis</span> <span class='ocrx_word' id='word_1_650' title='bbox 1791 2464 1928 2505; x_wconf 62' lang='lat' dir='ltr'>iniatnia</span> <span class='ocrx_word' id='word_1_651' title='bbox 1951 2478 2012 2501; x_wconf 89' lang='lat' dir='ltr'>nec</span> <span class='ocrx_word' id='word_1_652' title='bbox 2022 2466 2115 2501; x_wconf 82' lang='lat' dir='ltr'>effari</span> 
     </span>
     <span class='ocr_line' id='line_1_98' title="bbox 1227 2515 2109 2564; baseline -0.006 -9"><span class='ocrx_word' id='word_1_653' title='bbox 1227 2527 1367 2564; x_wconf 87' lang='lat' dir='ltr'>poterat.</span> <span class='ocrx_word' id='word_1_654' title='bbox 1392 2519 1486 2553; x_wconf 88' lang='lat' dir='ltr'>Hinc</span> <span class='ocrx_word' id='word_1_655' title='bbox 1506 2519 1612 2563; x_wconf 90' lang='lat' dir='ltr'>ipsum</span> <span class='ocrx_word' id='word_1_656' title='bbox 1634 2515 1775 2553; x_wconf 88' lang='lat' dir='ltr'>credidit</span> <span class='ocrx_word' id='word_1_657' title='bbox 1794 2518 1857 2552; x_wconf 87' lang='lat' dir='ltr'>soli</span> <span class='ocrx_word' id='word_1_658' title='bbox 1867 2516 2109 2559; x_wconf 70' lang='lat' dir='ltr'>Theodoreto.</span> 
     </span>
     <span class='ocr_line' id='line_1_99' title="bbox 1228 2567 2113 2613; baseline -0.005 -9"><span class='ocrx_word' id='word_1_659' title='bbox 1228 2568 1379 2604; x_wconf 87' lang='lat' dir='ltr'>Eundem</span> <span class='ocrx_word' id='word_1_660' title='bbox 1399 2580 1455 2613; x_wconf 88' lang='lat' dir='ltr'>per</span> <span class='ocrx_word' id='word_1_661' title='bbox 1477 2569 1647 2612; x_wconf 82' lang='lat' dir='ltr'>praesentes</span> <span class='ocrx_word' id='word_1_662' title='bbox 1668 2568 1808 2602; x_wconf 84' lang='lat' dir='ltr'>Litteras</span> <span class='ocrx_word' id='word_1_663' title='bbox 1828 2577 1924 2611; x_wconf 86' lang='lat' dir='ltr'>rogat</span> <span class='ocrx_word' id='word_1_664' title='bbox 1947 2592 1958 2608; x_wconf 95' lang='lat'>,</span> <span class='ocrx_word' id='word_1_665' title='bbox 1984 2577 2021 2601; x_wconf 90' lang='lat' dir='ltr'>ut</span> <span class='ocrx_word' id='word_1_666' title='bbox 2045 2567 2113 2605; x_wconf 84' lang='lat' dir='ltr'>iam</span> 
     </span>
     <span class='ocr_line' id='line_1_100' title="bbox 1226 2614 2112 2660; baseline -0.001 -7"><span class='ocrx_word' id='word_1_667' title='bbox 1226 2630 1335 2655; x_wconf 90' lang='lat' dir='ltr'>utatur</span> <span class='ocrx_word' id='word_1_668' title='bbox 1346 2619 1408 2653; x_wconf 88' lang='lat' dir='ltr'>isto</span> <span class='ocrx_word' id='word_1_669' title='bbox 1422 2617 1563 2652; x_wconf 92' lang='lat' dir='ltr'>articulo</span> <span class='ocrx_word' id='word_1_670' title='bbox 1573 2641 1585 2657; x_wconf 98' lang='lat'>,</span> <span class='ocrx_word' id='word_1_671' title='bbox 1611 2626 1709 2660; x_wconf 90' lang='lat' dir='ltr'>atque</span> <span class='ocrx_word' id='word_1_672' title='bbox 1731 2618 1778 2651; x_wconf 92' lang='lat' dir='ltr'>ita</span> <span class='ocrx_word' id='word_1_673' title='bbox 1789 2617 1945 2650; x_wconf 43' lang='lat' dir='ltr'>omnesfa</span> <span class='ocrx_word' id='word_1_674' title='bbox 1957 2614 2011 2651; x_wconf 87' lang='lat' dir='ltr'>sua</span> <span class='ocrx_word' id='word_1_675' title='bbox 2022 2627 2112 2652; x_wconf 85' lang='lat' dir='ltr'>com-</span> 
     </span>
     <span class='ocr_line' id='line_1_101' title="bbox 1226 2666 2111 2710; baseline -0.006 -6"><span class='ocrx_word' id='word_1_676' title='bbox 1226 2670 1388 2704; x_wconf 86' lang='lat' dir='ltr'>munione</span> <span class='ocrx_word' id='word_1_677' title='bbox 1408 2666 1556 2702; x_wconf 85' lang='lat' dir='ltr'>divulsos</span> <span class='ocrx_word' id='word_1_678' title='bbox 1577 2666 1757 2710; x_wconf 78' lang='lat' dir='ltr'>Episcopus</span> <span class='ocrx_word' id='word_1_679' title='bbox 1777 2673 1913 2700; x_wconf 88' lang='lat' dir='ltr'>conetur</span> <span class='ocrx_word' id='word_1_680' title='bbox 1941 2666 2111 2701; x_wconf 87' lang='lat' dir='ltr'>reducere.</span> 
     </span>
     <span class='ocr_line' id='line_1_102' title="bbox 1227 2714 2114 2759; baseline -0.006 -4"><span class='ocrx_word' id='word_1_681' title='bbox 1227 2717 1384 2755; x_wconf 89' lang='lat' dir='ltr'>Notanda</span> <span class='ocrx_word' id='word_1_682' title='bbox 1404 2719 1479 2752; x_wconf 90' lang='lat' dir='ltr'>sunt</span> <span class='ocrx_word' id='word_1_683' title='bbox 1498 2715 1567 2751; x_wconf 86' lang='lat' dir='ltr'>haec</span> <span class='ocrx_word' id='word_1_684' title='bbox 1589 2714 1686 2750; x_wconf 88' lang='lat' dir='ltr'>verba</span> <span class='ocrx_word' id='word_1_685' title='bbox 1710 2728 1717 2748; x_wconf 74' lang='grc' dir='ltr'><strong><em>ε</em></strong></span> <span class='ocrx_word' id='word_1_686' title='bbox 1747 2715 1878 2758; x_wconf 79' lang='lat' dir='ltr'>Etiamfi</span> <span class='ocrx_word' id='word_1_687' title='bbox 1901 2717 2010 2750; x_wconf 72' lang='lat' dir='ltr'>videar</span> <span class='ocrx_word' id='word_1_688' title='bbox 2027 2717 2114 2759; x_wconf 75' lang='lat' dir='ltr'>apud</span> 
     </span>
     <span class='ocr_line' id='line_1_103' title="bbox 1227 2766 2113 2807; baseline -0.003 -3"><span class='ocrx_word' id='word_1_689' title='bbox 1227 2772 1292 2804; x_wconf 75' lang='lat' dir='ltr'>mos</span> <span class='ocrx_word' id='word_1_690' title='bbox 1312 2772 1334 2802; x_wconf 80' lang='grc' dir='ltr'><em>ἃ</em></span> <span class='ocrx_word' id='word_1_691' title='bbox 1354 2777 1407 2802; x_wconf 81' lang='lat' dir='ltr'>tua</span> <span class='ocrx_word' id='word_1_692' title='bbox 1428 2767 1587 2802; x_wconf 72' lang='lat' dir='ltr'>charitate</span> <span class='ocrx_word' id='word_1_693' title='bbox 1613 2767 1648 2800; x_wconf 65' lang='grc' dir='ltr'>ὁ·</span> <span class='ocrx_word' id='word_1_694' title='bbox 1671 2767 1852 2800; x_wconf 65' lang='lat' dir='ltr'>contumeliis</span> <span class='ocrx_word' id='word_1_695' title='bbox 1872 2766 1951 2807; x_wconf 76' lang='lat' dir='ltr'>affici</span> <span class='ocrx_word' id='word_1_696' title='bbox 1971 2791 1980 2799; x_wconf 90' lang='lat'>.</span> <span class='ocrx_word' id='word_1_697' title='bbox 2015 2766 2113 2801; x_wconf 87' lang='lat' dir='ltr'>Facit</span> 
     </span>
     <span class='ocr_line' id='line_1_104' title="bbox 1228 2814 2114 2861; baseline -0.006 -5"><span class='ocrx_word' id='word_1_698' title='bbox 1228 2820 1418 2856; x_wconf 87' lang='lat' dir='ltr'>facultatem</span> <span class='ocrx_word' id='word_1_699' title='bbox 1438 2843 1451 2858; x_wconf 90' lang='lat'>,</span> <span class='ocrx_word' id='word_1_700' title='bbox 1490 2829 1554 2861; x_wconf 91' lang='lat' dir='ltr'>qua</span> <span class='ocrx_word' id='word_1_701' title='bbox 1579 2814 1817 2851; x_wconf 88' lang='lat' dir='ltr'>Theodoretus</span> <span class='ocrx_word' id='word_1_702' title='bbox 1841 2817 1884 2851; x_wconf 87' lang='lat' dir='ltr'>ad</span> <span class='ocrx_word' id='word_1_703' title='bbox 1912 2816 2114 2852; x_wconf 80' lang='lat' dir='ltr'>molliendas</span> 
     </span>
     <span class='ocr_line' id='line_1_105' title="bbox 1228 2865 2113 2912; baseline -0.006 -6"><span class='ocrx_word' id='word_1_704' title='bbox 1228 2871 1357 2906; x_wconf 81' lang='lat' dir='ltr'>animos</span> <span class='ocrx_word' id='word_1_705' title='bbox 1381 2867 1477 2912; x_wconf 84' lang='lat' dir='ltr'>poffit</span> <span class='ocrx_word' id='word_1_706' title='bbox 1498 2865 1540 2902; x_wconf 91' lang='lat' dir='ltr'>de</span> <span class='ocrx_word' id='word_1_707' title='bbox 1562 2867 1634 2911; x_wconf 90' lang='lat' dir='ltr'>ipso</span> <span class='ocrx_word' id='word_1_708' title='bbox 1653 2866 1752 2901; x_wconf 84' lang='lat' dir='ltr'>etiam</span> <span class='ocrx_word' id='word_1_709' title='bbox 1779 2867 1862 2901; x_wconf 81' lang='lat' dir='ltr'>male</span> <span class='ocrx_word' id='word_1_710' title='bbox 1883 2867 2006 2911; x_wconf 87' lang='lat' dir='ltr'>loqui..</span> <span class='ocrx_word' id='word_1_711' title='bbox 2033 2866 2113 2902; x_wconf 83' lang='lat' dir='ltr'>Fuit</span> 
     </span>
     <span class='ocr_line' id='line_1_106' title="bbox 1231 2915 2022 2963; baseline -0.01 -6"><span class='ocrx_word' id='word_1_712' title='bbox 1231 2933 1298 2957; x_wconf 88' lang='lat' dir='ltr'>non</span> <span class='ocrx_word' id='word_1_713' title='bbox 1306 2919 1437 2958; x_wconf 81' lang='lat' dir='ltr'>modica</span> <span class='ocrx_word' id='word_1_714' title='bbox 1447 2917 1484 2953; x_wconf 92' lang='lat' dir='ltr'>in</span> <span class='ocrx_word' id='word_1_715' title='bbox 1493 2927 1587 2955; x_wconf 88' lang='lat' dir='ltr'>tanto</span> <span class='ocrx_word' id='word_1_716' title='bbox 1598 2915 1787 2954; x_wconf 85' lang='lat' dir='ltr'>Patriarcha</span> <span class='ocrx_word' id='word_1_717' title='bbox 1798 2916 1996 2963; x_wconf 87' lang='lat' dir='ltr'>dispensatio</span> <span class='ocrx_word' id='word_1_718' title='bbox 2008 2940 2022 2956; x_wconf 25' lang='lat'>.-</span> 
     </span>
    </p>
   </div>
   <div class='ocr_carea' id='block_1_13' title="bbox 1427 3032 2112 3221">
    <p class='ocr_par' dir='ltr' id='par_1_16' title="bbox 1427 3032 2112 3221">
     <span class='ocr_line' id='line_1_107' title="bbox 1927 3032 2111 3097; baseline -0.005 1"><span class='ocrx_word' id='word_1_719' title='bbox 1927 3032 2111 3097; x_wconf 35' lang='grc' dir='ltr'>ἡ.;</span> 
     </span>
     <span class='ocr_line' id='line_1_108' title="bbox 1427 3130 2112 3221; baseline 0.006 -5"><span class='ocrx_word' id='word_1_720' title='bbox 1427 3132 1541 3216; x_wconf 52' lang='lat'>5³².</span> <span class='ocrx_word' id='word_1_721' title='bbox 1854 3130 2112 3221; x_wconf 54' lang='lat' dir='ltr'>[a</span> 
     </span>
    </p>
   </div>
   <div class='ocr_carea' id='block_1_14' title="bbox 1982 3416 2068 3454">
    <p class='ocr_par' dir='ltr' id='par_1_17' title="bbox 1982 3416 2068 3454">
     <span class='ocr_line' id='line_1_109' title="bbox 1982 3416 2068 3454; baseline 0.012 -1"><span class='ocrx_word' id='word_1_722' title='bbox 1982 3416 2068 3454; x_wconf 70' lang='lat' dir='ltr'>CA-</span> 
     </span>
    </p>
   </div>
  </div>
 </body>
</html>
