2320 3730
96 3156 177 3194 Ioan.
187 3161 215 3186 6,

605 166 1011 228 Senonas-st
1045 164 1242 216 Nous
1275 164 1653 216 xttusrRAr‘ssffi.

215 250 545 304 ‘v‘erd-li'bitruomodo
556 257 611 292 fiet
632 259 723 304 Deus
749 266 805 291 aut
823 256 1012 291 Dominus?
1039 253 1095 287 Er-

222 311 267 355 go
279 319 314 342 ut
326 307 428 342 h'omo
439 331 450 348 ‚
475 308 508 341 &
518 317 677 351 quantum
691 308 807 342 attinet
833 307 866 340 &
876 305 970 340 decet
982 304 1022 338 ad
1033 304 1098 337 exi-

221 358 404 394 nanitionis
417 358 578 391 mensuras
590 382 601 398 ‚
628 358 686 392 sub
698 359 773 392 Deo
797 355 966 391 nobiscum
987 355 1100 387 semet·

218 407 325 451 ipsum
337 408 403 450 ipse
413 407 494 442 dic't
506 430 514 439 .
540 408 594 441 Sic
604 409 702 441 fadlus
713 408 758 442 est
784 406 886 449 &sub
898 405 1094 449 Lege,cum

220 456 350 491 locutus
371 458 436 500 ipse
481 468 494 491 t
507 457 631 502 Legem
644 482 655 498 ‚
684 458 718 492 δε
739 455 923 500 Legislator
934 453 1072 488 existens
1086 476 1096 492 ‚

220 517 257 541 ut
268 507 362 540 Deus
376 533 383 540 .

232 556 235 558 ’
273 557 474 591 Reeusamus
494 566 603 591 autem
626 555 690 590 hoc
714 554 820 589 dicere
840 555 932 597 super
943 551 1098 587 Christo:

222 608 349 648 Propter
359 618 446 648 eum,
471 609 648 649 quiindult,
675 616 762 645 eum,
788 615 874 647 quem
898 604 997 636 induit
1011 628 1021 644 ,
1046 613 1096 636 ve·

223 667 328 690 nerot-
357 660 482 698 Propter
502 668 566 691 eum
579 680 589 696 ‚
606 659 665 697 'qui
687 654 725 694 est
751 653 905 694 invisibills
918 677 929 693 ‚
956 653 1043 686 adoro
1068 653 1102 685 il·

223 707 285 740 lum
303 712 352 749 qut
378 708 517 740 videtur.
544 706 672 739 Pavore
695 704 827 747 plenum
850 703 894 737 est
917 704 1009 747 super
1033 702 1100 735 haec

222 755 322 790 etiam
334 756 415 790 illud
427 755 548 790 dicere:
574 756 628 788 Ille
640 779 650 794 ,
676 761 727 796 qut
738 755 902 797 affumptus
914 752 951 793 est
964 778 975 793 ,
1000 758 1027 786 ei
1050 757 1100 795 qut·

222 804 390 850 affumpfit‚
415 804 611 847 coappellatur
627 807 727 838 Deus.
754 804 828 851 Qi
847 804 938 838 enim
960 801 1029 836 haec
1056 802 1102 835 di-

223 857 292 895 cit,
318 858 401 891 secat
411 865 539 888 naturas
552 854 586 888 in
597 854 680 888 duos
690 852 835 888 Christos
848 878 859 894 ‚
885 854 918 887 δε
931 851 1100 887 hominem

224 905 338 939 statuit
351 915 406 948 per
417 914 536 948 partem
549 905 745 948 specialiter,
770 905 804 938 δε
816 904 927 937 Deum
940 901 1084 936 similiter
1095 927 1102 933 .

221 953 400 988 Evidenter
418 954 507 989 enim
524 954 662 999 denegat
682 954 870 988 unitionem
887 969 901 994 ς
924 950 1100 986 secundum

221 1014 320 1047 quam
332 1028 342 1044 ,
370 1016 439 1038 non
464 1015 499 1038 ut
510 1004 590 1038 alter
609 1004 700 1039 alteri
710 1004 905 1038 coadoratur
917 1002 1077 1046 quispiam
1091 1025 1102 1041 ,

222 1064 330 1096 neque
355 1053 487 1094 quidem
513 1053 735 1097 coappellatur
757 1054 869 1093 Deus,
896 1051 951 1087 sed
964 1051 1104 1085 unusin-

220 1102 380 1147 telligitur
394 1101 540 1136 Christus
551 1104 639 1147 Jesus
648 1127 658 1143 ‚
679 1103 782 1138 Filius
795 1102 1004 1149 Unigenitus
1015 1127 1026 1144 ,
1038 1112 1102 1136 una

223 1150 417 1187 adoratione
428 1151 610 1187 adorandus
621 1165 696 1188 cum
712 1154 767 1189 sua
779 1154 887 1188 Carne
897 1178 905 1186 .

273 1200 481 1237 confitemur
506 1212 639 1244 autem,
667 1202 742 1247 quia
768 1203 835 1246 ipse
859 1215 899 1237 ex
912 1203 986 1236 Deo
1009 1202 1104 1235 Patre

221 1261 317 1287 natus
327 1251 452 1294 Filius,
478 1253 510 1287 δε
531 1253 624 1287 Deus
635 1252 867 1297 Unigenitus,
895 1251 969 1285 licet
992 1252 1106 1285 secun·

221 1302 303 1338 dum
326 1311 472 1337 naturam
486 1304 575 1337 suam
598 1302 739 1338 existens
751 1301 970 1346 impaffibilis,
997 1301 1105 1335 Carne

223 1354 327 1396 pastus
337 1353 381 1387 est
393 1364 452 1396 pro
462 1352 558 1387 nobis
575 1353 750 1387 secundum
762 1352 938 1397 Scripturas
948 1377 955 1383 .
984 1351 1028 1385 Et
1038 1360 1107 1385 erat

224 1403 259 1436 in
273 1402 430 1436 crucifixo
459 1404 606 1446 Corpore
633 1404 693 1436 suae
714 1402 830 1436 Carnis
855 1400 1107 1445 inseparabiliter

221 1452 369 1496 proprias
381 1452 502 1486 faciens
513 1453 690 1495 passiones:
718 1451 832 1486 Gratia
844 1461 953 1486 autem
969 1451 1035 1485 Dei
1049 1462 1107 1495 pro

222 1501 377 1536 omnibus
387 1500 530 1544 gustavit
540 1508 678 1534 mortem
689 1524 701 1540 ,
726 1499 806 1535 dans
818 1500 847 1534 ei
860 1501 952 1534 suum
965 1500 1107 1544 Corpus,

223 1550 371 1594 quamvis
393 1549 572 1584 secundum
585 1560 732 1584 naturam
745 1549 885 1585 existens
905 1550 970 1584 vita
996 1551 1030 1584 δε
1043 1551 1108 1594 ipse

223 1601 263 1634 sit
274 1599 454 1634 resurredio
465 1624 473 1632 .
499 1599 555 1635 Ut
566 1601 655 1635 enim
668 1599 824 1637 ineffabili
837 1600 955 1634 virtute
972 1600 1105 1634 concul-

221 1660 301 1686 cans
313 1659 452 1684 mortem
465 1674 476 1690 ,
502 1650 616 1695 utique
629 1650 770 1694 primum
781 1650 915 1695 quidem
928 1650 1016 1684 suam
1031 1651 1107 1684 Car-

224 1710 301 1734 nem
324 1723 334 1739 ,
359 1711 421 1743 qua
443 1699 533 1734 fieret
553 1701 792 1746 primogenitus
817 1712 857 1735 ex
879 1701 1017 1735 mortuis
1037 1725 1047 1742 ‚
1074 1701 1107 1734 ἀ

223 1749 381 1786 Primitiae
395 1749 627 1785 dormientium
637 1774 648 1790 ‚
673 1753 799 1795 iterque
822 1760 857 1785 ut
870 1752 988 1786 faceret
1003 1749 1108 1785 homi-

222 1801 276 1834 nis
296 1811 414 1835 naturae
443 1801 483 1836 ad
508 1802 766 1846 incorruptionis
793 1802 975 1842 recursum,
1004 1801 1107 1846 gratia

223 1849 314 1890 Dei,
340 1852 418 1884 ficut
430 1850 572 1886 diximus
587 1863 707 1895 nuper,
734 1853 955 1896 proomnibus
965 1852 1107 1895 gustavit

223 1910 388 1938 mortem,
414 1900 607 1934 Triduanus
629 1903 729 1935 etiam
757 1902 898 1940 revixit,
923 1900 1108 1942 exspolians

224 1948 393 1982 lnfernum
406 1971 413 1979 .
446 1948 550 1982 Unde
575 1949 651 1983 licet
663 1949 789 1983 dicatur
803 1961 859 1991 per
869 1949 1040 1982 hominem
1067 1948 1109 1981 fa·

224 1997 275 2030 &a
287 1996 471 2030 resurreetio
483 2007 685 2031 mortuorum
698 2023 709 2038 ‚
736 1998 790 2031 sed
812 1998 1029 2042 intelligimus
1051 1996 1108 2030 ho·

225 2047 350 2081 minem
362 2047 482 2080 fastum
494 2058 534 2080 ex
548 2048 621 2081 Deo
633 2046 780 2081 Verbum
793 2069 802 2084 ‚
827 2048 860 2081 &
889 2049 1025 2081 solutam
1046 2047 1109 2081 effe

226 2107 283 2140 per
308 2107 382 2132 eum
408 2097 522 2130 mortis
548 2096 759 2139 potestatem.
785 2097 908 2132 Veniet
935 2107 1045 2132 autern
1073 2099 1107 2131 in

225 2157 386 2189 tempore,
416 2157 452 2180 ut
473 2156 556 2180 unus
577 2147 680 2181 Filius
705 2147 921 2181 &Dominus
945 2148 979 2180 in
1002 2147 1107 2191 gloria

225 2196 332 2230 Patris
354 2219 364 2234 ,
390 2206 425 2229 ut
447 2195 570 2239 judicet
590 2197 751 2233 mundum
779 2198 813 2232 in
841 2197 967 2245 Justitia
991 2221 1002 2238 ,
1026 2197 1107 2232 fient

225 2246 381 2288 scriptum
394 2245 438 2279 est
455 2271 462 2278 .
842 2246 844 2248 ’
955 2291 958 2293 Δ

278 2295 467 2330 Necessario
478 2296 555 2331 vero
581 2297 706 2333 &illud
729 2297 1104 2342 adjiciemus.''Annun-

228 2345 346 2380 tiantes
361 2347 450 2380 enim
473 2348 650 2383 secundum
673 2350 815 2384 Carnem
830 2374 840 2389 ,
867 2357 1005 2384 mortem
1020 2349 1109 2383 Uni-

229 2395 332 2440 geniti
354 2396 431 2429 Filii
454 2398 543 2436 Dei,
568 2397 632 2433 hoc
645 2399 713 2440 est,
741 2400 810 2442 Jesu
835 2398 957 2433 Christi
973 2423 983 2439 ‚
1009 2400 1044 2432 δε
1064 2410 1104 2433 ex

228 2446 368 2478 mortuis
390 2447 650 2480 resurrectionem
664 2472 673 2486 ,
699 2450 732 2480 &
754 2449 795 2482 ad
809 2449 921 2482 Coelos
934 2448 1108 2482 adscensio-

231 2504 307 2527 nem
318 2494 531 2533 confitentes,
552 2496 617 2528 sine
630 2497 786 2540 sanguine
811 2497 844 2529 in
857 2497 1007 2529 Ecclefiis
1029 2495 1108 2529 cele-

232 2543 360 2577 bramus
371 2542 577 2576 Sacrificium.
606 2544 802 2578 Accedimus
814 2546 914 2579 etiam
927 2546 971 2579 ita
983 2544 1024 2578 ad
1040 2555 1107 2586 my·

231 2591 324 2626 sticas
336 2592 585 2626 Benediiliones
600 2618 610 2633 ,
635 2594 668 2627 ὃ(
681 2595 914 2628 sanc'tificamur
938 2593 1106 2638 participes

231 2642 465 2676 effefflSandae
486 2643 623 2683 Carnis,
649 2644 820 2687 &pretiosi
843 2644 1020 2689 Sanguinis
1040 2654 1109 2677 orn·

232 2693 325 2726 nium
353 2693 536 2726 nostrorum
560 2694 735 2727 Salvatoris
747 2694 887 2728 Christi.
918 2695 961 2727 Et
980 2705 1047 2728 non
1072 2703 1108 2727 ut

230 2741 370 2777 Carnem
392 2754 601 2777 communem
622 2743 817 2787 accipientes
843 2757 854 2777 .·
880 2743 974 2778 Abfit
996 2769 1003 2775 .
1043 2742 1109 2777 Ne·

233 2802 296 2834 que
310 2790 439 2834 quidem
452 2803 487 2826 ut
499 2791 574 2827 Viri
587 2794 772 2829 sanctificati
786 2819 796 2835 ‚
807 2794 839 2828 &
851 2793 1017 2838 conjuncti
1032 2793 1110 2826 Verv

233 2840 278 2884 bo
299 2842 469 2876 secundum
498 2843 684 2877 unitionem
711 2845 881 2888 dignitatis
901 2869 910 2884 ,
937 2843 987 2877 vel
1010 2842 1107 2877 etiarn

229 2891 601 2934 quafiinhabitationem
627 2894 786 2927 Divinam
811 2893 978 2935 habentis,
1006 2892 1058 2926 sed
1073 2902 1107 2926 ut

234 2941 484 2975 vivificatoriam
507 2942 597 2984 vere,
623 2944 655 2976 ὃ(
681 2944 838 2987 propriam
868 2943 962 2987 ipsius
983 2942 1104 2976 Verbi.

232 2987 313 3023 Vita
326 2991 413 3025 enirn
425 2992 563 3026 existens
575 2993 752 3027 secundum
777 3004 922 3028 naturam
948 3003 983 3027 ut
995 2994 1106 3033 Deus,

233 3041 389 3080 quoniam
401 3043 500 3074 fastus
510 3042 554 3075 est
577 3043 616 3076 ad
630 3045 717 3076 suam
740 3044 903 3083 Carnem,
929 3042 1105 3077 vivificato-

234 3088 314 3121 riam
327 3100 396 3124 eam
408 3091 547 3125 ostendit
559 3118 566 3124 .
595 3093 706 3132 Qare
729 3093 805 3127 licet
821 3092 861 3127 ad
877 3104 935 3126 nos
955 3091 1101 3132 dicatur,

234 3141 326 3170 Amen
337 3151 422 3172 amen
444 3142 506 3174 dico
518 3141 602 3176 vobis
614 3167 625 3182 ‚
651 3141 705 3183 mfi
711 3145 961 3177 manducaveritis
971 3147 1103 3177 Carnem

236 3188 311 3220 Filn
321 3186 448 3221 hominis
460 3214 470 3229 ‚
494 3193 526 3224 Θ
538 3190 667 3225 biberitis
679 3195 741 3233 ejus
747 3192 924 3237 sanguinem
937 3218 947 3234 ‚
974 3204 1041 3226 non
1065 3203 1101 3226 ut

232 3235 378 3270 hominis
400 3239 576 3273 secundum
599 3253 656 3276 nos
669 3242 933 3284 uniuscujuslibet
959 3244 991 3276 ὃ(
1020 3243 1104 3277 hanc

232 3288 295 3321 effe
306 3287 544 3322 aestimavimus.
571 3290 748 3335 Qomodo
761 3295 849 3327 enim
861 3292 1006 3327 hominis
1018 3294 1105 3327 Caro

233 3336 443 3372 vivificatoria
465 3338 524 3371 erit
546 3339 720 3377 secuudum
744 3354 891 3377 naturam
904 3343 1017 3376 suam?
1043 3343 1102 3377 Sed

234 3398 269 3419 ut
283 3388 409 3430 propria
419 3388 490 3421 vere
500 3387 578 3422 faeta
591 3389 656 3431 ejus
668 3415 678 3430 ,
703 3393 758 3433 qui
770 3403 896 3437 propter
919 3404 979 3427 nos
1006 3394 1038 3427 &
1051 3394 1103 3427 Fi-

234 3435 296 3469 lius
308 3436 450 3471 hominis
461 3439 560 3471 factus
571 3439 614 3471 est
628 3440 804 3482 appellatus
821 3466 827 3472 .

337 3486 441 3527 Christ.
458 3491 538 3530 Lupi
549 3493 646 3531 Opera
658 3492 689 3522 T.
704 3494 770 3523 VII.

1207 252 1423 296 Evangelicas
1433 261 1541 286 autem
1553 250 1724 285 salvatoris
1737 251 1836 287 nostri
1848 263 1944 288 voces
1968 264 2029 287 nee

1159 301 1365 337 subsistentiis
1382 301 1526 342 duabus,
1553 312 1658 344 neque
1668 302 1800 345 quidem
1821 304 1962 346 personis
1984 304 2035 337 di-

1161 353 1302 386 vidimus
1324 364 1331 384 2
1360 353 1433 386 Nec
1457 354 1547 386 enim
1569 351 1615 385 est
1637 351 1756 393 duplex
1778 362 1860 386 unus
1887 355 1921 387 &
1948 353 2035 388 solus

1162 400 1329 443 Christus,
1355 401 1483 436 licetex
1493 402 1618 436 duabus
1632 401 1826 445 intelligitur
1852 403 1886 435 ὅ(
1906 403 2037 437 diversis

1161 451 1252 486 rebus
1262 452 1411 486 unitione
1423 451 1610 496 impartibili
1623 451 1827 485 coadunatus
1837 476 1844 483 .
1871 451 1962 485 Sicut
1974 464 2038 486 cer-

1161 501 1193 535 te
1213 501 1315 536 homo
1335 513 1378 536 ex
1400 502 1509 536 anima
1531 501 1726 546 intelligitur
1751 501 1783 534 &
1809 500 1979 544 Corpore,
2005 502 2039 535 &

1164 562 1230 584 non
1251 552 1370 595 duplex
1391 553 1517 597 magis,
1545 552 1597 585 sed
1617 563 1704 586 unus
1715 562 1756 585 ex
1778 551 1939 594 utrisque.
1966 551 2042 584 Hu-

1162 610 1272 633 manas
1283 604 1383 636 etiam
1394 602 1434 637 ad
1447 602 1510 637 hoc
1535 602 1569 635 &
1582 602 1723 636 Divinas
1733 612 1829 636 voces
1839 600 1880 635 ab
1891 610 1960 634 uno
1971 598 2039 633 dici

1162 650 1239 683 certi
1251 650 1356 683 sumus
1367 676 1377 690 ,
1391 653 1546 696 sapientes
1557 652 1637 686 reue
1650 677 1656 685 .
1686 651 1835 699 Qando
1847 651 1936 686 enim
1947 649 2040 684 Deus

1161 698 1343 733 decibiliter
1353 699 1433 734 dicit
1445 703 1486 736 de
1497 703 1665 746 semetipso
1677 726 1688 742 ,
1715 705 1782 745 ,Qui
1801 703 1887 735 videt
1899 712 1945 733 me
1957 724 1967 740 ‚
1994 704 2043 733 ὐἰέ
2054 700 2134 738 Joan,
2146 709 2192 735 ¹4—

1163 751 1214 783 det
1239 751 1430 789 &Patrem
1454 751 1507 790 δε,
1535 755 1600 795 Ego
1623 753 1657 786 ὦ·
1683 755 1780 785 Pater
1805 762 1896 785 unum
1913 748 2039 793 fiemus,
2057 751 2099 772 ¹0·

1165 800 1323 834 Divinam
1333 798 1401 841 ejus
1426 799 1668 836 &ineffabilem
1688 802 1844 836 sentimus
1866 811 2014 836 naturam
2028 824 2040 841 ‚

1164 848 1343 883 secundum
1360 858 1458 891 quam
1485 848 1520 881 &
1539 858 1641 883 unum
1661 852 1708 885 est
1728 852 1769 886 ad
1797 853 1890 885 suum
1909 851 2041 885 Patrem

1164 909 1291 943 propter
1311 896 1519 932 identitatem
1541 895 1743 939 substantiae‚
1769 902 1885 946 Imago
1907 925 1919 942 ,
1945 901 1980 934 &
2007 900 2043 932 fi-

1164 960 1265 993 gura,
1291 949 1325 983 &
1351 947 1624 992 splendorgloriae
1648 946 1737 990 ejus.
1763 950 1907 994 Qando
1928 959 2039 984 autern

1165 998 1377 1033 humanitatis
1387 998 1569 1032 mensuram
1583 1008 1652 1031 non
1662 995 1871 1030 exhonorans
1881 1020 1891 1036 ,
1918 999 2044 1041 Judaeos

1165 1049 1366 1093 alloquitur,
1393 1050 1482 1081 Modo
1499 1058 1546 1081 me
1571 1051 1704 1090 quaerltts
1729 1047 1873 1085 occidere,
1901 1046 2045 1082 bominem

1165 1105 1216 1143 qui
1228 1104 1389 1133 veritatem
1410 1097 1494 1133 vobis
1505 1098 1617 1131 locutus
1625 1096 1716 1140 sum,
1742 1096 1859 1130 iterum
1880 1096 2048 1132 nihilomi.
2062 1087 2178 1126 10²⁰·31

1167 1150 1228 1184 nus
1237 1149 1398 1189 eundem,
1427 1149 1483 1191 qui
1495 1149 1540 1182 est
1559 1148 1594 1182 in
1606 1147 1788 1191 aequalitate
1813 1146 1848 1180 δε
1869 1145 2048 1181 similitudi·

1169 1211 1210 1233 ne
1231 1196 1362 1240 Patris,
1390 1199 1499 1233 Deum
1525 1196 1672 1232 Verbum
1698 1198 1733 1232 &
1757 1208 1799 1232 ex
1834 1195 2048 1231 humanitatis

1169 1249 1236 1292 ejus
1247 1249 1404 1283 mensuris
1414 1248 1621 1294 agnoscimus
1636 1274 1643 1281 .
1669 1247 1702 1283 Si
1731 1247 1820 1282 enim
1843 1247 1888 1282 est
1913 1249 2050 1281 necessa-

1169 1299 1251 1333 rium
1273 1299 1421 1340 credere,
1451 1298 1527 1343 quia
1549 1300 1640 1334 Deus
1649 1297 1791 1333 existens
1814 1308 1929 1332 natura
1950 1299 2050 1331 factus

1168 1348 1212 1383 est
1226 1349 1335 1387 Caro,
1363 1349 1414 1383 vel
1440 1347 1545 1383 homo
1566 1349 1729 1383 animatus
1753 1348 1864 1383 anima
1877 1348 2052 1387 rationali,

1170 1399 1298 1443 qualem
1310 1398 1422 1442 utique
1435 1397 1567 1433 habebit
1579 1400 1740 1433 rationem
1754 1398 1853 1433 vereri
1863 1397 2052 1442 quempiam

1171 1450 1204 1483 in
1228 1448 1467 1493 voeibutejus,
1492 1449 1514 1482 si
1541 1450 1627 1483 fastae
1642 1451 1716 1484 sunt
1736 1447 1906 1483 hominem
1934 1447 2052 1482 conde·

1170 1499 1303 1534 centes?
1329 1499 1362 1533 Si
1373 1500 1463 1533 enim
1475 1501 1629 1536 recusaret
1639 1498 1809 1534 hominem
1823 1498 1971 1532 decentia
1985 1509 2053 1531 ver-

1171 1549 1230 1589 ba,
1257 1549 1331 1593 quis
1362 1550 1425 1584 fuit
1435 1550 1492 1593 qui
1505 1549 1615 1594 coegit
1626 1560 1701 1583 eum
1713 1549 1781 1583 fieri
1803 1548 1979 1581 secundum
1992 1558 2054 1580 nor.

1171 1599 1342 1634 hominem
1365 1600 1378 1633 ἓ
1410 1600 1481 1646 Qi
1508 1599 1586 1632 vero
1610 1598 1758 1641 deposuit
1784 1597 1991 1639 semetipsum
2016 1595 2053 1629 in

1172 1651 1383 1693 spontaneam
1407 1649 1671 1686 exinanitionem
1695 1670 1707 1687 ,
1732 1658 1830 1691 quam
1853 1647 1899 1680 ob
1922 1647 2051 1680 causam

1172 1701 1326 1734 recusaret
1338 1699 1600 1734 exinanitionem
1613 1698 1764 1733 decentes
1775 1698 1939 1732 sermones
1950 1696 1966 1727 ἕ
1978 1695 2055 1730 Pero

1172 1751 1255 1784 sona:
1280 1759 1390 1785 autem
1415 1748 1472 1783 uni
1499 1760 1573 1791 eas,
1601 1760 1671 1793 quae
1691 1749 1766 1782 sunt
1789 1748 1822 1781 in
1837 1747 2053 1792 Evangeliis,

1172 1812 1287 1835 omnes
1297 1800 1498 1845 applicamus
1510 1811 1606 1834 voces
1619 1798 1824 1834 subfistentiae
1838 1799 1935 1832 unius
1950 1796 2052 1831 Verbi

1172 1850 1332 1885 Incarnati
1349 1876 1356 1883 .
1385 1850 1488 1884 Unus
1509 1850 1598 1885 enim
1623 1849 1667 1885 est
1680 1849 1849 1884 Dominus
1861 1849 1948 1892 Jesus
1959 1845 2055 1882 Chri-a

1173 1899 1239 1933 stus
1261 1898 1438 1933 secundum
1451 1899 1629 1942 Scripturas
1644 1924 1650 1930 .

1221 1948 1254 1981 Si
1276 1958 1384 1981 autem
1410 1959 1542 1981 vocatur
1567 1949 1601 1981 ἀ
1624 1948 1803 1990 Apostolus
1840 1950 1874 1981 δι
1900 1948 2056 1981 Pontifex

1172 1997 1394 2031 Confeffionis
1407 1996 1520 2030 nostrae
1532 2020 1541 2036 ,
1568 2008 1604 2031 ut
1619 1998 1800 2031 sacrificans
1814 1997 1888 2031 Deo
1904 1997 1937 2030 &
1952 1997 2055 2035 Patri,

1170 2058 1238 2090 quae
1260 2057 1301 2081 ex
1327 2046 1422 2080 nobis
1442 2046 1486 2080 est
1502 2071 1511 2086 ,
1536 2046 1592 2081 fibi
1620 2047 1655 2082 δε
1676 2058 1730 2091 per
1755 2048 1785 2081 se
1809 2047 1885 2082 Deo
1912 2048 1946 2081 δε
1965 2047 2056 2080 Patri

1171 2097 1316 2131 oblatam
1327 2097 1421 2131 Fidei
1443 2097 1698 2139 confeffionem,
1725 2109 1854 2131 necnon
1881 2098 1915 2132 δε
1937 2098 2056 2131 Sancto

1170 2148 1325 2191 Spiritui,
1353 2147 1471 2182 iterum
1492 2148 1595 2190 ipsum
1618 2150 1680 2182 effe
1693 2148 1833 2182 dicimus
1856 2159 1897 2182 ex
1922 2148 1998 2182 Deo
2013 2148 2057 2180 se-

1171 2198 1314 2231 cundum
1339 2208 1488 2233 naturam
1500 2197 1726 2243 Unigenitum
1740 2221 1751 2238 ,
1773 2199 1807 2232 δι
1828 2209 1896 2232 non
1921 2196 2057 2232 homini

1173 2248 1394 2291 impertiemus
1416 2258 1522 2291 praeter
1545 2249 1649 2292 ipsum
1681 2248 1773 2283 alteri
1801 2248 1852 2282 vel
1875 2247 2057 2282 Sacerdotii

1173 2309 1318 2338 nornen,
1344 2299 1394 2332 vel
1416 2299 1517 2342 ipsam
1544 2299 1620 2333 vero
1647 2310 1732 2334 rem.
1760 2299 1873 2333 Faetus
1894 2297 1938 2332 est
1965 2298 2057 2331 enim

1173 2346 1342 2382 Mediator
1365 2348 1429 2382 Dei
1457 2350 1489 2383 ἀ
1505 2348 1679 2385 hominum
1694 2374 1704 2390 ,
1730 2350 1765 2383 &
1785 2348 1992 2386 Conciliator
2016 2348 2058 2382 ad

1175 2397 1292 2431 Pacem
1305 2423 1315 2438 ,
1343 2399 1548 2441 semetipsum
1567 2401 1760 2434 consecrans
1782 2399 1815 2432 in
1829 2398 1964 2432 odorem
1992 2400 2058 2432 sua-

1175 2447 1284 2479 vitatis
1295 2449 1371 2479 Deo
1396 2447 1549 2481 &Patri.
1580 2449 1669 2482 Nam
1696 2451 1730 2482 &
1747 2449 1893 2482 dicebat:
1923 2449 2059 2480 Holocau-

1169 2494 1296 2534 stomata
1303 2502 1482 2536 propeccato
1495 2507 1552 2528 non
1557 2496 1707 2537 postulasti
1720 2521 1727 2528 .
1756 2501 1873 2538 Corpus
1886 2504 1985 2529 autem
1991 2505 2059 2537 per-

1169 2542 1365 2585 fecistimibi.
1395 2547 1420 2575 Τ
1421 2556 1476 2577 unc
1491 2546 1558 2576 dlxi
1577 2568 1588 2584 ,
1614 2549 1690 2578 Ecce
1703 2550 1790 2577 venre
1803 2570 1810 2576 .
1838 2550 1875 2576 ln
1888 2549 1998 2586 Capite
2022 2548 2059 2579 lt·-

1176 2593 1222 2627 bri
1241 2590 1387 2636 scriptum
1406 2593 1443 2633 est
1470 2595 1564 2627 deme
1575 2594 1683 2635 facere
1699 2618 1709 2633 ,
1737 2598 1820 2627 Deus
1834 2618 1844 2634 ,
1870 2596 2057 2628 voluntatem

1176 2651 1276 2676 tuam.
1304 2642 1438 2677 Obtulit
1449 2644 1537 2678 enim
1550 2655 1608 2687 pro
1623 2643 1719 2678 nobis
1731 2644 1764 2677 in
1775 2644 1911 2678 odorem
1924 2643 2058 2680 suavita-

1174 2693 1216 2727 tis
1244 2693 1409 2736 proprium
1437 2694 1565 2737 Corpus
1588 2719 1594 2727 .
1630 2695 1674 2727 Et
1701 2706 1768 2728 non
1799 2695 1903 2739 magis
1926 2707 1985 2737 pro
2008 2697 2056 2730 se.

1175 2742 1377 2790 Qalienim
1391 2744 1504 2785 utique
1522 2744 1683 2789 indigeret
1697 2743 1867 2779 oblatione
1892 2745 1942 2778 vel
1967 2746 2058 2781 sacri-

1174 2793 1250 2826 ficio
1262 2804 1319 2836 pro
1333 2794 1364 2827 se
1376 2818 1386 2834 ,
1411 2794 1520 2837 potior
1529 2795 1671 2828 existens
1684 2794 1724 2828 ab
1735 2795 1827 2828 omni
1840 2806 1974 2838 peccato
1985 2820 1995 2835 ,
2018 2806 2055 2830 ut

1175 2843 1290 2876 Deus?
1316 2844 1348 2877 Si
1372 2845 1460 2878 enim
1483 2856 1599 2878 omnes
1623 2853 1835 2888 peccaverunt
1860 2869 1871 2885 ,
1897 2846 1931 2879 ἀ
1953 2856 2054 2890 egent

1172 2893 1276 2936 gloria
1305 2893 1368 2927 Dei
1391 2918 1401 2933 ,
1439 2894 1614 2930 secundum
1642 2895 1730 2938 quod
1758 2896 1830 2929 faeti
1859 2896 1966 2929 sumus
1992 2907 2053 2929 nos

1172 2953 1262 2985 prorn
1269 2942 1313 2985 pti
1323 2942 1363 2976 sd
1377 2945 1674 2988 transgressionem,
1687 2946 1721 2979 ὅ(
1731 2945 1896 2989 agrotavit
1907 2945 2051 2980 humana

1172 3003 1283 3026 natura
1297 2993 1330 3025 in
1344 3002 1473 3036 peccato
1485 3020 1495 3035 ‚
1524 2995 1588 3037 ipse
1601 2995 1679 3028 vero
1691 3006 1759 3030 non
1771 2996 1815 3030 ita
1829 3018 1838 3033 ,
1856 2995 1889 3028 ἀ
1899 2995 2051 3039 eguimus

1170 3041 1214 3075 ob
1226 3040 1289 3076 hoc
1299 3043 1404 3087 gloria
1416 3043 1484 3086 ejus
1494 3070 1503 3084 ,
1517 3045 1687 3087 quomodo
1697 3045 1762 3089 jam
1774 3047 1834 3080 erit
1846 3044 2050 3089 ambiguum,

1170 3093 1226 3135 qui
1239 3094 1395 3126 mactatus
1404 3094 1448 3127 est
1464 3104 1591 3137 propter
1603 3106 1663 3128 nos
1673 3117 1684 3134 ,
1705 3095 1739 3130 ὅ(
1753 3106 1811 3139 pro
1825 3094 1918 3128 nobis
1930 3095 2048 3139 Agnus

1171 3142 1235 3176 Dei
1248 3142 1369 3178 verus?
1397 3144 1441 3176 Et
1461 3143 1569 3178 dicere
1589 3145 1676 3189 quod
1697 3144 1821 3179 obtulit
1841 3144 2047 3188 semetipsum

1170 3203 1227 3235 pro
1238 3193 1310 3226 se&
1329 3203 1386 3235 pro
1401 3193 1518 3235 nobis,
1544 3205 1639 3228 exors
1649 3194 1709 3229 erit
1721 3194 1915 3229 nullomodo
1937 3195 2051 3230 abim-

1169 3242 1295 3285 pietatis
1305 3241 1495 3277 criminibus
1509 3267 1518 3276 .
1543 3243 1693 3287 Deliquit
1704 3244 1791 3279 enim
1804 3244 1899 3279 nullo
1926 3245 2050 3286 modo,

1168 3302 1272 3335 neque
1283 3292 1360 3327 fecit
1372 3304 1555 3335 peccatum.
1582 3295 1659 3340 Qu‘a
1673 3305 1750 3338 ergo
1763 3295 1854 3339 eguit
1864 3293 2046 3336 oblatione,

1168 3352 1300 3383 peccato
1320 3354 1387 3376 non
1408 3344 1564 3378 existente
1583 3368 1593 3384 ‚
1621 3356 1678 3388 pro
1703 3355 1770 3387 quo
1795 3345 1907 3388 utique
1933 3346 2047 3381 fieret?

1171 3393 1211 3425 Et
1225 3393 1317 3426 valde
1338 3395 1501 3436 congrue.

1217 3442 1303 3478 Cum
1317 3453 1424 3480 autem
1435 3441 1514 3478 dicit
1524 3443 1565 3479 de
1577 3443 1696 3525 Sigritu
1711 3468 1722 3485 ‚
1737 3447 1790 3480 Ille
1802 3457 1846 3479 me
1861 3442 2047 3486 clarificabu,
2066 3461 2146 3500 ,νοω
2157 3465 2204 3494 16·

1685 3504 1707 3530 2
1907 3493 1999 3527 intel-

2077 2458 2137 2490 i‘l‘al
2165 2470 2178 2497 3
2185 2471 2211 2496 9.
