2320 3730
586 196 894 252 ScHoLus,
931 208 998 238 ετ
1033 190 1222 239 Nous
1251 202 1655 239 ILLUSTRATAE.

205 283 350 330 joannes
358 277 496 315 debebat
505 280 684 317 formatum
695 281 714 317 ὲ
726 282 841 316 Sancto
852 279 985 325 Cyrillo
995 277 1086 317 libel·

206 333 278 368 ium
287 330 330 366 de
339 327 495 366 Aristoni
508 331 659 367 manibus
669 332 813 375 accipere
822 356 833 374 ,
863 332 897 366 ὅ(
907 332 1016 376 ipsum
1029 340 1083 364 eo-

206 378 413 419 ramduobus
422 378 653 422 Alexandrina».
665 382 813 421 Ecclefiae
823 381 963 420 Clericis
981 380 1085 425 profi-

208 431 322 466 miae
333 428 543 469 subscribere:
572 432 617 467 Et
638 441 715 469 ante
725 431 793 468 haec
816 431 944 475 expleta
958 429 1086 465 nemini

206 487 355 528 poterat,⁴
377 491 435 519 aut
445 481 532 517 certe
542 481 697 530 nolebat,
723 482 812 534 pacis
833 479 1027 528 mysterium
1042 490 1085 518 ex

207 530 338 575 integro
357 530 498 582 pandere
509 558 517 567 .
874 529 876 531 ’

341 854 387 899 c
399 854 443 900 A
456 851 492 897 P
505 850 551 901 U
563 846 605 899 T
641 845 918 898 Lxxxvu,
942 810 1084 907 „1⁵75

205 1039 375 1112 Fpssola
406 1036 631 1087 Theodoreti
676 1031 853 1107 Eplst0pl‘
899 1035 991 1098 Cyri
1037 1031 1092 1085 ad

273 1115 461 1166 joannem
507 1101 712 1157 Antiochiae
756 1103 986 1174 Epifiopum
1032 1122 1090 1153 ree

261 1176 419 1248 fiw'pta
440 1213 454 1238 ‚
485 1181 548 1223 (9·-
571 1172 702 1243 fiprci
736 1176 909 1249 appositae
942 1170 1090 1243 respons

274 1247 361 1298 dens
395 1250 532 1299 nunciae
560 1262 669 1318 paczs
681 1280 696 1299 ,

297 1424 409 1463 Ptima
428 1425 663 1470 Magistrorum
684 1423 804 1460 militia
819 1425 976 1462 &eontra
985 1424 1092 1463 hostes

322 1475 359 1512 in
371 1482 480 1512 totum
491 1475 587 1510 cunei
598 1484 703 1508 cornu
714 1473 799 1508 stant
808 1499 819 1516 ‚
844 1474 878 1508 &
890 1485 947 1518 pro
958 1471 1008 1508 his
1018 1475 1092 1516 ‚qui
1115 1479 1130 1483 ‘⁴

198 1526 375 1566 laborant,
401 1524 527 1562 fortiter
551 1533 720 1568 pugnant.
747 1523 880 1561 Etcum
894 1533 1005 1567 pacem
1015 1523 1093 1560 eele-

196 1576 396 1614 litaverunt,
421 1584 491 1608 non
512 1574 680 1621 praesentes
700 1580 851 1613 tantum,
877 1572 1091 1607 sedecabsen·

197 1633 250 1660 tes
259 1621 475 1669 praeliantium
494 1621 529 1657 in
540 1632 619 1666 pace
630 1620 781 1657 facienda
797 1629 1038 1659 connumerant
1049 1622 1093 1655 se-

197 1684 305 1710 eum..
323 1673 370 1711 Et
390 1683 531 1718 magnus
552 1670 665 1708 David
683 1695 696 1714 ‚
721 1670 803 1707 dum
829 1672 1008 1718 progr-effus
1027 1671 1092 1711 ali-

198 1723 338 1770 quando
356 1722 401 1760 ad
424 1723 570 1768 praelium
596 1720 875 1764 vieorexisteret,
901 1720 1040 1764 &spolia
1050 1723 1094 1756 ad

198 1774 376 1811 civitatem
389 1773 545 1809 retulisset
554 1796 566 1814 ‚
592 1782 662 1807 non
673 1771 750 1807 solis
761 1771 813 1807 his
832 1772 890 1818 qui
903 1771 1012 1808 bellati
1023 1773 1092 1806 fue·

198 1832 298 1867 nnt,
321 1823 376 1861 sed
387 1824 423 1859 δε
433 1822 488 1859 his
495 1823 552 1869 qui
563 1823 635 1857 vasa
650 1821 812 1858 custodire
823 1822 970 1866 praecepti
989 1823 1064 1857 sunt
1080 1845 1092 1862 ‚

200 1885 327 1918 mquam
337 1871 501 1909 distribuit
512 1872 716 1915 portionem.
745 1873 790 1906 Et
813 1872 867 1908 lex
888 1872 970 1906 fasta
983 1873 1028 1907 est
1044 1883 1087 1906 ex

198 1924 288 1965 3110,
311 1922 500 1970 praecipiens
511 1931 548 1956 ut
560 1919 618 1962 hi,
643 1922 701 1967 qui
712 1922 820 1957 ferunt
850 1921 967 1957 bellica
978 1919 1091 1955 instru-

201 1982 340 2015 menta,
366 1982 444 2010 cum
454 1971 651 2009 bellantibus
669 1981 795 2019 partem
816 1971 926 2020 praedae
946 1970 1093 2008 similiter

200 2024 379 2061 sortiantur
391 2049 399 2057 .

253 2071 441 2122 Qomodd
458 2073 560 2118 igitur
568 2085 637 2107 non
646 2074 684 2108 fit
694 2074 916 2118 incongruum
927 2095 940 2112 ‚
965 2079 1003 2105 ut
1012 2070 1093 2104 dum

201 2124 260 2160 lex
269 2122 441 2168 praecipiat,
453 2132 490 2157 ut
499 2133 564 2156 cum
574 2122 636 2163 illi,
646 2122 704 2166 qui
715 2122 815 2167 longe
824 2121 843 2155 a
856 2122 965 2165 praelio
978 2119 1091 2155 sedent

200 2175 239 2210 in
249 2172 398 2210 custodia
408 2173 560 2208 vasorum
573 2196 584 2213 ,
595 2174 670 2208 facti
680 2173 803 2208 fuerint
814 2171 922 2212 utiles,
938 2171 1013 2206 aliis
1023 2181 1093 2214 par-

200 2224 340 2269 ticipent
348 2222 484 2267 aequalia
494 2246 506 2262 ,
530 2232 592 2256 nos
602 2221 771 2265 perdamus
781 2233 838 2256 eos
849 2222 907 2267 qui
919 2219 1093 2255 nobiscum

200 2273 407 2309 decertarunt
418 2272 555 2316 pariter,
568 2281 605 2304 ac
617 2270 831 2314 despiciamus
845 2294 857 2310 ,
875 2270 955 2304 dum
965 2267 1007 2302 ab
1018 2267 1070 2301 his
1083 2291 1095 2308 ,

200 2324 260 2367 qui
271 2322 361 2369 prius
371 2331 566 2358 communes
578 2320 705 2356 inimici
717 2320 855 2362 fuerant,
864 2327 1094 2364 expugnentur

199 2373 264 2407 viri
273 2397 284 2415 ,
297 2372 403 2418 quiin
416 2370 549 2415 Epheso
561 2395 573 2412 ,
583 2371 618 2407 &
627 2371 660 2404 in
673 2368 885 2406 Chalcedone
897 2369 1026 2404 fortiter
1036 2379 1095 2412 pro

202 2423 325 2466 pietate
346 2420 484 2466 praeliati
505 2421 604 2460 sunt,
627 2420 661 2453 &
681 2421 782 2463 usque
802 2417 842 2454 ad
863 2419 996 2464 praesens
1006 2417 1096 2451 stete·

202 2480 282 2506 runt
293 2470 359 2505 una
371 2469 545 2505 nobiscum
558 2492 571 2508 ,
594 2469 627 2504 δε
637 2469 843 2504 laudabiliter
853 2479 948 2512 agere
962 2464 1098 2502 minime

203 2519 423 2567 quieverunt?
448 2517 485 2554 Si
505 2518 606 2562 igitur
626 2529 712 2562 pax,
738 2517 1022 2563 quaediffamatur,
1047 2515 1098 2550 fir-

202 2582 260 2607 ma
283 2567 444 2609 subfistit,
470 2567 505 2602 δε
525 2578 599 2602 vcra
621 2567 690 2608 est,
715 2577 845 2612 oportet
866 2578 903 2602 ut
922 2575 1038 2603 omnes
1057 2577 1095 2600 ea

201 2621 374 2660 fruantur,
399 2617 434 2652 δε
453 2626 554 2651 nemo
575 2615 594 2649 ὲ
613 2616 726 2652 nostro
749 2626 857 2650 cuneo
875 2616 958 2651 foris
978 2618 1033 2650 fit.
1063 2615 1097 2650 Si

203 2666 283 2704 vero
301 2678 351 2702 res
368 2665 457 2712 pacis
477 2664 587 2700 inanis
612 2690 624 2708 ,
649 2666 683 2700 ὃς
703 2664 829 2700 nudum
851 2676 976 2701 nomen
1001 2663 1099 2708 hujus

201 2719 405 2754 faederatores
424 2715 584 2751 dederunt
602 2741 614 2759 ,
638 2715 716 2751 Deo
736 2715 895 2751 odibilem
914 2740 926 2756 ‚
951 2716 987 2750 &
1003 2715 1097 2749 omni

203 2769 265 2813 pio
284 2766 457 2814 indignam
476 2776 612 2810 pacem,
636 2766 715 2811 quia
736 2766 859 2811 talem,
884 2767 946 2803 effe
970 2764 1098 2802 arbitra-

201 2828 297 2860 mur.

256 2867 333 2903 Nec
355 2867 447 2903 enim
468 2867 615 2902 sanstum'
636 2866 682 2902 est
695 2891 708 2908 ,
733 2863 793 2904 ricc
813 2868 960 2908 salubre,
984 2875 1023 2901 ut
1037 2875 1098 2900 nos

206 2916 342 2964 quidem
361 2918 582 2963 depositiones
603 2917 666 2952 five
684 2917 911 2954 damnationes
930 2917 1028 2962 justas
1039 2915 1099 2951 sol-

207 2979 345 3007 vamus,
369 2969 405 3003 δε
425 2968 569 3003 Ordines
590 2966 727 3002 illicitos
747 2968 961 3012 sucipiamus,
988 2967 1023 3001 ὅ(
1045 2964 1096 3000 his

208 3018 268 3060 qni
286 3018 400 3052 omnia
422 3017 547 3053 sursum
566 3029 605 3052 ac
625 3017 776 3053 deorsum
794 3019 959 3060 fecerunt,
984 3018 1099 3061 imper-

208 3068 332 3103 tiamus
340 3066 468 3102 veniam
479 3080 490 3111 ς
515 3066 557 3103 ab
568 3067 633 3102 illis
644 3067 719 3104 vero
730 3093 741 3110 ,
751 3069 786 3103 ἀ
798 3068 831 3102 in
842 3070 913 3113 ipso
924 3068 1012 3114 pacis
1022 3077 1098 3103 tem·

208 3127 307 3161 pore,
340 3127 411 3161 quae
433 3118 507 3152 sunt
528 3116 672 3152 hostium
687 3126 924 3162 perpetrentur.-
951 3119 995 3154 Et
1014 3126 1100 3162 egre-

211 3167 290 3211 gios
301 3166 403 3201 nostri
421 3166 516 3201 cunei
527 3166 651 3210 pellant
660 3167 702 3203 ab
715 3168 862 3204 Ecclefiis
873 3192 882 3202 .
907 3168 1032 3204 Scribat
1043 3167 1099 3212 igi-

212 3226 269 3251 tur
290 3216 446 3253 sanctitas
465 3227 520 3251 tua
541 3218 575 3251 &
589 3219 739 3253 Amatori
755 3217 877 3255 Christi
886 3218 1076 3263 Imperatori
1088 3239 1100 3257 ‚

213 3266 251 3300 δε
271 3267 399 3311 magnis
418 3266 579 3311 judicibus
598 3291 611 3308 ,
634 3268 668 3303 &
689 3268 736 3302 eis
755 3269 851 3304 faciat
871 3268 1076 3305 manifestum
1090 3290 1101 3307 ‚

215 3317 295 3361 quia
327 3317 463 3353 minime
491 3317 652 3362 patiemur
674 3316 758 3353 hanc
779 3318 933 3363 suscipere
965 3330 1099 3363 pacem,

214 3366 549 3413 communionemque
571 3368 705 3407 iliorum
726 3369 874 3415 amplecti
890 3393 902 3413 ,
927 3370 986 3405 nifi
1013 3369 1100 3414 prius

1147 275 1183 311 hi
1193 299 1204 316 ‚
1230 276 1287 325 qui
1297 275 1511 314 certaminum
1524 283 1672 323 tempore
1687 277 1856 318 nobiscum
1866 285 2018 323 fuerunt.

1150 328 1218 361 suas
1236 327 1415 371 receperint
1425 325 1602 364 Ecclefias.
1629 324 1742 364 Tuam
1761 332 1850 365 enim
1868 334 2022 369 sanctita-

1150 386 1216 411 tem
1233 376 1326 412 decet
1346 376 1444 415 talem
1455 387 1569 421 pacem
1578 375 1728 416 Ecclefiis
1736 379 1904 420 providere
1915 407 1927 424 ,
1950 394 2023 427 quae

1150 426 1191 460 ab
1211 426 1305 462 omni
1315 427 1442 463 macula
1462 426 1500 461 fit
1521 425 1641 467 libera,
1665 425 1699 464 δι
1720 438 1790 471 qua:
1800 428 1872 474 pios
1882 434 2026 468 nonam-

1152 475 1235 520 plius
1246 502 1258 518 ,
1283 477 1381 522 quam
1393 476 1496 521 ipsum
1508 476 1650 521 praelium
1661 476 1810 516 vulneret
1818 503 1826 511 .

1203 526 1285 562 Haec
1307 527 1347 562 ad
1361 528 1492 571 praesens
1502 525 1639 562 scribere
1649 527 1720 564 sum
1729 529 1880 570 coastus,
1907 528 2030 564 litteras

1153 575 1269 611 iterum
1298 576 1472 621 suscipiens
1483 576 1676 617 Sanstiffimi
1696 578 1730 615 ἃ
1741 579 1817 614 Deo
1829 577 2029 614 Amiciffimi

1156 625 1308 671 Episcopi
1319 627 1463 665 Himerii
1474 652 1485 669 ,
1498 627 1676 671 'culpantis
1694 638 1756 665 nos
1767 636 1924 677 tanquam
1939 638 2030 664 com-

1154 677 1263 710 munis
1283 677 1468 715 certaminis
1489 677 1671 724 proditores
1691 702 1699 713 .
1736 678 1829 724 Ergo
1863 679 1898 713 &
1924 679 2031 723 ipsum

1154 726 1296 762 refoveat
1315 727 1469 764 sanctitas
1490 737 1546 763 tua
1559 752 1571 770 ,
1597 728 1892 772 &Imperatoribus
1912 727 2032 773 fignifi-

1155 784 1225 814 cet‚
1250 775 1326 817 quia
1344 786 1405 810 nos
1415 776 1605 815 deteriorem
1618 777 1724 821 praelio
1736 777 1928 817 arbitremur
1944 777 2032 815 hanc

1155 836 1267 869 pacem
1286 851 1293 860 ,
1319 824 1411 859 Nam
1435 836 1550 875 pugna
1572 827 1704 871 quidem
1724 828 1781 867 illa
1809 840 1873 863 nos
1892 829 1925 862 &
1944 818 2034 873 apin!

1156 876 1266 913 Deum
1294 885 1433 910 coronat
1453 900 1465 920 ‚
1490 875 1525 914 ὃς
1542 875 1628 923 apud
1653 887 1708 911 eos
1725 903 1737 920 ,
1763 879 1820 922 qui
1841 878 1968 913 Divina
1991 878 2038 911 sa-

1155 926 1272 969 piunt,
1297 935 1431 960 ornatos
1454 925 1556 965 efficit
1576 937 1586 969 ;
1616 936 1682 969 pax
1699 936 1808 962 autem
1831 928 1905 967 talis
1925 928 1958 963 δε
1980 925 2038 961 hle

1157 987 1217 1011 nos
1226 975 1422 1010 confatione
1446 975 1568 1019 replet,
1594 975 1630 1009 δε
1647 974 1734 1018 apud
1753 976 1873 1019 justum
1893 977 2038 1026 judicem

1156 1026 1278 1078 dignos
1287 1025 1408 1063 efficiet
1418 1025 1568 1074 supremo
1578 1025 1741 1074 supplicio
1755 1049 1764 1063 ,

1346 1180 1854 1229 Senozlon.

1265 1323 1319 1362 Ac
1343 1327 1542 1371 responsoria
1567 1326 1608 1362 ad
1644 1324 1875 1372 praecedentem
1910 1323 2050 1370 epistola

1290 1375 1527 1413 Theodoretus
1549 1376 1730 1421 &Ioannis
1752 1378 1922 1420 personam
1941 1376 1975 1410 ὅ(
1987 1375 2051 1411 ini·

1154 1436 1223 1462 tam
1245 1425 1288 1461 ab
1307 1426 1379 1471 ipso
1400 1439 1536 1475 pacem,
1563 1427 1675 1472 culpat
1697 1427 1738 1461 de
1758 1427 1858 1463 variis
1872 1450 1880 1459 .
1907 1424 2023 1461 Primo
2037 1448 2051 1470 ,

1150 1476 1316 1519 Ἷῐιοᾶὶίία
1327 1489 1390 1520 pax
1411 1479 1447 1514 fit
1459 1477 1697 1514 clandestinum
1710 1476 1810 1514 solius
1823 1476 1960 1520 Joannis
1970 1486 2049 1509 cum

1154 1522 1265 1567 paucis
1287 1523 1360 1558 aliis
1382 1532 1488 1570 opus.-
1512 1527 1616 1570 Qod
1627 1527 1666 1560 fit
1683 1527 1796 1561 fastaa
1807 1527 1918 1560 nescio
1930 1524 2051 1567 quibus

1154 1573 1403 1610 foederatoribus
1414 1599 1421 1609 .
1450 1574 1601 1610 Secundo
1611 1575 1700 1618 quod
1713 1575 1751 1609 Iit
1770 1584 1818 1610 res
1828 1575 1915 1617 pacis
1926 1584 2027 1607 vacua
2036 1597 2052 1614 ,

1154 1623 1279 1659 nudum
1306 1623 1394 1667 pacis
1417 1634 1564 1664 nomen,
1591 1623 1805 1668 paxindigna
1815 1623 1906 1657 omni
1918 1622 1976 1666 pio
1992 1620 2052 1656 ho-

1154 1673 1262 1709 mine.
1291 1673 1335 1709 Et
1357 1672 1422 1709 hoc
1443 1674 1593 1709 exvariis
1619 1671 1800 1717 capitibus.
1827 1670 2052 1716 Primo,quia

1151 1724 1245 1769 cogit
1263 1723 1305 1760 ad
1324 1724 1497 1760 solvendas
1516 1723 1612 1767 justas
1623 1722 1844 1767 depolitiones
1854 1722 1908 1757 seu
1921 1722 2052 1756 damna·

1153 1773 1279 1809 tiones:
1304 1772 1436 1818 Nempe
1461 1772 1698 1818 depositionem
1716 1772 1887 1816 Cyrilliac
1898 1772 2054 1806 Memno-

1154 1823 1204 1857 nis
1223 1847 1232 1856 .
1259 1823 1436 1863 Secundo,
1461 1825 1540 1866 quia
1560 1823 1653 1867 cogit
1675 1822 1718 1858 ad
1741 1821 1964 1866 suscipiendos
1988 1821 2054 1855 illi·-

1152 1873 1237 1908 citos
1257 1871 1401 1909 Ordines
1412 1886 1424 1908 .-
1450 1873 1583 1916 Nempe
1601 1871 1861 1908 ordinationem
1877 1870 2054 1907 Maximia-

1153 1923 1205 1957 ni.
1232 1921 1353 1958 Tertio
1363 1947 1375 1964 ,
1400 1922 1478 1966 quia
1489 1923 1582 1967 cogit
1593 1921 1713 1957 adillis
1725 1947 1737 1964 ‚
1763 1922 1821 1966 qui
1832 1931 1940 1958 totum
1952 1922 2054 1955 Mun-

1151 1973 1232 2008 dum
1244 1972 1454 2007 turbaverunt
1465 1995 1478 2013 ‚
1501 1970 1644 2006 dandam
1654 1970 1899 2016 indulgentiam
1919 1973 2054 2006 suorum

1152 2023 1343 2057 criminum.
1371 2020 1503 2065 Nempe
1514 2020 1684 2066 Episcopis
1701 2020 1819 2055 Sansto
1844 2019 1976 2063 Cyrillo
1999 2031 2054 2054 co·

1151 2072 1290 2115 operatis
1302 2071 1343 2105 ad
1360 2072 1429 2105 asta
1440 2067 1601 2114 Ephefina
1613 2095 1620 2103 .
1647 2068 1793 2116 Qarto,
1802 2067 1892 2114 quod
1902 2070 2053 2116 egregios

1153 2120 1333 2157 Orientalis
1348 2121 1445 2156 cunei
1460 2120 1636 2156 bellatores
1645 2120 1744 2166 pellat
1755 2120 1773 2154 a
1783 2120 1921 2164 propriis
1941 2121 2054 2155 Eccle-

1153 2171 1206 2207 fiis
1230 2194 1239 2205 .
1265 2170 1396 2216 Nempe
1421 2170 1618 2206 Helladium
1639 2195 1652 2212 ‚
1678 2169 1877 2205 Eutherium
1902 2195 1914 2212 ‚
1941 2171 2054 2206 Doro-

1155 2220 1288 2262 theum,
1314 2231 1353 2254 ae
1374 2219 1566 2254 Himerium
1587 2221 1624 2255 &
1646 2220 1818 2262 praesertim
1839 2220 2052 2255 Himerium.

1155 2269 1261 2317 Qod.
1279 2268 1372 2304 enim
1394 2268 1500 2311 ipsum
1520 2266 1754 2302 Theodoretus
1763 2268 1967 2314 singulariter
1975 2269 2054 2304 dile-

1156 2319 1265 2358 xerit,
1290 2316 1411 2353 docent
1431 2317 1538 2362 plures
1558 2317 1700 2362 epistoiae
1716 2316 1811 2362 hujus
1822 2319 1958 2354 Codicis
1970 2345 1978 2352 .
2005 2320 2053 2355 Et

1157 2380 1200 2404 ex
1221 2365 1272 2403 his
1289 2367 1459 2403 concludit
1470 2367 1556 2403 hanc
1567 2379 1679 2412 pacem
1690 2368 1791 2414 longe
1800 2369 1947 2405 recedere
1956 2370 1974 2404 ὲ
1988 2368 2053 2403 bel-

1159 2419 1222 2453 lica
1241 2418 1346 2463 Regis
1365 2429 1404 2453 ac
1426 2415 1597 2462 Prophetae
1618 2417 1759 2454 Davidis
1780 2419 1874 2464 lege,
1897 2431 1968 2464 quae
1980 2430 2053 2454 non

1161 2467 1245 2504 solos
1265 2467 1457 2508 bellatores,
1481 2468 1536 2502 sed
1555 2467 1656 2503 etiam
1676 2470 1825 2503 vasorum
1838 2468 1986 2504 custodes
2002 2480 2053 2503 ve-

1161 2527 1208 2553 tat
1218 2517 1351 2552 excludi
1360 2517 1379 2552 a
1392 2518 1571 2562 spoliorum
1583 2529 1639 2553 aut
1650 2519 1740 2563 pacis
1760 2519 1918 2554 fruffibus
1927 2533 1939 2554 .-
1967 2519 2053 2566 Qiae

1160 2578 1276 2604 omnes
1284 2568 1363 2603 facit
1371 2567 1508 2610 aequales
1518 2592 1527 2599 .
1553 2569 1636 2602 Haec
1645 2569 1736 2603 enim
1749 2580 1813 2613 pax
1823 2569 1968 2604 excludit
1976 2580 2054 2612 qua-

1161 2628 1235 2654 tuor
1254 2616 1332 2651 istos
1343 2615 1519 2652 nobiliores
1534 2617 1673 2652 milites.
1701 2618 1794 2653 Hinc
1814 2617 2052 2656 Theodoretus

1160 2666 1352 2713 protestatur
1372 2678 1485 2711 pacem
1506 2678 1575 2702 non
1601 2668 1672 2702 fore
1692 2668 1932 2704 admittendam
1950 2694 1963 2710 ,
1987 2669 2051 2703 nifi

1161 2718 1212 2753 isti
1222 2728 1362 2763 quatuor
1371 2718 1529 2762 recipiant
1538 2718 1610 2752 suas
1621 2717 1777 2753 Ecclefias
1785 2743 1793 2751 .
1820 2719 1865 2754 Et
1877 2729 1972 2765 rogat
1982 2717 2051 2753 haee

1160 2770 1272 2804 omnia
1283 2779 1340 2812 per
1350 2768 1510 2812 Ioannem
1521 2768 1630 2803 referri
1650 2768 1692 2803 ad
1717 2767 1924 2814 Principem.
1952 2769 1998 2802 Et
2008 2780 2051 2804 ex

1160 2817 1211 2853 his
1223 2818 1506 2854 videmuscunstas
1515 2819 1603 2862 pacis
1612 2817 1821 2855 conditiones
1833 2842 1845 2859 ,
1871 2819 1947 2852 licet
1957 2819 2053 2861 Joan·

1162 2880 1219 2904 nes
1230 2867 1416 2906 Patriareha
1426 2867 1540 2906 sedulo
1551 2869 1680 2906 celasset
1690 2893 1704 2913 ,
1728 2867 1819 2905 fuiffe
1830 2866 2052 2903 Theodoreto

1161 2918 1352 2955 notiffimas.

1355 3119 1422 3245 s
1782 3117 1851 3205 :s-

1903 3415 1991 3453 CA.-
