2320 3730
325 290 406 320 rum
426 273 708 321 Praedilssitorum
739 276 932 318 luminaria
960 271 1061 314 fuere
1078 271 1152 311 cla-

324 331 477 380 riflima‚
505 335 543 378 δε
572 334 794 387 Apollinarii
815 330 1055 373 deliramenta
1073 357 1085 376 ,
1113 331 1150 371 δι

322 388 507 445 ρτεεεὶρυὲ
533 403 645 436 novae
679 390 783 434 hujus
815 400 957 430 venena
979 385 1149 428 haerefios

319 447 537 495 detexerunt
550 479 559 487 .
590 446 666 492 Sed
679 444 719 487 hi
733 443 885 497 quidem
898 446 983 497 ‚qui
994 457 1150 498 propter

320 504 385 552 ista
406 505 535 550 directi
548 500 656 554 sunt,
686 501 795 544 valde
806 503 997 546 Orientem
1007 514 1148 555 pertur-

319 561 521 608 baverunt-2
548 559 597 603 Et
615 557 640 609 fi
650 571 805 615 propter
823 555 1013 601 sanitatem
1024 559 1148 613 Popu-

317 618 438 661 lorum
458 614 554 661 nihil
571 616 725 671 amplius
753 613 928 670 perficere
940 615 1143 669 valuerint,

315 674 465 720 salutem
494 671 619 719 saltem
643 671 744 719 suam
777 672 866 729 fuga
896 672 1022 716 lucrati
1042 671 1145 714 sunt.

308 735 471 785 Joannes
503 743 623 783 alitem
656 729 840 786 colligens
868 732 1031 774 Orientis
1057 732 1146 785 Epi-

311 786 445 890 1ξιεΐοροε
464 816 477 840 ,
504 785 684 837 subiectis>
710 788 913 848 synodicis
944 787 1074 834 litteris
1095 788 1145 831 est

354 856 416 890 US«

452 1024 940 1078 Seirotlon.

299 1175 301 1178 '
361 1173 432 1221 AEc
453 1172 601 1215 Epistola
625 1170 754 1208 videtur
774 1171 889 1216 scripta
914 1169 985 1214 post
997 1170 1143 1207 emissam

382 1234 419 1258 ac
445 1216 643 1266 publicatam
663 1222 789 1268 Legem
803 1248 813 1263 ,
840 1221 1005 1267 laudatam
1018 1223 1051 1256 in
1065 1233 1143 1265 prae-

246 1273 378 1308 cedenti
403 1272 568 1317 Epistola.
594 1272 641 1308 Et
663 1274 733 1316 post
755 1275 873 1308 factam
898 1272 966 1316 ejus
979 1271 1141 1307 executio·

244 1334 340 1358 nem.
372 1323 429 1358 Est
451 1323 541 1358 enim
562 1324 677 1367 scripta
692 1323 763 1368 post
789 1323 960 1359 admissam
974 1322 1016 1357 ab
1037 1324 1142 1357 omni-

245 1371 307 1410 bus
328 1373 556 1411 Orientalibus
571 1374 743 1418 Episcopis
755 1371 1003 1412 damantionem
1017 1372 1053 1406 N
1056 1373 1141 1406 esto-

242 1423 313 1464 rii,
342 1424 376 1459 ὃς
411 1423 683 1467 anathematizata
700 1424 774 1467 ejus
798 1424 970 1471 Dogmata
994 1447 1002 1455 .
1029 1423 1141 1458 Docet

242 1472 428 1508 Consilium
443 1498 455 1514 ,
479 1474 569 1517 quod
591 1474 634 1509 de
653 1472 811 1512 addendis
836 1472 877 1510 ad
902 1483 1094 1518 praeceptam
1122 1473 1139 1506 ὲ

241 1520 424 1571 Theodosii
455 1522 548 1570 Lege
569 1524 800 1568 professionem
821 1548 833 1565 ,
860 1524 894 1559 δε
919 1523 1142 1568 exprimendis

241 1571 438 1617 quibusdam
457 1570 665 1618 Capitalibus
679 1574 822 1609 Nestorii
834 1573 996 1609 Articulis
1007 1573 1141 1607 Sanctus

240 1619 388 1667 Cyrillus
404 1622 572 1659 Aristolao
594 1623 751 1664 dederat,
778 1636 847 1659 non
861 1623 1061 1663 obtinuisse,
1088 1623 1139 1657 sed

238 1673 389 1720 mansisse
410 1673 480 1709 fine
490 1673 624 1709 effectu.
655 1674 790 1719 'Utique
810 1674 856 1708 ob
866 1674 1047 1708 multorum
1062 1673 1140 1717 Epi-

240 1723 417 1767 scoporum
450 1724 747 1759 contradifflonem
769 1749 780 1765 ,
810 1723 1084 1768 proclamantium
1109 1724 1140 1756 se

239 1774 317 1817 cogi
341 1785 411 1808 non
440 1773 529 1815 posse
552 1774 636 1813 ultra
662 1774 953 1819 Legisterminos.
981 1774 1076 1807 Hinc
1091 1772 1138 1805 illi

239 1824 342 1858 etiam
355 1822 427 1867 post
444 1821 783 1867 istam.profeffionem
800 1833 1008 1869 perrexerunt
1027 1833 1139 1866 pacem

238 1872 349 1908 fovere
361 1885 399 1908 ac
411 1873 557 1908 venerari
569 1897 582 1915 ‚
607 1874 642 1908 δε
655 1873 749 1909 simul
762 1874 969 1918 praevaricari:
982 1870 1139 1908 Venerari

243 1923 346 1959 verbo
370 1924 404 1960 ὅ(
424 1924 571 1969 lingua„
587 1924 784 1968 praevaricari
806 1923 938 1959 veritate
965 1922 998 1957 ὅ(
1023 1933 1138 1969 opere.

238 1973 403 2015 Projicere
417 1973 609 2024 Nestorium
625 1998 635 2013 ,
651 1973 694 2009 ’ὃς
708 1975 846 2008 retinere
871 1973 939 2017 ejus
949 1973 1118 2018 Dogmata
1131 1997 1138 2004 .

239 2022 288 2058 Et
306 2022 414 2067 dicere
439 2021 480 2055 de
498 2023 579 2057 illo:
609 2021 653 2056 Ob
678 2023 729 2056 hoc
746 2023 853 2063 ejec‘lus
879 2021 1035 2064 estsfficm,
1062 2023 1142 2063 quod

239 2075 300 2107 De}
320 2075 509 2106 Genitricem·
526 2072 650 2104 minim?
663 2071 818 2112 fateretur
830 2094 840 2110 ‚
869 2073 903 2104 Θ
927 2071 1013 2103 aliud
1040 2069 1117 2102 nibil
1130 2094 1136 2101 .

241 2121 339 2157 Hinc
365 2122 414 2156 illi
437 2132 554 2156 vocem
566 2121 661 2154 istam
687 2121 814 2163 profeffi
826 2120 926 2159 sunt,
951 2118 1061 2154 ateio
1074 2120 1139 2152 suis

242 2171 399 2208 cordibus
418 2170 542 2203 alieni.
561 2168 678 2206 immo
691 2169 791 2206 etiam
811 2168 958 2211 quaednm
969 2167 1139 2202 manifeste

242 2221 446 2258 Nestoriana
469 2217 690 2262 loquebamur
715 2230 723 2250 :
754 2217 798 2251 Et
818 2217 984 2263 redarguti
1006 2227 1138 2260 repone-

242 2271 348 2313 bant.-
375 2274 449 2305 Non
468 2266 664 2311 praesumpfi.
692 2266 771 2301 Hoc
795 2266 841 2301 est
865 2266 948 2300 nihil
967 2261 1089 2311 impegi
1104 2266 1136 2299 in

243 2319 409 2363 Principis
430 2318 556 2364 Legem
581 2341 589 2350 .
619 2317 704 2364 Qae
730 2317 842 2350 omnia
863 2317 981 2365 Sancio
1006 2316 1138 2364 Cyrillo

246 2367 432 2417 gravissime
453 2393 465 2410 ,
492 2369 527 2403 δε
551 2367 670 2401 merito
690 2366 925 2410 displicuerunt
948 2391 955 2399 .
977 2365 1078 2400 ‘Hinc
1099 2366 1137 2400 ad

247 2415 413 2465 Ioannem
440 2415 664 2453 patriarcham
702 2416 822 2460 scripsit
858 2416 926 2450 duo
952 2442 959 2449 .
1001 2415 1139 2456 Primo,

248 2471 339 2515 quod
355 2471 437 2505 faeta
460 2466 617 2502 Profeffio
635 2472 695 2511 pro'
707 2467 891 2510 insuspectis
901 2467 1069 2511 Episcopis
1081 2468 1138 2500 suf-

248 2521 338 2555 ficiat
367 2545 379 2561 ‚
405 2519 610 2562 nequaquam
648 2525 706 2561 pro
736 2517 888 2562 suspectis
915 2542 923 2549 .
963 2515 1140 2556 Secundo,

250 2570 343 2617 quod
355 2569 390 2607 hi
403 2568 548 2604 omnino
558 2566 700 2612 eogendi
714 2565 777 2599 sint
788 2567 829 2601 ad
840 2576 960 2601 novam
973 2565 1140 2600 Profeffio-

251 2633 356 2661 nem,
383 2629 540 2664 armatam
551 2616 821 2663 Addit-amentis,
844 2616 994 2660 expreffis
1018 2617 1053 2649 in
1066 2616 1138 2660 Epi-

252 2671 338 2707 stola
368 2669 409 2703 ad
434 2667 690 2707 Beronicianum
718 2666 916 2710 Episcopum
940 2690 952 2707 ,
979 2666 1080 2712 usqu—e
1102 2665 1141 2699 ad

253 2719 369 2761 verba:
398 2714 627 2759 Inaccusabrlem
644 2714 736 2756 fidem
759 2740 765 2747 .
796 2716 847 2749 Ex
868 2726 935 2759 quo
962 2713 1118 2749 discimus
1133 2741 1143 2756 ‚

254 2768 346 2813 quod
361 2767 395 2801 in
409 2767 466 2801 ista
481 2763 625 2809 Epistola
640 2764 770 2797 sanstus
781 2765 928 2809 Cyrillus
938 2765 1080 2809 posuerit
1095 2776 1142 2799 to-

253 2827 323 2855 tam
344 2812 754 2858 Profeffionis‘forrnulam
780 2838 791 2854 ‚
815 2819 922 2857 quam>
943 2814 963 2848 a
996 2815 1143 2859 suspectis

255 2867 429 2912 Episcopis
446 2866 481 2900 ὅ(
504 2863 642 2899 Clericis
660 2863 794 2897 ‘volebat
806 2861 1018 2908 exigi&fie‹i
1037 2890 1045 2897 .
1072 2867 1141 2900 Do-

257 2917 397 2953 lendum
420 2916 465 2952 est
478 2939 491 2956 ,
516 2911 605 2959 quod
627 2912 687 2948 ista
708 2913 849 2958 epistola
871 2914 991 2956 lateat,
1015 2925 1071 2950 aut
1092 2927 1141 2960 pe—

259 2978 365 3003 nent.

310 3018 391 3056 Hoc
402 3016 473 3060 ipso
483 3025 627 3060 tempore
647 3016 781 3050 sanctus
791 3014 938 3058 Cyrillus
947 3015 986 3050 ad
999 3015 1142 3051 Venera-

260 3066 362 3103 bilem
384 3066 596 3111 Maximum,
624 3063 842 3100 Antiochenae
858 3065 1001 3100 Ecclefiae
1022 3067 1141 3101 Diaco-

262 3127 343 3152 num
356 3117 389 3151 δε
401 3114 699 3150 Archimandritam
710 3115 829 3160 scripsit
840 3113 924 3149 hanc
937 3114 1117 3157 Epistolam
1135 3129 1141 3148 :

263 3170 397 3209 Cognovi
407 3178 445 3200 ex
456 3166 560 3200 duem
574 3165 714 3201 Monac-bo
727 3167 820 3200 Paulo
844 3161 990 3202 Pietatem
1000 3174 1081 3198 tuam
1096 3164 1140 3208 us-

264 3226 322 3259 que
346 3217 390 3247 ad
401 3215 476 3249 banc
493 3211 573 3250 diem
582 3214 713 3259 recusare
727 3220 964 3249 communionem
975 3215 1142 3258 Religiofiffi·

266 3270 309 3300 mi
319 3262 458 3307 Episcopi
472 3269 609 3310 Joannis
622 3288 633 3305 ,
657 3267 688 3298 εδ
710 3267 790 3308 quod
808 3264 968 3309 aliquifint
977 3272 1010 3298 m
1021 3264 1144 3307 Ecclefia

267 3313 469 3352 Antiocheam,
491 3320 543 3356 qui
563 3315 616 3347 vel
638 3314 734 3348 adbuc
756 3327 821 3349 cum
845 3315 978 3356 Nestorzo'
991 3313 1144 3357 sentiunt,

269 3361 477 3411 velsenferunt
485 3365 606 3408 quidem
615 3385 628 3404 ‚
650 3375 729 3401 nunc
739 3365 966 3410 autemfo‘rtaffe
974 3364 1013 3401 ab
1025 3377 1055 3401 eo
1066 3366 1145 3400 abie-

684 176 1029 246 VAMouuM
1065 192 1308 238 PAraun
1344 178 1672 251 lans-rom,

1204 276 1289 307 sint.
1320 271 1489 305 Maximus
1509 273 1659 307 retulerat
1680 272 1762 309 duos
1782 276 1845 312 effe
1865 277 2006 312 excessus
2018 289 2090 315 non

1210 328 1379 355 dumtaxat
1401 322 1434 356 in
1455 322 1619 362 Dioecefi,
1646 322 1698 369 sed
1722 325 1754 356 in
1783 326 1848 367 ipsa
1859 329 1957 362 etiam
1970 329 2091 364 Antio-

1209 372 1312 409 chene
1331 372 1493 406 Ecclesia.
1520 371 1661 412 Primo‘,
1686 371 1774 416 quod
1787 373 1940 418 quidam,
1963 379 2019 420 qui
2034 391 2090 413 an.

1209 432 1260 456 tea
1281 433 1356 457 cum
1380 423 1535 457 Nestoi-io
1546 422 1651 465 palam
1665 423 1848 464 senserant,
1872 423 1936 468 jam
1947 425 1980 460 id
1992 440 2090 477 nega·
2130 445 2133 449 ·

1208 483 1278 517 rent
1294 498 1305 519 ,
1331 473 1365 516 ὅς
1388 485 1429 507 ex
1455 473 1513 506 issa
1535 472 1672 516 simplici
1694 473 1873 518 negatione
1889 475 1968 509 citra
1989 478 2091 515 ullam

1209 521 1458 568 castigationem
1472 548 1483 564 ,
1508 523 1526 557 a
1541 522 1864 566 Joanne‘Patriarcha
1885 524 2090 562 admitteren-

1209 583 1260 606 tur
1269 574 1310 608 ad
1333 574 1465 619 integrat
1476 574 1726 608 communionis
1734 573 1872 619 gratiam
1881 598 1889 607 .
1918 574 2068 610 Secundo
2076 601 2088 619 ‚

1208 623 1372 667 quodsalii
1386 625 1580 662 Nestorium
1591 623 1724 668 quidem
1743 623 1955 670 abnegarint,
1980 636 2013 660 at
2025 626 2091 661 Ne-

1206 672 1344 708 storiana
1367 671 1477 718 palam
1496 674 1669 715 senserint,
1695 675 1849 709 &tamen
1862 675 1880 710 a
1900 675 2027 719 Joanne
2037 675 2093 711 ad-

1208 724 1433 758 mitterentur.
1462 726 1546 767 Sunt‘
1570 725 1621 759 isti
1644 725 1700 768 ipsi
1713 747 1724 764 ,
1749 722 1790 759 de
1802 725 1920 769 quibus
1941 725 2008 771 agit
2020 737 2090 769 prae·

1206 775 1275 809 sens
1290 774 1480 822 'Epistola-¹
1500 775 1543 810 Et
1565 776 1695 819 propter
1714 775 1807 809 istam
1841 776 2092 811 conniventiam

1206 824 1378 871 Maximus
1400 850 1410 866 ‚
1437 823 1524 859 haud
1546 825 1646 859 dubie
1669 837 1745 859 cum
1774 826 1832 859 suo
1858 824 2092 866 Monasterio,

1206 874 1368 917 separabat
1392 877 1424 910 se
1445 876 1463 909 a
1485 876 1621 920 Joannis
1646 875 1884 910 communione
1901 900 1912 917 ,
1936 885 2035 919 atque
2045 875 2091 911 ita

1207 924 1334 966 parabat
1347 926 1484 960 exordia
1505 927 1585 962 novi
1598 925 1804 962 Schismatis.
1832 926 1926 960 Hinc
1948 926 1997 960 illi
2013 926 2091 960 San·

1207 975 1274 1008 erus
1285 974 1431 1023 Cyrillus
1443 977 1616 1024 rescripsit,
1645 987 1681 1010 ut
1694 975 1801 1011 statim
1822 975 1939 1011 rediret
1950 975 1990 1010 ad
2001 986 2092 1010 corn·

1208 1024 1398 1059 munionem
1421 1027 1469 1060 sui
1481 1024 1672 1060 Patriarchae
1685 1047 1696 1064 ,
1719 1025 1992 1068 &dispensatorie
2004 1024 2090 1060 diffi-

1207 1074 1340 1108 mularet
1350 1075 1475 1116 reliqua
1486 1099 1495 1107 .
1525 1076 1569 1108 Et
1583 1075 1676 1109 addit
1692 1076 1840 1110 causam:
1869 1078 1928 1108 Res
1940 1082 2004 1119 eget
2024 1086 2088 1107 ma-

1200 1136 1265 1167 gna
1287 1125 1484 1156 moderatione
1498 1146 1506 1154 .
1532 1123 1589 1156 An
1614 1124 1756 1165 loannes
1777 1124 1932 1165 suspestos
1956 1123 2091 1168 Episco-

1207 1183 1264 1216 pos
1280 1173 1475 1208 &Clericos
1495 1171 1536 1207 ad
1558 1183 1680 1210 novam
1704 1182 1781 1207 cum
1790 1171 1930 1213 laudatis
1950 1173 2091 1210 Addita·

1205 1224 1325 1260 mentis
1333 1223 1571 1261 Profeffionem
1590 1222 1757 1267 coegerit,
1785 1221 1904 1267 ignoro
1917 1248 1925 1255 .
1947 1222 2090 1258 Videtur

1206 1284 1272 1309 non
1293 1275 1435 1322 coegisse
1457 1298 1464 1306 .
1491 1270 1600 1312 Immo
1624 1285 1684 1308 nec
1705 1272 1746 1309 ab
1766 1272 1922 1307 omnibus
1945 1273 2090 1318 exegifle

1205 1323 1440 1358 Profeffionem
1462 1347 1473 1364 ‚
1500 1334 1565 1366 qua
1590 1323 1741 1359 Nestorii
1766 1323 2016 1358 damnationem
2035 1322 2090 1358 ad·

1206 1373 1371 1409 mitterent
1398 1397 1409 1414 ,
1436 1373 1470 1408 &
1491 1373 1596 1416 ipsum
1619 1384 1676 1417 pro
1704 1372 1883 1417 degradato
1909 1371 2084 1414 haberent.

1206 1423 1310 1459 Lucet
1332 1434 1372 1458 ex
1391 1421 1635 1463 Theodoreto,
1662 1423 1718 1467 qui
1732 1424 1833 1467 ipsam
1857 1434 1926 1457 non
1944 1421 2091 1465 admisit,

1207 1475 1263 1508 nisi
1282 1473 1414 1509 tandem
1436 1474 1522 1518 apud
1543 1474 1697 1511 Sanstum
1711 1474 1858 1510 Leonem
1872 1471 2090 1513 Pontificem,

1203 1525 1235 1559 ἀ
1248 1523 1521 1560 Chalcedonense
1542 1523 1734 1561 Concilium
1748 1548 1756 1555 .
1785 1522 1827 1557 Et
1854 1521 1968 1557 habuit
1978 1522 2091 1559 Colle-

1202 1584 1259 1619 gas
1273 1599 1279 1606 .
1308 1574 1445 1609 Interim
1454 1584 1495 1608 ex
1514 1571 1568 1607 his
1580 1573 1725 1607 motibus
1737 1573 1870 1608 tandem
1881 1572 1988 1615 erupit
1998 1570 2088 1613 aliud

1203 1625 1325 1663 malum
1337 1649 1348 1667 ‚
1375 1634 1442 1668 quo
1453 1623 1557 1666 aliqui
1568 1622 1744 1667 vulgarunt
1765 1621 1931 1665 &ubique
1942 1621 2084 1656 dissemi-

1204 1684 1320 1709 narunt
1345 1675 1471 1716 Scripta
1500 1672 1767 1715 Mopsuestienfis
1796 1670 1974 1705 Theodori
1995 1695 2003 1703 .
2044 1671 2088 1710 Et

1203 1725 1334 1761 tandem
1361 1723 1431 1767 post
1448 1722 1614 1766 utriusque
1634 1721 1733 1765 partis
1745 1719 1833 1754 ultro
1845 1720 1991 1764 citroque
2004 1719 2090 1761 mul·

1202 1783 1251 1809 tas
1286 1773 1508 1809 accusationes
1529 1796 1542 1814 ,
1578 1771 1704 1806 emersit
1739 1768 1952 1817 Eutychiana
1977 1771 2089 1806 Haere·

1202 1825 1261 1859 fis.

1386 2037 1657 2086 CAPUT
1692 2038 1905 2085 CXCVI.
1941 2038 2082 2096 -285

1203 2174 1372 2243 Epistola
1400 2173 1554 2241 firiptct
1590 2172 1721 2220 Proclo
1755 2171 2084 2241 Constantinopoli-

1204 2247 1207 2249 *
1271 2260 1359 2290 tano
1394 2241 1577 2311 Epifiopo
1623 2243 1673 2289 ab
1708 2240 1892 2296 Orientali
1925 2241 2085 2301 Concilio

1263 2330 1336 2383 pro
1372 2311 1565 2369 Theodoro
1592 2316 1655 2381 (9·
1675 2310 1837 2359 Diodoro
1850 2347 1864 2372 ‚
1899 2310 2083 2378 quondam

1273 2380 1517 2452 eps-scopos
1552 2393 1554 2395 ·
1924 2450 1971 2487 ἢ

1263 2523 1425 2568 lquidem
1449 2521 1555 2558 sobrie
1575 2534 1672 2567 agere
1691 2521 1794 2557 velint
1809 2546 1820 2563 ,
1846 2522 1901 2564 qui
1923 2520 2028 2556 turbis
2045 2523 2079 2557 ἀ

1288 2573 1483 2618 juvenilibus
1494 2573 1679 2608 levitatibus
1693 2583 1808 2607 contra
1821 2583 1999 2607 commune
2008 2584 2078 2606 cor-

1204 2636 1262 2667 pus
1274 2624 1424 2659 Ecclesia:
1447 2634 1534 2657 nunc
1555 2624 1663 2656 nescio
1675 2621 1762 2656 unde
1783 2622 1938 2664 potestate
1950 2622 2076 2664 sumpta

1203 2684 1341 2709 utuntur
1353 2697 1363 2714 ‚
1394 2673 1508 2707 &suas
1526 2672 1659 2713 quidem
1690 2671 1814 2705 Patrias
1835 2671 2055 2714 relinquentes
2067 2694 2077 2711 .

1205 2725 1370 2767 venientes
1393 2720 1469 2756 uero
1489 2721 1529 2755 ad
1553 2720 1682 2763 Imperii
1703 2720 1838 2761 urbem,
1865 2721 1900 2755 dc
1913 2721 2080 2757 calumnia.

1204 2773 1372 2809 adversum
1393 2771 1541 2815 proprios
1568 2771 1748 2814 Episcopus
1765 2782 1902 2811 eorum,
1932 2772 1988 2814 qui
2010 2770 2080 2806 illie

1205 2826 1278 2859 sunt
1299 2847 1314 2864 ,
1337 2821 1539 2857 sordidantes
1564 2820 1696 2856 auditus
1719 2845 1731 2863 ‚
1764 2832 1836 2856 non
1857 2821 1970 2867 utique
1992 2832 2082 2857 nunc

1206 2873 1415 2910 necessarium
1431 2872 1536 2907 fuerat
1554 2895 1562 2903 .

1205 2996 1287 3053 His
1309 3044 1311 3046 ,
1333 2990 1458 3043 ἀὶἂίς
1477 3029 1491 3054 ,
1542 2991 1660 3051 duas‘
1695 2993 1822 3059 ponit
1868 2988 2085 3058 Epistolas

1257 3067 1453 3130 Joannis
1505 3062 1788 3113 Antiocheni,
1830 3059 2083 3119 Pontificis,

1274 3138 1316 3184 &
1346 3135 1484 3183 totius
1511 3133 1590 3182 sub
1616 3150 1670 3182 eo
1702 3133 1899 3182 Concilii
1923 3133 2086 3204 Orien3

1274 3207 1332 3254 tis
1361 3240 1376 3264 ‚
1413 3222 1492 3270 pro
1525 3206 1606 3272 piae
1631 3205 1853 3253 memoriae
1879 3199 2086 3253 Diodoro

1276 3278 1320 3324 &
1349 3273 1589 3323 Theodoro
1624 3272 1848 3341 Episcopis
1875 3309 1889 3333 ‚
1925 3276 1968 3321 &
1993 3285 2080 3319 me·

1279 3342 1397 3403 diam
1431 3343 1560 3395 solius
1583 3345 1800 3411 Joanni8‚
1835 3341 2016 3445 dicseggct'
