2320 3730
618 145 926 200 Scuorns,
963 157 1028 187 Er
1062 135 1255 188 Nom
1290 152 1679 193 ILLusrRArAE.

1895 167 1989 209 313

240 225 317 270 tio,
338 240 445 275 neque
465 229 637 275 angustia,
661 241 769 275 neque
785 230 989 277 persecutio,
1013 238 1119 272 neque
1182 225 1293 261 dium.
1317 226 1363 261 Et
1378 225 1465 262 certe
1484 226 1543 261 ista
1558 229 1657 263 etiarn
1669 230 1726 266 sub
1747 232 1805 270 illo
1814 230 1913 271 beatae
1932 240 2057 271 memo-

240 280 363 322 fames,
387 291 494 324 neque
504 281 654 321 nuditas,
684 292 788 324 neque
798 281 1120 326 periculum,neque
1182 277 1260 319 riae,
1283 275 1361 315 huic
1370 287 1572 328 repugnante
1584 276 1749 323 languori.

241 328 367 374 gladius
386 331 507 374 separet
530 343 593 366 nos
612 331 719 366 asana
741 331 805 367 fide
817 357 830 374 ‚
853 342 891 367 ut
910 329 1050 378 tempori
1062 340 1121 376 po·

239 377 325 423 tius,
350 391 449 426 quam
459 381 572 427 pietati
586 380 766 418 militemus
779 407 789 419 .

422 536 920 584 Scuotron.

347 681 416 716 AEc
435 682 571 727 epistola
594 683 641 719 est
662 682 865 726 Responsum
886 678 928 715 ad
945 677 1121 724 preceden-

371 741 445 768 tem.
459 733 522 768 Per
532 735 633 777 ipsam
645 730 832 767 Alexander
841 732 994 767 affeverat
1006 732 1038 765 se
1055 739 1121 774 per-

234 792 367 817 manere
377 783 411 816 in
423 785 482 818 suo
494 784 607 824 sensu,
626 782 661 816 in
669 783 725 818 sua
737 781 888 817 adversus
901 793 1011 825 pacem
1023 805 1035 822 ,
1061 776 1122 814 ad·

233 830 344 866 versus
350 832 570 868 Patriarcham
580 833 742 876 Ioannem
754 857 765 873 ,
779 830 929 868 adversus
942 830 1120 875 cyrinum,

231 880 384 916 adversus
393 881 548 918 Proclum
569 895 608 918 ac
617 883 686 927 ejus
706 882 888 926 Synodicas
907 882 942 916 δε
954 876 1120 915 adversum

231 941 351 966 omnes
369 931 434 966 illis
456 934 738 968 communicantes
756 932 952 975 pertinacia.
980 928 1026 963 Et
1037 927 1069 961 se
1080 926 1120 961 ad

232 977 303 1015 hac
311 993 381 1016 non
393 982 434 1016 ab
445 982 578 1025 iniquis,
593 993 650 1025 per
663 983 825 1024 Ioannem
839 978 1009 1015 noviffime
1019 986 1121 1013 atten-

230 1030 310 1062 tatis
317 1029 681 1072 superordinationibus
687 1028 932 1074 permoveri,sed
940 1029 958 1062 a
968 1027 1123 1072 proditio-

231 1088 276 1112 ne
285 1077 361 1111 fidei
372 1089 428 1121 per
438 1076 640 1121 admiffa,aut
648 1091 718 1115 non
727 1076 1002 1114 anathematizata
1014 1077 1122 1120 Cytil·

231 1127 257 1161 li
269 1127 424 1171 Capitula
433 1150 444 1167 ,
467 1129 503 1163 δε
522 1128 541 1162 ὲ
554 1129 792 1163 communione
805 1128 951 1172 ejusdem
964 1125 1120 1162 Haeretici

232 1177 377 1221 Cyrilli,
403 1177 541 1222 depositi
564 1177 630 1213 fere
651 1179 669 1213 a
690 1178 840 1213 ducentis
859 1178 1049 1222 Episcopis.
1076 1176 1120 1210 Et

232 1225 314 1261 hinc
324 1226 456 1271 quaestio
467 1227 514 1262 est
527 1252 538 1268 ‚
563 1226 700 1262 ubinam
710 1229 748 1263 fit
759 1229 841 1263 fasta
853 1228 913 1263 ista
923 1225 1097 1263 damnatio
1109 1226 1122 1258 ἓ

231 1276 368 1311 Etenim
388 1276 475 1321 apud
498 1275 666 1321 Ephesum
676 1279 756 1313 facta
767 1290 838 1313 non
849 1277 895 1312 est
906 1302 920 1320 ‚
946 1277 1005 1311 nifi
1017 1277 1035 1310 a
1049 1287 1124 1319 pau.

231 1325 317 1360 culis
336 1326 421 1362 ultra
444 1327 580 1372 triginta
600 1353 608 1361 .
634 1327 837 1372 Respondeo
855 1350 868 1368 ‚
893 1327 1122 1363 Alexandrum

231 1376 389 1420 respicere
410 1377 452 1411 ad
476 1378 585 1420 plures
604 1401 616 1418 ,
641 1380 699 1422 qui
719 1378 889 1421 Cyrillum
910 1378 945 1413 δε
967 1375 1120 1421 capitula

231 1425 433 1461 damnarunt
451 1448 463 1465 ‚
487 1426 624 1469 Ioannis
656 1426 809 1471 Synodos
835 1454 848 1471 ‚
871 1428 905 1463 &
936 1426 1121 1471 Synodicas

231 1474 376 1511 Litteras
386 1499 398 1517 ‚
422 1486 502 1521 quas
510 1475 747 1513 Theodoretus
756 1479 792 1514 in
802 1478 940 1522 epistola
962 1477 1004 1512 ad
1016 1477 1122 1511 Dom—

232 1536 316 1561 num
326 1549 338 1566 ,
357 1526 495 1569 Joannis
508 1527 725 1562 Succeffooem
733 1551 746 1568 ‚
771 1528 884 1570 postea
896 1524 1123 1570 scripfitfuiffe

230 1575 340 1619 plures
350 1597 363 1614 ,
390 1585 489 1618 quarn
499 1575 739 1620 quinquaginta
750 1601 758 1609 .
784 1575 1032 1610 Praedicationis
1042 1599 1054 1615 ,
1080 1574 1123 1609 de

231 1634 298 1669 qua
325 1622 380 1658 hic
409 1623 599 1659 Alexander
622 1649 635 1666 ‚
668 1625 755 1670 apud
792 1623 1121 1669 Constantinopolim

230 1673 384 1710 confufio
393 1674 438 1709 est
453 1675 609 1709 consueta
621 1673 700 1710 huic
709 1674 860 1712 Fastioni
871 1675 1049 1711 Calumnia
1063 1699 1073 1710 .

448 1872 450 1874 ’
476 1875 736 1926 CAPUT
783 1880 877 1927 CL.
957 1879 1119 1940 ---238

347 2015 499 2077 Initium
533 1995 725 2079 Synodicae
758 2016 930 2083 Ecclfire
961 2017 1006 2067 de

524 2083 657 2132 Proclo
678 2084 826 2152 fafflae.

338 2225 395 2258 On
406 2222 535 2262 minus,
560 2232 661 2266 quam
670 2223 900 2267 quandolibet,
911 2223 1015 2259 etiam
1029 2235 1119 2258 nunc

362 2272 547 2318 opportune
558 2271 702 2307 ostendit
713 2274 817 2318 gratia
828 2273 895 2308 Dei
916 2275 1006 2308 suam
1018 2275 1122 2307 mani-

230 2323 394 2359 festiffime
405 2323 606 2364 bonitatem,
637 2333 752 2358 contra
774 2323 906 2358 malitiae
919 2322 1122 2368 magnitudi-

232 2384 307 2407 nem
318 2397 330 2413 ,
358 2373 570 2416 Ecclefiaeque
580 2373 807 2415 aegritudinem
819 2374 938 2407 virtute
960 2373 1116 2408 clementi

231 2422 379 2457 refistens
393 2434 401 2453 ε
430 2421 474 2456 Et
486 2422 565 2456 dum
576 2432 678 2466 grave
689 2422 888 2466 profundum
899 2431 1097 2456 metueretur
1108 2447 1120 2464 ,

230 2472 339 2507 veloci
359 2469 548 2513 efficacique
567 2471 787 2506 medicamine
811 2482 950 2513 curans,
975 2473 1010 2506 &
1023 2473 1120 2506 sutu-

230 2533 304 2556 rum
326 2521 508 2565 periculum
531 2520 717 2555 admirabili
738 2521 948 2566 &insperato
973 2522 1118 2565 quodam

227 2571 422 2606 salvationis
434 2570 537 2606 modo
547 2570 741 2614 praeveniens
753 2596 761 2604 .
791 2571 963 2618 Qoniam
985 2572 1119 2614 quidem

227 2620 333 2656 multa
344 2620 456 2655 medio
469 2629 617 2663 tempore
640 2621 813 2664 tempestas
825 2622 930 2655 tenuit
953 2621 1121 2656 seditioso·

226 2682 303 2705 rum
324 2696 336 2712 ‚
361 2671 420 2714 qui
440 2682 483 2704 ex
505 2670 723 2714 corruptificis
755 2670 933 2705 seminibus
955 2671 1120 2705 Doetrinae

227 2720 378 2756 Nestorii
397 2720 626 2759 surrexerunt,
649 2719 685 2752 &
705 2720 896 2755 insistebant
918 2744 930 2761 ,
956 2721 1038 2755 dum
1059 2733 1119 2765 pro

226 2769 421 2804 sanfflffima
434 2768 579 2803 Ecclefia
603 2769 639 2802 in
651 2769 797 2804 medium
821 2771 917 2805 staret
930 2772 1043 2805 sanstae
1054 2781 1118 2807 me·

287 2820 339 2854 riae
349 2818 600 2859 Maximianus,
626 2818 683 2862 qui
707 2821 802 2855 omni
823 2821 957 2865 quidem
977 2820 1120 2866 diligen·

226 2878 276 2904 tta
287 2871 363 2905 usus
374 2868 421 2903 est
435 2869 476 2904 ad
488 2867 583 2912 hujus
596 2868 675 2902 mali
686 2873 942 2914 peremptionem
953 2893 965 2911 ‚
991 2883 1052 2907 nec
1064 2880 1117 2905 ta-

227 2930 306 2955 men
329 2919 454 2953 suffecit
465 2917 551 2953 hanc
574 2918 696 2953 malam
717 2919 956 2962 plantationem
976 2921 1115 2956 eradica-

227 2979 279 3003 re.
308 2968 414 3013 Igitur
426 2969 506 3003 dum
517 2968 626 3004 subito
634 2967 721 3003 idem
733 2969 934 3006 Beatiffimus
955 2971 974 3005 a
985 2973 1112 3015 praesen-

228 3018 257 3052 ti
277 3017 346 3051 vita
366 3019 549 3063 migrasset,
576 3029 735 3066 tanquam
759 3021 946 3058 facultatem
966 3024 1112 3064 praesum-

228 3066 353 3112 ptionis
375 3069 569 3112 susciperent
582 3092 594 3109 ,
619 3069 679 3112 qui
699 3067 785 3104 hanc
804 3072 1025 3115 'parturiebant
1035 3073 1111 3106 sedi-

228 3117 358 3152 tionem
371 3142 383 3159 ,
409 3129 516 3162 neque
528 3119 564 3152 in
576 3118 709 3154 occulto
720 3119 838 3154 habere
848 3119 971 3167 ,neque
981 3122 1111 3156 abscon—

226 3167 333 3203 ditam
354 3167 536 3213 nequitiam
559 3169 650 3203 suam
670 3170 842 3205 continere
865 3171 992 3217 dignati
1013 3174 1112 3213 sunt,

226 3217 283 3252 sed
316 3228 511 3252 coacervatae
521 3214 762 3263 Multitudines
779 3220 815 3254 in
836 3223 948 3256 multis
968 3221 1110 3265 partibus

225 3266 370 3301 civitatis
381 3267 574 3303 Nestorium
583 3266 720 3311 publico
731 3269 872 3306 clamore
881 3272 1089 3316 reposcebant
1100 3299 1106 3305 .

229 3317 275 3357 Et
288 3318 360 3353 urbi
372 3318 509 3360 pericula
521 3342 532 3359 ‚
563 3318 775 3362 Ecclefiaeque
785 3321 992 3359 minabantur
1002 3322 1109 3357 incen-

281 3376 284 3377 ’
325 3366 762 3412 cbrm.LupzoperaT.V11.

1380 434 1862 481 SenozroN.

1289 581 1341 616 Oc
1360 580 1404 615 est
1422 582 1644 625 fragmentum
1664 590 1703 616 ac
1721 581 1856 616 initium
1866 579 2036 624 Synodicae
2047 608 2061 624 ,

1313 641 1410 673 quam
1432 629 1496 672 jam
1515 630 1686 666 memorari
1696 631 1882 667 audivimus
1891 631 1925 665 in
1936 631 2064 675 aliquot

1182 678 1400 720 superioribus
1421 680 1580 724 Epistolis
1592 706 1604 722 ,
1629 682 1664 717 &
1675 691 1803 727 propter
1813 693 1911 726 quam
1922 680 2066 716 Alexan-

1182 727 1238 761 der
1260 728 1529 774 Hierapolitanus
1548 731 1676 767 credere
1693 731 1828 767 nolebat
1837 731 1994 767 Proclum
2002 731 2066 765 effe

1182 775 1417 814 Orthodoxum
1431 804 1439 812 .
1466 780 1524 815 Ob
1542 781 1622 816 duas
1637 782 1808 826 praesertim
1821 782 1946 816 causas.
1972 781 2066 829 Qia

1183 826 1371 864 defunctum
1390 829 1636 865 Maximianum
1657 831 1839 875 appellabat
1858 830 1980 867 Virum
1990 831 2067 866 San-

1180 879 1236 911 &ae
1245 879 1430 921 memoriae,
1458 878 1598 922 ideoque
1621 881 1656 915 ὅ(
1680 881 1903 924 beatificabat;
1930 881 1976 915 Et
1986 880 2066 924 quia

1181 926 1375 963 Nestorium
1386 929 1426 964 de
1442 928 1548 964 haerefi
1558 929 1626 972 ejus
1636 930 1791 966 Fautores
1813 931 1965 975 culpabat
1980 931 2069 965 insu·

1183 988 1236 1021 per
1246 977 1287 1013 de
1301 977 1503 1013 turbulentia
1515 1004 1522 1011 .
1551 979 1607 1014 Est
1619 981 1842 1025 fragmentum
1852 981 1964 1026 magni
1986 991 2067 1024 pon⁴

1182 1027 1284 1062 deris.
1312 1029 1425 1063 Docet
1447 1039 1510 1062 nos
1529 1028 1617 1062 duo.
1643 1028 1780 1069 Primo,
1805 1030 1896 1074 quod
1922 1030 1974 1064 isti
1984 1031 2068 1065 Fau-

1184 1086 1270 1112 tores
1281 1089 1338 1121 per
1347 1088 1481 1112 omnem
1491 1077 1694 1112 Maximiani
1717 1077 1949 1121 Episcopatum
1959 1079 2070 1114 turbas

1185 1127 1311 1172 egerint
1324 1152 1332 1159 .
1358 1128 1492 1171 Nempe
1508 1127 1736 1161 Maximianus
1756 1138 1827 1162 non
1852 1126 1993 1161 habebat
2021 1130 2071 1162 sat:

1186 1177 1292 1212 valida
1318 1176 1469 1212 doetrinae
1487 1177 1522 1212 ἀ
1544 1177 1669 1221 vigoris
1687 1186 1775 1211 arma
1798 1176 1842 1211 ad
1864 1175 2072 1212 resistendum

1186 1227 1255 1261 istis
1278 1227 1478 1271 Cornupetis
1497 1226 1597 1262 tauris
1616 1251 1625 1258 .
1651 1223 1805 1261 Secund&
1825 1224 1922 1261 docet
1945 1251 1957 1267 ,
1981 1226 2074 1269 quod

1186 1276 1256 1321 post
1280 1277 1367 1311 illius
1388 1286 1529 1312 mortem
1550 1276 1770 1312 turbulentias
1790 1277 1863 1311 suas
1881 1276 1966 1311 adeo
1976 1287 2074 1310 auxe-

1184 1327 1252 1361 rint
1271 1339 1280 1370 3
1306 1336 1339 1360 ut
1359 1336 1541 1361 coacervatae
1560 1328 1767 1361 multitudines
1790 1327 1897 1360 multis
1928 1326 2073 1360 Partibus

1185 1381 1333 1410 Civitatis
1369 1378 1537 1420 Nestorium
1566 1376 1681 1420 publico
1710 1377 1833 1411 clamore
1863 1374 2043 1419 reposcerent
2059 1402 2069 1411 .

1184 1430 1230 1459 Et
1253 1427 1326 1461 Urbi
1342 1431 1481 1469 pericula
1500 1452 1513 1469 ,
1540 1426 1728 1470 Ecclefiaeque
1753 1426 1951 1462 minabantur
1973 1431 2073 1460 incen-

1184 1477 1268 1511 dium
1288 1502 1296 1509 .
1323 1477 1454 1521 Nempe
1481 1476 1653 1512 Nestorius
1672 1486 1754 1511 tunc
1787 1475 1895 1512 adhuc
1929 1475 2073 1521 degebat

1183 1526 1270 1570 apud
1291 1528 1387 1562 suum
1407 1527 1517 1563 Sancti
1540 1526 1696 1571 Euprepii
1726 1525 1966 1561 Monasterium
1989 1549 1998 1557 .
2025 1525 2073 1561 Et

1185 1576 1320 1620 quidem
1332 1576 1388 1611 illa
1400 1578 1506 1612 forma
1517 1600 1529 1618 ,
1555 1576 1597 1610 de
1607 1588 1670 1620 qua
1681 1575 1894 1618 Nicephorus
1904 1574 2071 1609 Calixtus:

1185 1629 1353 1661 orientales
1374 1626 1517 1670 Epist-opt
1538 1625 1706 1665 Nestorium
1730 1622 1852 1667 Epheso
1867 1621 1965 1666 ficum
1975 1623 2072 1656 addu-

1184 1676 1264 1710 etum
1283 1682 1317 1710 in
1333 1688 1448 1711 annum
1471 1681 1595 1710 tertium
1610 1683 1667 1717 per
1675 1678 1741 1707 vim
1763 1679 1796 1707 in
1806 1671 1990 1716 Episcopatu
1999 1679 2071 1708 rett-

1186 1734 1313 1761 nuerunt
1322 1751 1332 1760 .
1359 1727 1404 1760 Et
1415 1724 1482 1760 haec
1495 1724 1542 1760 est
1553 1725 1648 1760 causa
1661 1749 1673 1765 ‚
1697 1734 1757 1758 cur
1767 1721 1981 1758 Theodosius
1993 1723 2074 1757 Pro-

1185 1776 1276 1811 clum
1286 1776 1420 1817 statim,
1445 1775 1547 1811 etiam
1558 1784 1635 1809 ante
1653 1772 1855 1809 Maximiani
1875 1773 2073 1817 sepulturam

1185 1826 1305 1870 jusserit
1323 1824 1540 1862 inthroniuti
1551 1848 1560 1859 .
1585 1822 1752 1868 synodica
1769 1823 1896 1868 integra
1906 1834 1968 1860 nos
1979 1822 2072 1868 plura

1187 1876 1337 1912 doceret.

1429 2092 1690 2145 CAPUT
1724 2095 1845 2143 CLI.
1929 2110 2075 2157 --2392

1183 2230 1378 2299 Epistola,
1416 2231 1564 2295 inquit
1595 2265 1608 2290 ‚
1644 2227 1869 2278 Theodoreti
1903 2228 1958 2277 ad
1990 2236 2073 2278 Deo

1252 2296 1535 2365 Arnicissimum
1606 2297 1836 2367 Episcopum
1894 2300 2071 2349 Alexan-

1250 2371 1387 2431 drum,
1424 2388 1538 2435 quam
1562 2367 1723 2437 firipfit
1748 2369 1936 2431 indicam,
1973 2368 2070 2438 quod

1250 2438 1374 2488 multa
1409 2454 1548 2508 oportet
1584 2444 1745 2504 cogitare
1780 2438 1822 2486 de
1850 2456 1966 2507 pace,
2007 2444 2067 2484 (9⁴

1251 2508 1420 2558 maxim&
1445 2514 1532 2575 quia
1556 2513 1646 2555 certi
1678 2505 1807 2572 efflent,
1842 2515 1906 2577 qui
1930 2508 2065 2560 Thro-

1249 2584 1305 2630 nis
1338 2598 1461 2628 eorum
1496 2577 1756 2643 insidiarentur
1769 2615 1782 2627 .

1253 2720 1392 2757 Raestitit
1447 2718 1550 2766 gratia
1587 2719 1654 2755 Dei
1700 2720 1874 2766 regressum
1917 2720 2062 2758 Domini

1275 2769 1341 2807 mei
1370 2770 1640 2805 Reverendisfimi
1665 2794 1677 2812 ‚
1702 2771 1737 2805 &
1767 2770 1842 2804 Deo
1863 2769 2063 2806 Amiciffimi

1179 2823 1306 2857 Donati
1327 2819 1535 2864 Presbyteri,
1561 2821 1595 2855 ἀ
1615 2818 1732 2854 Aeacii
1754 2821 1900 2854 Diaconi
1921 2845 1930 2853 .
1957 2820 2002 2854 Et
2018 2821 2062 2855 ab

1178 2873 1255 2914 illa,
1280 2882 1344 2918 qua
1355 2870 1583 2906 defruebamur
1601 2867 1955 2913 consumebamurque,
1981 2881 2061 2906 cura

1177 2922 1329 2957 liberavit
1346 2947 1354 2954 .
1381 2921 1462 2967 Qae
1475 2921 1551 2955 vero
1566 2920 1602 2953 fit
1614 2930 1724 2954 eorum
1736 2944 1746 2960 ,
1759 2919 1816 2962 qui
1827 2920 1949 2953 sursum
1962 2921 2037 2954 sunt
2046 2945 2059 2962 ‚

1175 2973 1346 3015 intentio,
1370 2982 1411 3006 ex
1434 2971 1541 3006 allatis
1556 2968 1596 3003 ab
1618 2980 1659 3003 eo
1682 2968 1800 3004 litteris
1822 2979 1877 3003 tua
1900 2970 2059 3005 Sanctitas

1176 3025 1284 3058 noscet
1306 3049 1314 3056 .
1341 3024 1468 3058 Omnes
1489 3019 1579 3054 enim
1602 3019 1652 3052 vel
1673 3019 1707 3053 in
1730 3029 1937 3063 quocumque
1959 3020 2058 3054 nobis

1175 3075 1253 3108 ferre
1266 3072 1460 3116 adjutorium
1475 3069 1658 3105 desistentes
1669 3092 1680 3108 ,
1706 3080 1765 3112 pro
1779 3080 1855 3112 pace
1867 3069 1965 3105 nobis
1975 3082 2057 3105 con-

1174 3124 1238 3158 filia
1262 3123 1453 3159 obtulerunt
1474 3145 1480 3151 .
1509 3119 1581 3166 Qi
1609 3118 1683 3151 vero
1709 3118 1803 3153 valde
1824 3121 1899 3154 sunt
1920 3119 2055 3161 zelotae‚

1174 3183 1317 3209 verentes
1339 3172 1403 3206 hoc
1419 3170 1587 3214 peffimum
1602 3177 1730 3212 tempus
1744 3191 1754 3207 ‚
1781 3179 1840 3203 nec
1859 3170 1973 3204 litteris
1995 3180 2056 3203 nos

1172 3221 1293 3270 dignos
1302 3224 1365 3257 effe
1386 3221 1569 3255 duxerunt.
1598 3218 1761 3262 Integrius
1783 3218 1863 3254 vero
1885 3219 1952 3254 haec
1965 3219 2056 3254 addi-

1174 3275 1238 3308 scet
1260 3274 1417 3308 Sanctitas
1439 3280 1494 3304 tua
1519 3268 1538 3302 ὲ
1560 3267 1716 3312 praedietis
1738 3269 1815 3303 Deo
1839 3268 2053 3303 Amicissimis

1174 3325 1268 3360 viris.
1330 3333 1375 3356 uae
1396 3320 1578 3367 agnoscens
1597 3329 1680 3362 rogo
1694 3342 1706 3359 ,
1732 3327 1769 3353 ut
1791 3319 1879 3362 quod
1902 3316 2053 3356 Ecclesiis

1625 3368 1660 3405 D
1685 3368 1707 3404 d
1905 3374 1999 3411 expe·
