2320 3730
259 242 304 266 nu
318 257 329 273 ,
355 226 483 272 &pede
497 252 507 268 ,
534 226 707 261 &oculis.
731 227 767 266 ,si
781 227 860 262 vero
883 229 969 261 infra
980 226 1009 259 b.
1022 227 1148 258 furtum

256 283 339 320 fnit,
367 278 512 313 cauterio
535 278 570 311 in
593 278 679 314 facie
700 289 885 321 coquatur,
910 277 944 308 δε
958 286 1012 317 per
1034 273 1149 308 villam

256 330 373 366 duetus
388 328 529 373 flagellis
552 328 711 363 caedatut.
740 328 865 361 Etfiin
886 336 928 359 eo
948 324 1080 366 aliquid
1102 325 1150 358 in-

257 391 397 414 ventum
412 379 534 420 fuerit,
561 379 591 412 ei
618 379 671 411 cui
694 377 852 411 damnum
875 374 1014 414 intulit,
1041 373 1149 408 redda-

256 440 328 464 tur.
357 432 392 465 Si
420 428 496 467 vero
513 427 597 462 nihil
622 426 797 465 habuerit,
823 436 940 469 corpus
961 423 1028 466 ejus
1041 424 1146 459 homi—

255 481 317 522 ni,
344 480 486 515 cuifecit
507 479 650 514 furtum,
675 474 858 509 delibetur.
888 477 920 510 Si
935 476 1060 511 rursum
1085 475 1148 508 alia

254 531 327 569 viee
348 530 383 566 id
395 528 610 574 perpetravit,
635 525 795 560 omnibus
820 526 976 565 membris
996 537 1053 561 aut
1076 526 1147 562 vita

254 591 400 628 privetur
415 605 422 613 .
714 594 716 598 ·
1078 595 1081 599 -

529 678 705 721 Capitulum
731 680 854 712 XXIV.

301 782 333 815 Si
356 778 430 822 quis
454 778 578 813 furtum
601 779 738 819 fecerit,
765 780 799 814 ἀ
811 772 895 812 infra
906 790 1011 813 annos
1023 775 1121 812 fuerit
1134 801 1145 818 ‚

248 830 454 866 custodiatur
467 854 478 868 ‚
505 830 612 864 donec
635 830 670 863 in
684 829 787 864 Curia
798 829 901 877 Regis
916 829 1146 873 provideatur,

249 881 328 928 quid
339 881 380 915 de
390 892 431 915 eo
457 880 494 915 sit
505 881 673 926 agendum
682 904 690 911 -

471 981 475 986 ’
535 983 714 1025 Capitulum
740 984 846 1015 XXV.

299 1085 332 1119 Si
348 1084 420 1128 quis
431 1082 602 1118 Baronum
614 1081 786 1116 hominem
800 1082 849 1114 sui
861 1080 1034 1123 Comparis
1047 1080 1082 1112 in
1106 1079 1150 1113 la—

245 1135 392 1168 trocinio
413 1134 522 1176 cepit,
549 1130 703 1164 membris
722 1142 792 1164 non
807 1130 1072 1171 comminuatur,
1094 1128 1148 1163 sed

245 1183 283 1218 in
297 1185 434 1218 Curiam
449 1181 553 1226 Regis
563 1180 603 1215 ad
614 1180 830 1224 judicandum
847 1180 999 1214 mittatur
1011 1204 1019 1214 .

294 1284 338 1317 Et
366 1284 400 1329 in
414 1281 575 1316 decisione
599 1278 847 1316 parochialium
869 1280 988 1315 finium
999 1280 1146 1325 quinque

242 1335 337 1369 testes
364 1333 549 1373 sufficiant,
575 1333 639 1367 sive
665 1333 818 1375 Clerici,
847 1331 909 1366 five
931 1332 1042 1366 Laici.
1099 1370 1102 1373 ι

292 1384 460 1419 paschalis
480 1383 566 1426 Papa
589 1384 629 1417 11.
651 1382 804 1418 Guidoni
832 1380 1014 1417 Viennensi
1029 1380 1144 1416 Archi-

240 1435 407 1479 Episcopo
420 1459 430 1475 ‚
459 1433 661 1478 Apostolicae
685 1435 778 1468 Sedis
791 1432 920 1478 [iegato
932 1458 940 1466 .

290 1485 560 1519 Controversiam
573 1509 584 1523 ,
608 1495 679 1527 quae
691 1485 774 1518 inter
787 1484 983 1518 Bisuntinos
996 1482 1142 1517 Canoni-

239 1547 297 1570 cos
323 1537 430 1570 Sanni
457 1532 593 1578 Joannis
613 1532 648 1568 &
669 1535 775 1569 Sane'ti
788 1532 944 1577 Stephani
957 1543 1053 1567 tanto
1077 1533 1142 1576 jam

238 1594 386 1629 tempore
400 1587 513 1618 voluta
526 1586 571 1618 est
589 1609 599 1625 ,
628 1585 805 1626 Canonjco
826 1583 1035 1632 nec-tandem
1058 1581 1143 1637 apud

238 1647 300 1671 nos
310 1630 438 1680 ‘judicio
452 1636 582 1669 noveris
595 1638 658 1671 elie
671 1636 813 1671 decisam
829 1660 836 1667 .
864 1633 1086 1677 Praeeipimus·
1100 1644 1143 1666 er·

240 1698 287 1732 go
310 1686 538 1721 Sollicitudini
558 1697 622 1719 tuae
634 1710 645 1727 ,
661 1696 708 1720 -ut
735 1697 793 1729 pro
819 1685 886 1719 hoc
907 1685 1047 1730 negotio
1058 1695 1143 1728 pera·

239 1737 379 1783 gendo,
397 1738 431 1771 ὅ(
460 1736 546 1771 tanti
564 1735 781 1770 -scandalilite
794 1733 956 1775 sedanda,
985 1731 1143 1769 adhibitis

240 1797 352 1822 tecum
366 1785 566 1829 sapientibus
578 1786 613 1820 δε
627 1786 807 1831 Religiofis
818 1783 970 1820 fratribus
981 1809 992 1826 ‚
1021 1785 1070 1818 vel
1081 1784 1142 1818 Di·

239 1838 376 1871 vionem
402 1861 413 1877 ,
439 1836 490 1874 vel
511 1836 553 1870 ad
587 1837 691 1870 alium
710 1836 1009 1880 competentiorem
1031 1834 1143 1869 locum

241 1887 422 1922 convenias
433 1910 443 1926 ,
459 1887 537 1931 *quo
565 1886 686 1931 possint
711 1887 777 1922 fine
788 1886 979 1932 gravamine
990 1887 1143 1929 personas

240 1937 302 1973 fibi
326 1938 518 1976 necessarias
539 1937 725 1980 adducere,
750 1938 784 1972 δε
805 1938 899 1973 omni
924 1937 1066 1980 partium
1077 1935 1143 1970 ani·

242 1988 396 2023 mositate
418 1989 553 2031 sepofita
577 1989 622 2024 ita
647 1988 803 2032 syncere‚
829 1989 874 2022 ita
895 1986 1141 2030 liquidejudicii

242 2036 342 2080 hujus
366 2038 599 2080 perfectionem
620 2039 781 2081 accipias,
807 2047 969 2081 quatenus
992 2037 1078 2070 inter
1088 2047 1143 2069 eos

245 2087 339 2127 nulla
359 2086 496 2121 ulterius
512 2084 609 2131 hujus
623 2087 669 2120 rei
683 2086 722 2120 lis
733 2096 789 2120 aut
800 2086 932 2130 querela
956 2094 1140 2119 remaneat.

247 2137 368 2172 Testes
377 2148 488 2171 autem
513 2134 612 2178 hujus
633 2135 822 2179 quaestionis
831 2134 1037 2178 probatores,
1063 2134 1141 2176 quia

247 2187 291 2224 de
303 2196 402 2230 captu
413 2181 584 2219 Parochia'e
594 2185 689 2218 eausa
701 2184 833 2229 gravior
842 2184 951 2228 agitur
959 2206 970 2222 ,
997 2184 1144 2225 quinque

249 2238 314 2275 fint
325 2236 391 2273 five
402 2234 545 2280 Clerici,
571 2234 638 2270 five
659 2233 777 2275 Laici,
803 2232 861 2280 qui
884 2229 1064 2268 secundum
1079 2232 1146 2267 Ca·

713 148 1206 193 VARI-ouum

1159 278 1164 296 l

1270 141 1639 189 'PATRUM

1212 222 1349 257 nonicas
1372 224 1554 258 sanctiones
1573 222 1614 257 de
1627 225 1737 260 visu&
1749 226 1862 261 auditu
1874 225 2099 262 testimonium

1210 274 1375 317 proferant
1388 299 1396 306 .

1261 323 1317 359 Ut
1334 324 1379 357 iii-
1397 322 1594 367 probatione
1613 323 1844 367 poffeffionum
1868 327 2049 363 Domestici
2064 320 2098 361 <Sc

1209 373 1287 408 socii
1320 373 1534 408 admittantur
1548 399 1555 406 .

1258 424 1350 458 Idem
1372 424 1412 458 ad
1437 425 1582 459 eundem
1596 449 1603 456 .
1632 426 1734 468 Super
1746 423 1920 468 prudentia
1931 436 1986 461 tua
2000 428 2097 471 pluri-

1209 486 1300 509 mum
1314 475 1543 514 admiramur,
1562 475 1652 520 quod
1663 475 1697 508 in
1715 476 1852 520 negotio
1864 476 1956 510 Beati
1967 476 2097 520 Stepha-

1209 526 1243 557 ni
1266 526 1471 560 Clericorum
1500 526 1644 568 ipsorum
1672 525 1898 559 testimonium
1931 522 2095 570 acceptare

1202 574 1373 617 nolueris,
1400 587 1475 609 cuin
1497 575 1617 610 Beatus
1639 577 1821 620 Gregorius
1844 577 1878 610 in
1910 575 2099 619 hujusmodi

1207 626 1308 660 causis
1333 626 1549 660 Ecclefiarum
1563 625 1740 660 Astoribus
1752 625 1981 669 probationem
1996 627 2100 670 impo-

1211 686 1265 710 nat
1290 699 1298 708 .
1326 676 1469 710 Diversae
1493 688 1636 720 namque
1656 678 1731 710 sunt
1755 678 1923 712 causarum
1953 677 2099 721 species,

1211 725 1314 759 necin
1326 726 1483 761 omnibus
1495 727 1596 762 causis
1608 728 1719 762 omnia
1732 727 1915 772 agitantur.
1940 728 1979 761 In
1991 725 2099 762 crimi-

1209 775 1306 810 nibus
1327 776 1484 820 siquidem
1505 777 1699 812 accusatoris
1718 779 1752 812 ἀ
1772 778 1901 812 testium
1916 777 1972 811 illa
1985 776 2101 811 distin-

1208 827 1272 860 etio
1285 826 1481 875 observanda
1493 828 1538 862 est
1551 854 1562 869 ,
1588 840 1658 872 quae
1679 827 1875 862 Canonibus
1889 828 2077 861 continetur
2090 827 2108 857 :'

1208 874 1327 921 Neque
1348 878 1389 911 ad
1417 878 1650 922 probationem
1676 877 1860 913 Domestici
1879 878 2098 912 affumantur.

1209 926 1371 962 Caeterum
1395 929 1429 962 in
1452 930 1683 972 poffeffionum
1713 929 1764 962 vel
1777 929 1899 963 caeteris
1910 925 2098 971 hujusmodi

1210 978 1350 1022 negotiis
1363 976 1397 1011 hi
1411 980 1610 1022 potissimum
1633 977 1814 1014 assumendi
1827 980 1902 1013 sunt
1914 980 1970 1023 qui
1982 977 2099 1012 eadem

1208 1028 1344 1071 negotia
1363 1030 1580 1063 tractaverunt
1593 1054 1603 1070 ,
1630 1029 1673 1063 de
1695 1040 1837 1073 quorum
1849 1029 1918 1063 visu
1930 1028 1963 1062 δε
1980 1027 2098 1063 auditu

1209 1075 1362 1111 haefitatio
1387 1079 1449 1111 effe
1473 1076 1671 1113 non'debeat
1686 1103 1693 1110 .
1717 1080 1841 1122 Siergo
1861 1079 1962 1113 iidem
1975 1078 2099 1113 Clerici

1209 1126 1321 1161 idonei
1347 1128 1421 1161 sunt
1434 1151 1445 1167 ‚
1472 1127 1514 1161 ab
1537 1128 1707 1162 assertione
1726 1129 1828 1161 causae
1849 1128 1938 1161 illius
1956 1126 2098 1163 nullate-

1207 1177 1511 1221 nus-repellantur,
1537 1178 1590 1212 sed
1617 1178 1695 1213 ficut
1706 1176 2098 1213 aliislitterisdelibatum

1207 1226 1252 1261 est
1267 1252 1278 1269 ,
1305 1228 1391 1261 inter
1413 1227 1523 1262 Saneti
1545 1228 1680 1272 Joannis
1706 1229 1738 1262 &
1753 1227 2098 1272 Saneistephanica-

1207 1277 1348 1312 nonicos
1362 1278 1401 1312 lis
1412 1277 1469 1312 illa
1479 1279 1610 1322 plenius
1619 1279 1789 1313 decidatur
1799 1302 1806 1310 .

1257 1327 1352 1375 Qid
1374 1327 1419 1361 est
1445 1329 1670 1363 territorium?
1697 1328 1873 1372 Pompejus
1896 1328 2100 1375 interrogata

1208 1378 1430 1412 Territorium
1452 1379 1499 1415 est
1522 1378 1715 1413 >universitas
1739 1389 1890 1424 agrotum
1908 1379 1992 1413 inter
2017 1379 2101 1414 fines

1207 1428 1362 1472 cujusque
1385 1429 1545 1463 civitatis.
1573 1429 1676 1475 Quod
1702 1429 1744 1463 ab
1766 1441 1807 1463 eo
1830 1429 1964 1473 quidam
1974 1427 2100 1463 dietum

1206 1477 1320 1522 ajunt,
1346 1479 1437 1523 quod
1460 1478 1675 1524 Magistratus
1685 1481 1754 1523 ejus
1767 1479 1832 1513 loci
1854 1480 2004 1515 intereos
2017 1479 2100 1514 fines

1205 1528 1370 1569 terrendi,
1398 1529 1432 1563 id
1445 1529 1490 1563 est
1502 1552 1514 1569 ‚
1539 1529 1836 1565 submovendivim
1855 1528 1972 1564 habet.

1257 1577 1404 1615 Verbum
1425 1604 1435 1620 ,
1461 1581 1550 1612 Suum
1571 1604 1582 1620 ,
1613 1580 1808 1625 ambiguum
1831 1579 1877 1614 est
1891 1604 1903 1620 ‚
1932 1590 2041 1614 utrum
2058 1578 2099 1614 de

1204 1638 1298 1671 toto,
1326 1640 1367 1663 an
1388 1628 1430 1663 de
1441 1639 1531 1672 parte
1552 1628 1737 1674 significet,
1761 1628 1991 1674 ideoinquirat
2003 1631 2098 1664 suum

1206 1691 1274 1715 non
1285 1680 1347 1715 effe
1359 1679 1499 1722 adjicere
1510 1678 1626 1713 debere
1637 1703 1649 1722 ,
1674 1679 1709 1713 ἀ
1721 1689 1827 1725 neque
1848 1678 1908 1713 fibi
1919 1689 2098 1727 commune

1206 1731 1284 1766 ess‘o.

1256 1778 1495 1821 innocentius,
1521 1780 1637 1814 Servus
1660 1779 1833 1815 Servorum
1850 1780 1942 1819 Dei,-
1965 1779 2100 1824 Episco-

1206 1829 1254 1875 pls
1265 1830 1401 1865 Galliae.
1430 1829 1519 1865 Inter
1538 1841 1650 1865 caetera
1662 1855 1669 1863 .
1696 1830 1776 1865 Illos
1798 1829 1897 1866 etiam
1916 1831 2039 1865 limites
2052 1830 2116 1864 in-'

1206 1893 1255 1917 ter
1267 1881 1426 1915 Ecclesias
1446 1882 1508 1915 effe
1521 1880 1684 1916 sancimus
1698 1905 1710 1923 ,
1733 1892 1816 1925 quos
1835 1881 2016 1926 antiquitus
2028 1880 2100 1915 fuis-

1207 1934 1239 1967 se
1255 1932 1304 1966 vel
1315 1931 1519 1975 Scriptorum
1537 1930 1722 1979 attestatione
1732 1932 1784 1966 vel
1802 1932 2040 1966 territoriorum
2052 1929 2103 1965 di-

1209 1982 1331 2017 vifione
1344 2004 1356 2021 ‚
1381 1981 1432 2016 vel
1449 1982 1719 2026 certisaliquibus
1739 1982 1873 2026 judiciis⁴
1888 1982 2037 2020 constat,
2060 1990 2100 2017 ut

1207 2042 1375 2067 annuente
1385 2032 1539 2067 Domino
1551 2024 1767 2073 Ecclesiarum
1778 2043 1841 2077 pax
1853 2031 1946 2067 nulla
1957 2026 2100 2067 ocean&-

1210 2092 1250 2114 ne
1271 2081 1436 2114 turbetur.
1466 2081 1511 2114 Et
1531 2092 1603 2125 quae
1623 2092 1683 2124 pro
1706 2083 1854 2117 fidelium
1869 2082 1972 2116 salute
1981 2080 2098 2116 statut

1209 2131 1284 2214 sugit
1296 2154 1308 2171 ,
1329 2130 1464 2175 perenni
1473 2139 1622 2178 tempore
1642 2130 2100 2181 inconvulsastahilitatopet‘

1209 2181 1231 2215 fi
1260 2189 1338 2215 ant.
2011 2184 2032 2203 ¹⁹
2083 2186 2091 2202 ⁷

1184 2121 1197 2310 Ι

1953 2210 2033 2257 *sal
2058 2224 2093 2256 2⁵5

1214 2746 1254 2842 ὶὲἶξ

1253 2800 1277 2823 χχ
1247 2744 1271 2759 Ἴ;
1242 2542 1275 2616 ⁴974]

1320 2781 1341 2816 ζ’.
1309 2670 1346 2745 ὐηηῖᾼ
1312 2616 1340 2637 ῚΑ
1318 2552 1321 2557 t

1215 2829 1249 2882 'RQ

1267 2841 1297 2896 *k

1292 2854 1300 2892 ,r

1301 2848 1324 2886 τὲ

1229 2835 1279 2903 .4Ὓ-ς
1255 2801 1270 2811 <

1270 2882 1304 2920 §Q
1266 2817 1278 2831 Χ

1210 2889 1267 2936 ἐῗ
