<?xml version="1.0" encoding="UTF-8"?>
<!DOCTYPE html PUBLIC "-//W3C//DTD XHTML 1.0 Transitional//EN"
    "http://www.w3.org/TR/xhtml1/DTD/xhtml1-transitional.dtd">
<html xmlns="http://www.w3.org/1999/xhtml" xml:lang="en" lang="en">
 <head>
  <title>
</title>
<meta http-equiv="Content-Type" content="text/html;charset=utf-8" />
  <meta name='ocr-system' content='tesseract 3.04.00' />
  <meta name='ocr-capabilities' content='ocr_page ocr_carea ocr_par ocr_line ocrx_word'/>
</head>
<body>
  <div class='ocr_page' id='page_1' title='image "./operaomniastudio07lupuuoft_0080.png"; bbox 0 0 2320 3730; ppageno 0'>
   <div class='ocr_carea' id='block_1_1' title="bbox 382 190 450 241">
    <p class='ocr_par' dir='ltr' id='par_1_1' title="bbox 382 190 450 241">
     <span class='ocr_line' id='line_1_1' title="bbox 382 190 450 241; baseline 0.044 -3"><span class='ocrx_word' id='word_1_1' title='bbox 382 190 450 241; x_wconf 85' lang='lat'>74</span> 
     </span>
    </p>
   </div>
   <div class='ocr_carea' id='block_1_2' title="bbox 444 333 1054 387">
    <p class='ocr_par' dir='ltr' id='par_1_2' title="bbox 444 333 1054 387">
     <span class='ocr_line' id='line_1_2' title="bbox 444 333 1054 387; baseline -0.005 -4.995"><span class='ocrx_word' id='word_1_2' title='bbox 444 333 801 387; x_wconf 89' lang='lat' dir='ltr'>CAPUT</span> <span class='ocrx_word' id='word_1_3' title='bbox 868 335 1054 381; x_wconf 65' lang='lat' dir='ltr'>&#39;XXII</span> 
     </span>
    </p>
   </div>
   <div class='ocr_carea' id='block_1_3' title="bbox 304 538 1194 612">
    <p class='ocr_par' dir='ltr' id='par_1_3' title="bbox 304 538 1194 612">
     <span class='ocr_line' id='line_1_3' title="bbox 304 538 1194 612; baseline -0.009 -16"><span class='ocrx_word' id='word_1_4' title='bbox 304 578 306 580; x_wconf 33' lang='lat' dir='ltr'>v</span> <span class='ocrx_word' id='word_1_5' title='bbox 371 548 433 596; x_wconf 59' lang='grc' dir='ltr'><em>φ</em></span> <span class='ocrx_word' id='word_1_6' title='bbox 468 543 599 592; x_wconf 80' lang='lat' dir='ltr'>horum</span> <span class='ocrx_word' id='word_1_7' title='bbox 649 549 712 610; x_wconf 76' lang='lat' dir='ltr'>qui</span> <span class='ocrx_word' id='word_1_8' title='bbox 741 549 890 612; x_wconf 80' lang='lat' dir='ltr'>pariter</span> <span class='ocrx_word' id='word_1_9' title='bbox 941 559 992 587; x_wconf 85' lang='lat' dir='ltr'>ex</span> <span class='ocrx_word' id='word_1_10' title='bbox 1040 538 1194 603; x_wconf 80' lang='lat' dir='ltr'>diversis</span> 
     </span>
    </p>
   </div>
   <div class='ocr_carea' id='block_1_4' title="bbox 373 613 2139 702">
    <p class='ocr_par' dir='ltr' id='par_1_4' title="bbox 373 613 2139 702">
     <span class='ocr_line' id='line_1_4' title="bbox 373 613 2139 702; baseline 0.003 -10"><span class='ocrx_word' id='word_1_11' title='bbox 373 619 583 668; x_wconf 50' lang='lat' dir='ltr'>Provmdi’s</span> <span class='ocrx_word' id='word_1_12' title='bbox 645 634 692 661; x_wconf 62' lang='lat' dir='ltr'>ac</span> <span class='ocrx_word' id='word_1_13' title='bbox 743 613 923 661; x_wconf 59' lang='lat' dir='ltr'>Partibus</span> <span class='ocrx_word' id='word_1_14' title='bbox 982 626 1191 677; x_wconf 56' lang='lat' dir='ltr'><em>congregat!</em></span> <span class='ocrx_word' id='word_1_15' title='bbox 1227 645 1230 685; x_wconf 49' lang='lat' dir='ltr'>f</span> <span class='ocrx_word' id='word_1_16' title='bbox 1256 658 1298 692; x_wconf 88' lang='lat' dir='ltr'>Et</span> <span class='ocrx_word' id='word_1_17' title='bbox 1311 670 1427 695; x_wconf 74' lang='lat' dir='ltr'>contra</span> <span class='ocrx_word' id='word_1_18' title='bbox 1440 672 1576 697; x_wconf 89' lang='lat' dir='ltr'>omnem</span> <span class='ocrx_word' id='word_1_19' title='bbox 1588 660 1741 695; x_wconf 82' lang='lat' dir='ltr'>videlicet</span> <span class='ocrx_word' id='word_1_20' title='bbox 1764 659 1904 697; x_wconf 81' lang='lat' dir='ltr'>haerefim</span> <span class='ocrx_word' id='word_1_21' title='bbox 1917 661 2074 702; x_wconf 77' lang='lat' dir='ltr'>sabellii,</span> <span class='ocrx_word' id='word_1_22' title='bbox 2100 673 2139 697; x_wconf 88' lang='lat' dir='ltr'>ac</span> 
     </span>
    </p>
   </div>
   <div class='ocr_carea' id='block_1_5' title="bbox 298 678 1190 908">
    <p class='ocr_par' dir='ltr' id='par_1_5' title="bbox 359 678 1190 893">
     <span class='ocr_line' id='line_1_5' title="bbox 364 678 1190 752; baseline -0.011 -20"><span class='ocrx_word' id='word_1_23' title='bbox 364 683 461 752; x_wconf 76' lang='lat' dir='ltr'>firm</span> <span class='ocrx_word' id='word_1_24' title='bbox 495 721 508 747; x_wconf 86' lang='lat'>,</span> <span class='ocrx_word' id='word_1_25' title='bbox 542 683 585 732; x_wconf 84' lang='lat' dir='ltr'>id</span> <span class='ocrx_word' id='word_1_26' title='bbox 616 685 674 734; x_wconf 67' lang='lat' dir='ltr'>est</span> <span class='ocrx_word' id='word_1_27' title='bbox 706 718 719 743; x_wconf 84' lang='lat'>,</span> <span class='ocrx_word' id='word_1_28' title='bbox 753 701 806 728; x_wconf 82' lang='lat' dir='ltr'>ex</span> <span class='ocrx_word' id='word_1_29' title='bbox 841 678 1021 744; x_wconf 62' lang='lat' dir='ltr'>Didyma</span> <span class='ocrx_word' id='word_1_30' title='bbox 1052 717 1068 745; x_wconf 63' lang='lat'><em>7</em></span> <span class='ocrx_word' id='word_1_31' title='bbox 1106 682 1190 735; x_wconf 67' lang='lat' dir='ltr'><em>Pl..</em></span> 
     </span>
     <span class='ocr_line' id='line_1_6' title="bbox 298 749 1188 823; baseline -0.007 -20.559"><span class='ocrx_word' id='word_1_32' title='bbox 298 754 465 820; x_wconf 78' lang='lat' dir='ltr'>sidia</span> <span class='ocrx_word' id='word_1_33' title='bbox 489 753 658 823; x_wconf 77' lang='lat' dir='ltr'>ficunda</span> <span class='ocrx_word' id='word_1_34' title='bbox 690 787 704 812; x_wconf 81' lang='grc'>,</span> <span class='ocrx_word' id='word_1_35' title='bbox 741 749 1006 819; x_wconf 74' lang='lat' dir='ltr'><em>Paphlagonia</em></span> <span class='ocrx_word' id='word_1_36' title='bbox 1034 787 1048 812; x_wconf 80' lang='grc'>,</span> <span class='ocrx_word' id='word_1_37' title='bbox 1084 755 1188 819; x_wconf 84' lang='lat' dir='ltr'>Cap-</span> 
     </span>
     <span class='ocr_line' id='line_1_7' title="bbox 364 819 1186 908; baseline -0.004 -37"><span class='ocrx_word' id='word_1_38' title='bbox 364 824 525 893; x_wconf 80' lang='lat' dir='ltr'>padocia</span> <span class='ocrx_word' id='word_1_39' title='bbox 545 860 559 883; x_wconf 81' lang='grc'>,</span> <span class='ocrx_word' id='word_1_40' title='bbox 596 826 768 908; x_wconf 81' lang='lat' dir='ltr'><em>Europa,</em></span> <span class='ocrx_word' id='word_1_41' title='bbox 812 819 1024 890; x_wconf 67' lang='lat' dir='ltr'>Rhodope,</span> <span class='ocrx_word' id='word_1_42' title='bbox 1057 819 1186 888; x_wconf 68' lang='lat' dir='ltr'><em>Th‘s</em></span> 
     </span>
    </p>
   </div>
   <div class='ocr_carea' id='block_1_6' title="bbox 305 891 1186 1035">
    <p class='ocr_par' dir='ltr' id='par_1_6' title="bbox 348 891 1186 1029">
     <span class='ocr_line' id='line_1_8' title="bbox 352 891 1186 960; baseline 0 -20"><span class='ocrx_word' id='word_1_43' title='bbox 352 894 503 960; x_wconf 66' lang='lat' dir='ltr'>salia,</span> <span class='ocrx_word' id='word_1_44' title='bbox 541 896 672 938; x_wconf 80' lang='lat' dir='ltr'><em>Dacia</em></span> <span class='ocrx_word' id='word_1_45' title='bbox 697 928 713 952; x_wconf 70' lang='lat'>5</span> <span class='ocrx_word' id='word_1_46' title='bbox 746 895 841 944; x_wconf 79' lang='lat' dir='ltr'>inter</span> <span class='ocrx_word' id='word_1_47' title='bbox 865 891 990 940; x_wconf 83' lang='lat' dir='ltr'>locuta</span> <span class='ocrx_word' id='word_1_48' title='bbox 1021 891 1074 953; x_wconf 81' lang='lat' dir='ltr'>est</span> <span class='ocrx_word' id='word_1_49' title='bbox 1108 911 1186 959; x_wconf 78' lang='lat' dir='ltr'>quae</span> 
     </span>
     <span class='ocr_line' id='line_1_9' title="bbox 305 958 824 1035; baseline 0 -26"><span class='ocrx_word' id='word_1_50' title='bbox 305 961 485 1028; x_wconf 68' lang='lat' dir='ltr'>subter</span> <span class='ocrx_word' id='word_1_51' title='bbox 517 980 670 1014; x_wconf 82' lang='lat' dir='ltr'>annexa</span> <span class='ocrx_word' id='word_1_52' title='bbox 692 958 793 1035; x_wconf 71' lang='lat' dir='ltr'>fiant</span> <span class='ocrx_word' id='word_1_53' title='bbox 810 998 824 1015; x_wconf 76' lang='grc'><strong>,</strong></span> 
     </span>
    </p>
   </div>
   <div class='ocr_carea' id='block_1_7' title="bbox 277 1106 1185 2155">
    <p class='ocr_par' dir='ltr' id='par_1_7' title="bbox 277 1106 1185 2155">
     <span class='ocr_line' id='line_1_10' title="bbox 364 1106 1181 1155; baseline 0.001 -11"><span class='ocrx_word' id='word_1_54' title='bbox 364 1106 493 1155; x_wconf 85' lang='lat' dir='ltr'>Ropter</span> <span class='ocrx_word' id='word_1_55' title='bbox 514 1107 588 1144; x_wconf 80' lang='lat' dir='ltr'>has·</span> <span class='ocrx_word' id='word_1_56' title='bbox 596 1133 609 1155; x_wconf 77' lang='lat'><em>,</em></span> <span class='ocrx_word' id='word_1_57' title='bbox 638 1106 711 1153; x_wconf 74' lang='lat' dir='ltr'>quas</span> <span class='ocrx_word' id='word_1_58' title='bbox 735 1119 838 1154; x_wconf 83' lang='lat' dir='ltr'>nuper</span> <span class='ocrx_word' id='word_1_59' title='bbox 862 1111 1062 1146; x_wconf 81' lang='lat' dir='ltr'>emerserunt</span> <span class='ocrx_word' id='word_1_60' title='bbox 1084 1134 1099 1152; x_wconf 87' lang='lat'>‚-</span> <span class='ocrx_word' id='word_1_61' title='bbox 1122 1111 1181 1148; x_wconf 85' lang='lat' dir='ltr'>Ec-</span> 
     </span>
     <span class='ocr_line' id='line_1_11' title="bbox 388 1158 1182 1204; baseline 0 -9"><span class='ocrx_word' id='word_1_62' title='bbox 388 1158 578 1198; x_wconf 77' lang='lat' dir='ltr'>clefia&#39;sticas</span> <span class='ocrx_word' id='word_1_63' title='bbox 594 1160 790 1203; x_wconf 71' lang='lat' dir='ltr'>quaestiones</span> <span class='ocrx_word' id='word_1_64' title='bbox 810 1163 986 1194; x_wconf 72' lang='lat' dir='ltr'>convocati</span> <span class='ocrx_word' id='word_1_65' title='bbox 1007 1161 1048 1194; x_wconf 81' lang='lat' dir='ltr'>ad</span> <span class='ocrx_word' id='word_1_66' title='bbox 1074 1159 1182 1204; x_wconf 83' lang='lat' dir='ltr'>Ephe-</span> 
     </span>
     <span class='ocr_line' id='line_1_12' title="bbox 287 1209 1177 1255; baseline 0 -9"><span class='ocrx_word' id='word_1_67' title='bbox 287 1211 361 1247; x_wconf 80' lang='lat' dir='ltr'>sum</span> <span class='ocrx_word' id='word_1_68' title='bbox 383 1210 566 1249; x_wconf 75' lang='lat' dir='ltr'>Civitatem</span> <span class='ocrx_word' id='word_1_69' title='bbox 587 1209 705 1250; x_wconf 78' lang='lat' dir='ltr'>abeis,</span> <span class='ocrx_word' id='word_1_70' title='bbox 734 1209 852 1253; x_wconf 87' lang='lat' dir='ltr'>quibus</span> <span class='ocrx_word' id='word_1_71' title='bbox 869 1210 886 1243; x_wconf 72' lang='lat' dir='ltr'>a</span> <span class='ocrx_word' id='word_1_72' title='bbox 899 1210 1054 1246; x_wconf 87' lang='lat' dir='ltr'>Domino</span> <span class='ocrx_word' id='word_1_73' title='bbox 1077 1211 1177 1255; x_wconf 87' lang='lat' dir='ltr'>Impe-</span> 
     </span>
     <span class='ocr_line' id='line_1_13' title="bbox 286 1255 1178 1305; baseline 0.001 -11"><span class='ocrx_word' id='word_1_74' title='bbox 286 1260 372 1295; x_wconf 84' lang='lat' dir='ltr'>rium</span> <span class='ocrx_word' id='word_1_75' title='bbox 389 1261 472 1304; x_wconf 80' lang='lat' dir='ltr'>justa</span> <span class='ocrx_word' id='word_1_76' title='bbox 492 1256 731 1296; x_wconf 69' lang='lat' dir='ltr'>deiib&#39;eratione</span> <span class='ocrx_word' id='word_1_77' title='bbox 744 1260 954 1305; x_wconf 74' lang='lat' dir='ltr'>commissum</span> <span class='ocrx_word' id='word_1_78' title='bbox 966 1255 1012 1294; x_wconf 84' lang='lat' dir='ltr'>est</span> <span class='ocrx_word' id='word_1_79' title='bbox 1025 1285 1037 1301; x_wconf 89' lang='lat'>,</span> <span class='ocrx_word' id='word_1_80' title='bbox 1062 1261 1096 1295; x_wconf 76' lang='grc' dir='ltr'>δε</span> <span class='ocrx_word' id='word_1_81' title='bbox 1108 1263 1178 1305; x_wconf 86' lang='lat' dir='ltr'>qui-</span> 
     </span>
     <span class='ocr_line' id='line_1_14' title="bbox 285 1308 1176 1363; baseline 0.001 -18"><span class='ocrx_word' id='word_1_82' title='bbox 285 1309 348 1348; x_wconf 82' lang='lat' dir='ltr'>bus</span> <span class='ocrx_word' id='word_1_83' title='bbox 375 1313 564 1348; x_wconf 84' lang='lat' dir='ltr'>suntt0tins</span> <span class='ocrx_word' id='word_1_84' title='bbox 582 1310 685 1346; x_wconf 89' lang='lat' dir='ltr'>Orbis</span> <span class='ocrx_word' id='word_1_85' title='bbox 697 1308 818 1345; x_wconf 84' lang='lat' dir='ltr'>credita</span> <span class='ocrx_word' id='word_1_86' title='bbox 838 1308 1081 1363; x_wconf 82' lang='lat' dir='ltr'>gubernacula,</span> <span class='ocrx_word' id='word_1_87' title='bbox 1108 1313 1176 1356; x_wconf 91' lang='lat' dir='ltr'>qui-</span> 
     </span>
     <span class='ocr_line' id='line_1_15' title="bbox 285 1358 1177 1407; baseline 0.002 -12"><span class='ocrx_word' id='word_1_88' title='bbox 285 1371 351 1407; x_wconf 85' lang='lat' dir='ltr'>que</span> <span class='ocrx_word' id='word_1_89' title='bbox 379 1371 498 1407; x_wconf 88' lang='lat' dir='ltr'>regunt</span> <span class='ocrx_word' id='word_1_90' title='bbox 520 1359 670 1396; x_wconf 69' lang='lat' dir='ltr'>subditos</span> <span class='ocrx_word' id='word_1_91' title='bbox 691 1361 851 1405; x_wconf 78' lang='lat' dir='ltr'>sapienter</span> <span class='ocrx_word' id='word_1_92' title='bbox 876 1368 914 1395; x_wconf 71' lang='grc' dir='ltr'>ιε</span> <span class='ocrx_word' id='word_1_93' title='bbox 925 1358 1011 1406; x_wconf 53' lang='grc' dir='ltr'>’,μὲ</span> <span class='ocrx_word' id='word_1_94' title='bbox 1038 1361 1177 1407; x_wconf 78' lang='lat' dir='ltr'>impigre</span> 
     </span>
     <span class='ocr_line' id='line_1_16' title="bbox 284 1411 1175 1460; baseline 0.001 -15"><span class='ocrx_word' id='word_1_95' title='bbox 284 1413 450 1460; x_wconf 72' lang='lat' dir='ltr'>praefatam</span> <span class='ocrx_word' id='word_1_96' title='bbox 463 1411 775 1456; x_wconf 81' lang='lat' dir='ltr'>comprehendirnus</span> <span class='ocrx_word' id='word_1_97' title='bbox 789 1411 991 1447; x_wconf 71' lang='lat' dir='ltr'>Civitatem.</span> <span class='ocrx_word' id='word_1_98' title='bbox 1017 1411 1057 1448; x_wconf 90' lang='lat' dir='ltr'>ln</span> <span class='ocrx_word' id='word_1_99' title='bbox 1070 1412 1175 1446; x_wconf 89' lang='lat' dir='ltr'>modi·</span> 
     </span>
     <span class='ocr_line' id='line_1_17' title="bbox 283 1459 1175 1506; baseline 0.002 -11"><span class='ocrx_word' id='word_1_100' title='bbox 283 1468 326 1495; x_wconf 80' lang='lat' dir='ltr'>&#39;co</span> <span class='ocrx_word' id='word_1_101' title='bbox 346 1472 426 1498; x_wconf 89' lang='lat' dir='ltr'>vero</span> <span class='ocrx_word' id='word_1_102' title='bbox 447 1471 596 1506; x_wconf 89' lang='lat' dir='ltr'>tempore</span> <span class='ocrx_word' id='word_1_103' title='bbox 622 1470 833 1506; x_wconf 75' lang='lat' dir='ltr'>procurrente</span> <span class='ocrx_word' id='word_1_104' title='bbox 855 1486 866 1504; x_wconf 91' lang='grc'><strong><em>,</em></strong></span> <span class='ocrx_word' id='word_1_105' title='bbox 892 1472 1023 1506; x_wconf 86' lang='lat' dir='ltr'>propter</span> <span class='ocrx_word' id='word_1_106' title='bbox 1044 1459 1175 1503; x_wconf 83' lang='lat' dir='ltr'>turbas,</span> 
     </span>
     <span class='ocr_line' id='line_1_18' title="bbox 281 1510 1174 1558; baseline 0.002 -13"><span class='ocrx_word' id='word_1_107' title='bbox 281 1520 353 1558; x_wconf 80' lang='lat' dir='ltr'>quae</span> <span class='ocrx_word' id='word_1_108' title='bbox 376 1511 418 1545; x_wconf 80' lang='lat' dir='ltr'>ab</span> <span class='ocrx_word' id='word_1_109' title='bbox 440 1511 612 1557; x_wconf 77' lang='lat' dir='ltr'>AEgyptio</span> <span class='ocrx_word' id='word_1_110' title='bbox 635 1510 769 1556; x_wconf 83' lang='lat' dir='ltr'>Cyrillo</span> <span class='ocrx_word' id='word_1_111' title='bbox 782 1511 859 1550; x_wconf 88' lang='lat' dir='ltr'>sunt</span> <span class='ocrx_word' id='word_1_112' title='bbox 884 1514 992 1554; x_wconf 71' lang='lat' dir='ltr'>fastae,</span> <span class='ocrx_word' id='word_1_113' title='bbox 1020 1511 1136 1549; x_wconf 67' lang='lat' dir='ltr'>litterae</span> <span class='ocrx_word' id='word_1_114' title='bbox 1155 1513 1174 1547; x_wconf 74' lang='lat' dir='ltr'>a</span> 
     </span>
     <span class='ocr_line' id='line_1_19' title="bbox 280 1559 1173 1607; baseline 0.003 -13"><span class='ocrx_word' id='word_1_115' title='bbox 280 1561 431 1604; x_wconf 84' lang='lat' dir='ltr'>piiffimis</span> <span class='ocrx_word' id='word_1_116' title='bbox 447 1559 700 1607; x_wconf 73' lang='lat' dir='ltr'>Imperator-ibus</span> <span class='ocrx_word' id='word_1_117' title='bbox 716 1560 834 1599; x_wconf 86' lang='lat' dir='ltr'>nostris</span> <span class='ocrx_word' id='word_1_118' title='bbox 849 1563 996 1601; x_wconf 77' lang='lat' dir='ltr'>secundo</span> <span class='ocrx_word' id='word_1_119' title='bbox 1011 1561 1173 1607; x_wconf 87' lang='lat' dir='ltr'>tertioque</span> 
     </span>
     <span class='ocr_line' id='line_1_20' title="bbox 280 1611 1174 1657; baseline 0.004 -14"><span class='ocrx_word' id='word_1_120' title='bbox 280 1621 476 1652; x_wconf 81' lang='lat' dir='ltr'>venerunt,</span> <span class='ocrx_word' id='word_1_121' title='bbox 502 1611 719 1649; x_wconf 81' lang='lat' dir='ltr'>admonentes</span> <span class='ocrx_word' id='word_1_122' title='bbox 749 1624 786 1647; x_wconf 90' lang='lat' dir='ltr'>ut</span> <span class='ocrx_word' id='word_1_123' title='bbox 808 1624 886 1648; x_wconf 89' lang='lat' dir='ltr'>cum</span> <span class='ocrx_word' id='word_1_124' title='bbox 918 1613 1056 1647; x_wconf 81' lang='lat' dir='ltr'>vinculo</span> <span class='ocrx_word' id='word_1_125' title='bbox 1084 1614 1174 1657; x_wconf 82' lang='lat' dir='ltr'>pacis</span> 
     </span>
     <span class='ocr_line' id='line_1_21' title="bbox 280 1656 1173 1706; baseline 0.003 -12"><span class='ocrx_word' id='word_1_126' title='bbox 280 1661 438 1696; x_wconf 71' lang='lat' dir='ltr'>universae</span> <span class='ocrx_word' id='word_1_127' title='bbox 460 1656 709 1698; x_wconf 73' lang='lat' dir='ltr'>Deiunirentur</span> <span class='ocrx_word' id='word_1_128' title='bbox 730 1662 895 1696; x_wconf 81' lang='lat' dir='ltr'>Ecclefiae.</span> <span class='ocrx_word' id='word_1_129' title='bbox 927 1663 971 1696; x_wconf 88' lang='lat' dir='ltr'>Et</span> <span class='ocrx_word' id='word_1_130' title='bbox 988 1662 1076 1702; x_wconf 66' lang='lat' dir='ltr'>ina,</span> <span class='ocrx_word' id='word_1_131' title='bbox 1093 1672 1173 1706; x_wconf 86' lang='lat' dir='ltr'>quae</span> 
     </span>
     <span class='ocr_line' id='line_1_22' title="bbox 279 1710 1172 1756; baseline 0.002 -11"><span class='ocrx_word' id='word_1_132' title='bbox 279 1710 315 1745; x_wconf 83' lang='lat' dir='ltr'>in</span> <span class='ocrx_word' id='word_1_133' title='bbox 332 1711 449 1746; x_wconf 72' lang='lat' dir='ltr'>Nicaea</span> <span class='ocrx_word' id='word_1_134' title='bbox 469 1712 616 1756; x_wconf 79' lang='lat' dir='ltr'>expofita</span> <span class='ocrx_word' id='word_1_135' title='bbox 630 1712 687 1747; x_wconf 87' lang='lat' dir='ltr'>est</span> <span class='ocrx_word' id='word_1_136' title='bbox 696 1723 715 1748; x_wconf 83' lang='lat' dir='ltr'>a</span> <span class='ocrx_word' id='word_1_137' title='bbox 728 1712 936 1746; x_wconf 68' lang='lat' dir='ltr'>Sanstiffimis</span> <span class='ocrx_word' id='word_1_138' title='bbox 948 1711 1100 1746; x_wconf 87' lang='lat' dir='ltr'>Patribus</span> <span class='ocrx_word' id='word_1_139' title='bbox 1115 1725 1172 1747; x_wconf 91' lang='lat' dir='ltr'>no-</span> 
     </span>
     <span class='ocr_line' id='line_1_23' title="bbox 280 1762 1170 1824; baseline 0.002 -28"><span class='ocrx_word' id='word_1_140' title='bbox 280 1762 374 1803; x_wconf 81' lang='lat' dir='ltr'>stris,</span> <span class='ocrx_word' id='word_1_141' title='bbox 401 1762 538 1797; x_wconf 72' lang='lat' dir='ltr'>essemus</span> <span class='ocrx_word' id='word_1_142' title='bbox 550 1762 615 1797; x_wconf 81' lang='lat' dir='ltr'>fide</span> <span class='ocrx_word' id='word_1_143' title='bbox 626 1764 795 1813; x_wconf 83' lang='lat' dir='ltr'>contenti.</span> <span class='ocrx_word' id='word_1_144' title='bbox 825 1762 972 1824; x_wconf 72' lang='lat' dir='ltr'>Abjestis</span> <span class='ocrx_word' id='word_1_145' title='bbox 984 1763 1095 1809; x_wconf 84' lang='lat' dir='ltr'>utique</span> <span class='ocrx_word' id='word_1_146' title='bbox 1109 1762 1170 1805; x_wconf 84' lang='lat' dir='ltr'>bis,</span> 
     </span>
     <span class='ocr_line' id='line_1_24' title="bbox 280 1813 963 1858; baseline 0.001 -12"><span class='ocrx_word' id='word_1_147' title='bbox 280 1818 351 1858; x_wconf 75' lang='lat' dir='ltr'>Tquae</span> <span class='ocrx_word' id='word_1_148' title='bbox 362 1823 465 1856; x_wconf 83' lang='lat' dir='ltr'>nuper</span> <span class='ocrx_word' id='word_1_149' title='bbox 476 1822 547 1849; x_wconf 87' lang='lat' dir='ltr'>orta</span> <span class='ocrx_word' id='word_1_150' title='bbox 561 1814 664 1854; x_wconf 85' lang='lat' dir='ltr'>sunt,</span> <span class='ocrx_word' id='word_1_151' title='bbox 674 1813 886 1850; x_wconf 40' lang='lat' dir='ltr'>scandalis&amp;</span> <span class='ocrx_word' id='word_1_152' title='bbox 961 1842 963 1847; x_wconf 94' lang='lat'><em>.</em></span> 
     </span>
     <span class='ocr_line' id='line_1_25' title="bbox 279 1861 1172 1914; baseline 0.002 -20"><span class='ocrx_word' id='word_1_153' title='bbox 279 1875 285 1879; x_wconf 96' lang='lat'><em>·</em></span> <span class='ocrx_word' id='word_1_154' title='bbox 339 1861 454 1898; x_wconf 82' lang='lat' dir='ltr'>Unde</span> <span class='ocrx_word' id='word_1_155' title='bbox 474 1862 709 1914; x_wconf 78' lang='lat' dir='ltr'>&amp;persuadere</span> <span class='ocrx_word' id='word_1_156' title='bbox 719 1863 921 1896; x_wconf 76' lang='lat' dir='ltr'>tentavimus</span> <span class='ocrx_word' id='word_1_157' title='bbox 941 1862 1017 1895; x_wconf 83' lang='lat' dir='ltr'>ilios</span> <span class='ocrx_word' id='word_1_158' title='bbox 1037 1863 1172 1905; x_wconf 80' lang='lat' dir='ltr'>Episco-</span> 
     </span>
     <span class='ocr_line' id='line_1_26' title="bbox 279 1906 1173 1958; baseline -0.003 -11"><span class='ocrx_word' id='word_1_159' title='bbox 279 1918 363 1958; x_wconf 84' lang='lat' dir='ltr'>pos,</span> <span class='ocrx_word' id='word_1_160' title='bbox 392 1907 498 1956; x_wconf 83' lang='lat' dir='ltr'>quiea</span> <span class='ocrx_word' id='word_1_161' title='bbox 512 1907 666 1955; x_wconf 70' lang='lat' dir='ltr'>quaesunt</span> <span class='ocrx_word' id='word_1_162' title='bbox 679 1906 839 1954; x_wconf 78' lang='lat' dir='ltr'>AEgyptii</span> <span class='ocrx_word' id='word_1_163' title='bbox 854 1920 922 1942; x_wconf 88' lang='lat' dir='ltr'>non</span> <span class='ocrx_word' id='word_1_164' title='bbox 945 1916 1114 1951; x_wconf 79' lang='lat' dir='ltr'>renuunt,</span> <span class='ocrx_word' id='word_1_165' title='bbox 1139 1912 1173 1946; x_wconf 78' lang='grc' dir='ltr'>ἀ</span> 
     </span>
     <span class='ocr_line' id='line_1_27' title="bbox 280 1955 1174 2005; baseline -0.001 -10"><span class='ocrx_word' id='word_1_166' title='bbox 280 1963 433 2005; x_wconf 83' lang='lat' dir='ltr'>expofitis</span> <span class='ocrx_word' id='word_1_167' title='bbox 456 1955 517 1995; x_wconf 89' lang='lat' dir='ltr'>sub</span> <span class='ocrx_word' id='word_1_168' title='bbox 542 1970 582 1994; x_wconf 90' lang='lat' dir='ltr'>eo</span> <span class='ocrx_word' id='word_1_169' title='bbox 605 1959 765 1997; x_wconf 77' lang='lat' dir='ltr'>haereticis</span> <span class='ocrx_word' id='word_1_170' title='bbox 788 1955 954 2003; x_wconf 77' lang='lat' dir='ltr'>Capitulis</span> <span class='ocrx_word' id='word_1_171' title='bbox 985 1960 1174 2003; x_wconf 85' lang='lat' dir='ltr'>subscripse-</span> 
     </span>
     <span class='ocr_line' id='line_1_28' title="bbox 278 2008 1185 2070; baseline -0.001 -25"><span class='ocrx_word' id='word_1_172' title='bbox 278 2020 384 2051; x_wconf 77' lang='lat' dir='ltr'>runt,</span> <span class='ocrx_word' id='word_1_173' title='bbox 410 2020 447 2044; x_wconf 87' lang='lat' dir='ltr'>ut</span> <span class='ocrx_word' id='word_1_174' title='bbox 474 2011 643 2044; x_wconf 68' lang='lat' dir='ltr'>auferrent</span> <span class='ocrx_word' id='word_1_175' title='bbox 657 2009 738 2051; x_wconf 76' lang='lat' dir='ltr'>illa,</span> <span class='ocrx_word' id='word_1_176' title='bbox 766 2020 844 2067; x_wconf 46' lang='lat' dir='ltr'>quae·</span> <span class='ocrx_word' id='word_1_177' title='bbox 859 2008 1185 2070; x_wconf 64' lang='lat' dir='ltr'>OrthodoxaeFidei</span> 
     </span>
     <span class='ocr_line' id='line_1_29' title="bbox 277 2055 1172 2105; baseline -0.002 -8"><span class='ocrx_word' id='word_1_178' title='bbox 277 2060 394 2105; x_wconf 75' lang='lat' dir='ltr'>aperte</span> <span class='ocrx_word' id='word_1_179' title='bbox 407 2055 648 2096; x_wconf 77' lang='lat' dir='ltr'>contrariantur</span> <span class='ocrx_word' id='word_1_180' title='bbox 661 2085 671 2100; x_wconf 93' lang='lat'>‚</span> <span class='ocrx_word' id='word_1_181' title='bbox 698 2060 846 2095; x_wconf 87' lang='lat' dir='ltr'>contenti</span> <span class='ocrx_word' id='word_1_182' title='bbox 861 2059 938 2094; x_wconf 75' lang='lat' dir='ltr'>vero</span> <span class='ocrx_word' id='word_1_183' title='bbox 952 2060 1052 2095; x_wconf 84' lang='lat' dir='ltr'>effent</span> <span class='ocrx_word' id='word_1_184' title='bbox 1076 2062 1172 2104; x_wconf 64' lang='lat' dir='ltr'>expo</span> 
     </span>
     <span class='ocr_line' id='line_1_30' title="bbox 282 2109 1172 2155; baseline -0.003 -8"><span class='ocrx_word' id='word_1_185' title='bbox 282 2113 399 2147; x_wconf 87' lang='lat' dir='ltr'>sitione</span> <span class='ocrx_word' id='word_1_186' title='bbox 410 2136 421 2153; x_wconf 88' lang='lat'>‚</span> <span class='ocrx_word' id='word_1_187' title='bbox 453 2122 523 2155; x_wconf 80' lang='lat' dir='ltr'>quae</span> <span class='ocrx_word' id='word_1_188' title='bbox 534 2112 566 2145; x_wconf 87' lang='lat' dir='ltr'>in</span> <span class='ocrx_word' id='word_1_189' title='bbox 580 2111 690 2145; x_wconf 87' lang='lat' dir='ltr'>Nicaea</span> <span class='ocrx_word' id='word_1_190' title='bbox 702 2112 784 2145; x_wconf 68' lang='lat' dir='ltr'>fasta</span> <span class='ocrx_word' id='word_1_191' title='bbox 798 2109 844 2144; x_wconf 90' lang='lat' dir='ltr'>est</span> <span class='ocrx_word' id='word_1_192' title='bbox 856 2133 867 2151; x_wconf 86' lang='lat'><strong>,</strong></span> <span class='ocrx_word' id='word_1_193' title='bbox 894 2109 1072 2146; x_wconf 69' lang='lat' dir='ltr'>secundum</span> <span class='ocrx_word' id='word_1_194' title='bbox 1092 2111 1172 2146; x_wconf 84' lang='lat' dir='ltr'>Piis-</span> 
     </span>
    </p>
   </div>
   <div class='ocr_carea' id='block_1_8' title="bbox 281 2157 1239 2208">
    <p class='ocr_par' dir='ltr' id='par_1_8' title="bbox 281 2157 1239 2208">
     <span class='ocr_line' id='line_1_31' title="bbox 281 2157 1239 2208; baseline -0.002 -11"><span class='ocrx_word' id='word_1_195' title='bbox 281 2163 441 2197; x_wconf 84' lang='lat' dir='ltr'>fimorum</span> <span class='ocrx_word' id='word_1_196' title='bbox 458 2161 649 2205; x_wconf 80' lang='lat' dir='ltr'>Principum</span> <span class='ocrx_word' id='word_1_197' title='bbox 663 2162 880 2197; x_wconf 64' lang='lat' dir='ltr'>sanctionem.</span> <span class='ocrx_word' id='word_1_198' title='bbox 907 2157 1102 2196; x_wconf 80' lang='lat' dir='ltr'>Persuadere</span> <span class='ocrx_word' id='word_1_199' title='bbox 1123 2173 1172 2195; x_wconf 92' lang='lat' dir='ltr'>ve·</span> <span class='ocrx_word' id='word_1_200' title='bbox 1212 2205 1214 2208; x_wconf 22' lang='grc' dir='ltr'><strong><em>ι</em></strong></span> <span class='ocrx_word' id='word_1_201' title='bbox 1235 2170 1239 2174; x_wconf 76' lang='grc'>’</span> 
     </span>
    </p>
   </div>
   <div class='ocr_carea' id='block_1_9' title="bbox 274 2207 1176 2607">
    <p class='ocr_par' dir='ltr' id='par_1_9' title="bbox 280 2207 1175 2507">
     <span class='ocr_line' id='line_1_32' title="bbox 282 2207 1173 2257; baseline -0.003 -10"><span class='ocrx_word' id='word_1_202' title='bbox 282 2211 321 2248; x_wconf 71' lang='grc' dir='ltr'>τὸ</span> <span class='ocrx_word' id='word_1_203' title='bbox 342 2212 417 2246; x_wconf 88' lang='lat' dir='ltr'>illos</span> <span class='ocrx_word' id='word_1_204' title='bbox 430 2207 567 2246; x_wconf 76' lang='lat' dir='ltr'>minime</span> <span class='ocrx_word' id='word_1_205' title='bbox 578 2213 804 2257; x_wconf 82' lang='lat' dir='ltr'>praevalentes‚</span> <span class='ocrx_word' id='word_1_206' title='bbox 832 2209 964 2255; x_wconf 83' lang='lat' dir='ltr'>eoquod</span> <span class='ocrx_word' id='word_1_207' title='bbox 977 2210 1052 2247; x_wconf 84' lang='lat' dir='ltr'>illos</span> <span class='ocrx_word' id='word_1_208' title='bbox 1074 2212 1173 2247; x_wconf 86' lang='lat' dir='ltr'>semel</span> 
     </span>
     <span class='ocr_line' id='line_1_33' title="bbox 280 2261 1174 2307; baseline -0.003 -9"><span class='ocrx_word' id='word_1_209' title='bbox 280 2274 349 2299; x_wconf 89' lang='lat' dir='ltr'>tam</span> <span class='ocrx_word' id='word_1_210' title='bbox 373 2261 459 2296; x_wconf 81' lang='lat' dir='ltr'>male</span> <span class='ocrx_word' id='word_1_211' title='bbox 482 2265 701 2306; x_wconf 53' lang='lat' dir='ltr'>&#39;praeoccupari</span> <span class='ocrx_word' id='word_1_212' title='bbox 727 2261 928 2307; x_wconf 86' lang='lat' dir='ltr'>contigerit,</span> <span class='ocrx_word' id='word_1_213' title='bbox 956 2262 1112 2304; x_wconf 74' lang='lat' dir='ltr'>compulsi</span> <span class='ocrx_word' id='word_1_214' title='bbox 1127 2262 1174 2295; x_wconf 90' lang='lat' dir='ltr'>su-</span> 
     </span>
     <span class='ocr_line' id='line_1_34' title="bbox 283 2308 1175 2356; baseline -0.001 -10"><span class='ocrx_word' id='word_1_215' title='bbox 283 2324 356 2350; x_wconf 88' lang='lat' dir='ltr'>mus</span> <span class='ocrx_word' id='word_1_216' title='bbox 372 2324 455 2355; x_wconf 86' lang='lat' dir='ltr'>nos,</span> <span class='ocrx_word' id='word_1_217' title='bbox 482 2313 541 2356; x_wconf 90' lang='lat' dir='ltr'>qui·</span> <span class='ocrx_word' id='word_1_218' title='bbox 552 2308 634 2345; x_wconf 81' lang='lat' dir='ltr'>sanae</span> <span class='ocrx_word' id='word_1_219' title='bbox 644 2311 739 2347; x_wconf 85' lang='lat' dir='ltr'>Fidei</span> <span class='ocrx_word' id='word_1_220' title='bbox 754 2322 1000 2355; x_wconf 82' lang='lat' dir='ltr'>permanemus,</span> <span class='ocrx_word' id='word_1_221' title='bbox 1027 2311 1061 2344; x_wconf 74' lang='grc' dir='ltr'>ὅ(</span> <span class='ocrx_word' id='word_1_222' title='bbox 1091 2311 1175 2346; x_wconf 86' lang='lat' dir='ltr'>nihil</span> 
     </span>
     <span class='ocr_line' id='line_1_35' title="bbox 283 2361 1175 2408; baseline -0.001 -11"><span class='ocrx_word' id='word_1_223' title='bbox 283 2365 315 2397; x_wconf 92' lang='lat' dir='ltr'>ei</span> <span class='ocrx_word' id='word_1_224' title='bbox 342 2365 548 2408; x_wconf 86' lang='lat' dir='ltr'>peregrinum</span> <span class='ocrx_word' id='word_1_225' title='bbox 570 2361 797 2397; x_wconf 84' lang='lat' dir='ltr'>subintroduci</span> <span class='ocrx_word' id='word_1_226' title='bbox 813 2361 1064 2404; x_wconf 82' lang='lat' dir='ltr'>permittimus,</span> <span class='ocrx_word' id='word_1_227' title='bbox 1090 2361 1175 2396; x_wconf 88' lang='lat' dir='ltr'>hanc</span> 
     </span>
     <span class='ocr_line' id='line_1_36' title="bbox 285 2411 1175 2459; baseline -0.005 -10"><span class='ocrx_word' id='word_1_228' title='bbox 285 2414 320 2450; x_wconf 89' lang='lat' dir='ltr'>in</span> <span class='ocrx_word' id='word_1_229' title='bbox 332 2414 463 2457; x_wconf 84' lang='lat' dir='ltr'>Scripto</span> <span class='ocrx_word' id='word_1_230' title='bbox 474 2422 635 2459; x_wconf 83' lang='lat' dir='ltr'>exponere</span> <span class='ocrx_word' id='word_1_231' title='bbox 648 2435 659 2453; x_wconf 87' lang='lat'><strong>,</strong></span> <span class='ocrx_word' id='word_1_232' title='bbox 684 2411 718 2448; x_wconf 84' lang='lat'>&amp;</span> <span class='ocrx_word' id='word_1_233' title='bbox 733 2411 1025 2455; x_wconf 87' lang='lat' dir='ltr'>subscriptionibus</span> <span class='ocrx_word' id='word_1_234' title='bbox 1036 2411 1175 2447; x_wconf 89' lang='lat' dir='ltr'>Confes-</span> 
     </span>
     <span class='ocr_line' id='line_1_37' title="bbox 274 2461 848 2507; baseline -0.007 -6.934"><span class='ocrx_word' id='word_1_235' title='bbox 274 2464 406 2500; x_wconf 73' lang='lat' dir='ltr'>{ionem</span> <span class='ocrx_word' id='word_1_236' title='bbox 420 2475 519 2498; x_wconf 87' lang='lat' dir='ltr'>manu</span> <span class='ocrx_word' id='word_1_237' title='bbox 533 2463 661 2507; x_wconf 84' lang='lat' dir='ltr'>propria</span> <span class='ocrx_word' id='word_1_238' title='bbox 675 2461 848 2498; x_wconf 85' lang='lat' dir='ltr'>roborare.</span> 
     </span>
    </p>

    <p class='ocr_par' dir='ltr' id='par_1_10' title="bbox 286 2509 1176 2607">
     <span class='ocr_line' id='line_1_38' title="bbox 335 2509 1176 2557; baseline -0.004 -9"><span class='ocrx_word' id='word_1_239' title='bbox 335 2515 463 2550; x_wconf 87' lang='lat' dir='ltr'>Sufficit</span> <span class='ocrx_word' id='word_1_240' title='bbox 474 2515 565 2548; x_wconf 88' lang='lat' dir='ltr'>enim</span> <span class='ocrx_word' id='word_1_241' title='bbox 577 2513 739 2557; x_wconf 73' lang='lat' dir='ltr'>expositio</span> <span class='ocrx_word' id='word_1_242' title='bbox 752 2509 871 2545; x_wconf 90' lang='lat' dir='ltr'>horum</span> <span class='ocrx_word' id='word_1_243' title='bbox 881 2510 1054 2545; x_wconf 90' lang='lat' dir='ltr'>verborum</span> <span class='ocrx_word' id='word_1_244' title='bbox 1068 2534 1078 2550; x_wconf 89' lang='lat'>‚</span> <span class='ocrx_word' id='word_1_245' title='bbox 1104 2523 1176 2556; x_wconf 75' lang='lat' dir='ltr'>quat</span> 
     </span>
     <span class='ocr_line' id='line_1_39' title="bbox 286 2560 1176 2607; baseline -0.002 -11"><span class='ocrx_word' id='word_1_246' title='bbox 286 2571 389 2607; x_wconf 71' lang='lat' dir='ltr'>pauca</span> <span class='ocrx_word' id='word_1_247' title='bbox 405 2564 480 2596; x_wconf 89' lang='lat' dir='ltr'>sunt</span> <span class='ocrx_word' id='word_1_248' title='bbox 493 2586 504 2601; x_wconf 89' lang='lat'>,</span> <span class='ocrx_word' id='word_1_249' title='bbox 532 2562 800 2605; x_wconf 87' lang='lat' dir='ltr'>&amp;integritatem</span> <span class='ocrx_word' id='word_1_250' title='bbox 814 2561 944 2602; x_wconf 84' lang='lat' dir='ltr'>pietatis</span> <span class='ocrx_word' id='word_1_251' title='bbox 957 2560 1112 2602; x_wconf 83' lang='lat' dir='ltr'>edocere,</span> <span class='ocrx_word' id='word_1_252' title='bbox 1138 2574 1176 2596; x_wconf 88' lang='lat' dir='ltr'>ac</span> 
     </span>
    </p>
   </div>
   <div class='ocr_carea' id='block_1_10' title="bbox 287 2609 1187 2650">
    <p class='ocr_par' dir='ltr' id='par_1_11' title="bbox 287 2609 1187 2650">
     <span class='ocr_line' id='line_1_40' title="bbox 287 2609 1187 2650; baseline -0.001 -3"><span class='ocrx_word' id='word_1_253' title='bbox 287 2612 439 2647; x_wconf 83' lang='lat' dir='ltr'>semitam</span> <span class='ocrx_word' id='word_1_254' title='bbox 455 2610 598 2646; x_wconf 89' lang='lat' dir='ltr'>veritatis</span> <span class='ocrx_word' id='word_1_255' title='bbox 609 2609 800 2650; x_wconf 86' lang='lat' dir='ltr'>ostendere,</span> <span class='ocrx_word' id='word_1_256' title='bbox 825 2609 859 2643; x_wconf 69' lang='grc' dir='ltr'>ὅσ</span> <span class='ocrx_word' id='word_1_257' title='bbox 878 2618 1018 2642; x_wconf 87' lang='lat' dir='ltr'>errorem</span> <span class='ocrx_word' id='word_1_258' title='bbox 1042 2612 1187 2646; x_wconf 75' lang='lat' dir='ltr'>vesaniaev</span> 
     </span>
    </p>
   </div>
   <div class='ocr_carea' id='block_1_11' title="bbox 279 2659 1178 2753">
    <p class='ocr_par' dir='ltr' id='par_1_12' title="bbox 279 2659 1178 2753">
     <span class='ocr_line' id='line_1_41' title="bbox 279 2659 650 2697; baseline -0.008 0"><span class='ocrx_word' id='word_1_259' title='bbox 279 2661 447 2697; x_wconf 74' lang='lat' dir='ltr'>=-haereticae</span> <span class='ocrx_word' id='word_1_260' title='bbox 463 2659 650 2694; x_wconf 86' lang='lat' dir='ltr'>confutare.</span> 
     </span>
     <span class='ocr_line' id='line_1_42' title="bbox 340 2706 1178 2753; baseline -0.001 -8"><span class='ocrx_word' id='word_1_261' title='bbox 340 2709 516 2746; x_wconf 78' lang='lat' dir='ltr'>Credimus</span> <span class='ocrx_word' id='word_1_262' title='bbox 537 2708 571 2741; x_wconf 90' lang='lat' dir='ltr'>in</span> <span class='ocrx_word' id='word_1_263' title='bbox 598 2719 702 2742; x_wconf 90' lang='lat' dir='ltr'>unum</span> <span class='ocrx_word' id='word_1_264' title='bbox 716 2711 828 2744; x_wconf 91' lang='lat' dir='ltr'>Deum</span> <span class='ocrx_word' id='word_1_265' title='bbox 842 2730 851 2746; x_wconf 84' lang='lat'>‚</span> <span class='ocrx_word' id='word_1_266' title='bbox 876 2706 1006 2743; x_wconf 88' lang='lat' dir='ltr'>Patrem</span> <span class='ocrx_word' id='word_1_267' title='bbox 1027 2710 1178 2753; x_wconf 86' lang='lat' dir='ltr'>omnipo-</span> 
     </span>
    </p>
   </div>
   <div class='ocr_carea' id='block_1_12' title="bbox 275 2757 1176 3454">
    <p class='ocr_par' dir='ltr' id='par_1_13' title="bbox 275 2757 1176 3454">
     <span class='ocr_line' id='line_1_43' title="bbox 275 2757 1172 2802; baseline -0.006 -5"><span class='ocrx_word' id='word_1_268' title='bbox 275 2770 437 2802; x_wconf 84' lang='lat' dir='ltr'>·tentem‚</span> <span class='ocrx_word' id='word_1_269' title='bbox 463 2757 639 2793; x_wconf 78' lang='lat' dir='ltr'>vifibilium</span> <span class='ocrx_word' id='word_1_270' title='bbox 664 2759 696 2792; x_wconf 89' lang='lat'>&amp;</span> <span class='ocrx_word' id='word_1_271' title='bbox 725 2757 938 2793; x_wconf 82' lang='lat' dir='ltr'>invifibilium</span> <span class='ocrx_word' id='word_1_272' title='bbox 963 2760 1172 2794; x_wconf 87' lang='lat' dir='ltr'>Creatorem.</span> 
     </span>
     <span class='ocr_line' id='line_1_44' title="bbox 280 2806 1176 2852; baseline -0.002 -7"><span class='ocrx_word' id='word_1_273' title='bbox 280 2806 336 2846; x_wconf 65' lang='grc' dir='ltr'>ἷΕι</span> <span class='ocrx_word' id='word_1_274' title='bbox 354 2811 390 2845; x_wconf 86' lang='lat' dir='ltr'>in</span> <span class='ocrx_word' id='word_1_275' title='bbox 417 2818 520 2846; x_wconf 88' lang='lat' dir='ltr'>unum</span> <span class='ocrx_word' id='word_1_276' title='bbox 550 2806 740 2843; x_wconf 83' lang='lat' dir='ltr'>Dominum</span> <span class='ocrx_word' id='word_1_277' title='bbox 769 2808 874 2852; x_wconf 87' lang='lat' dir='ltr'>Jesum</span> <span class='ocrx_word' id='word_1_278' title='bbox 896 2807 1097 2850; x_wconf 84' lang='lat' dir='ltr'>Christum,</span> <span class='ocrx_word' id='word_1_279' title='bbox 1123 2811 1176 2843; x_wconf 89' lang='lat' dir='ltr'>Fi-</span> 
     </span>
     <span class='ocr_line' id='line_1_45' title="bbox 276 2856 1175 2904; baseline -0.003 -8"><span class='ocrx_word' id='word_1_280' title='bbox 276 2862 376 2897; x_wconf 81' lang='lat' dir='ltr'>-1ium</span> <span class='ocrx_word' id='word_1_281' title='bbox 398 2861 463 2895; x_wconf 89' lang='lat' dir='ltr'>Dei</span> <span class='ocrx_word' id='word_1_282' title='bbox 487 2856 714 2904; x_wconf 88' lang='lat' dir='ltr'>Unigenitum</span> <span class='ocrx_word' id='word_1_283' title='bbox 736 2883 747 2901; x_wconf 87' lang='lat'>‚</span> <span class='ocrx_word' id='word_1_284' title='bbox 780 2858 835 2901; x_wconf 91' lang='lat' dir='ltr'>qui</span> <span class='ocrx_word' id='word_1_285' title='bbox 862 2868 955 2892; x_wconf 85' lang='lat' dir='ltr'>natus</span> <span class='ocrx_word' id='word_1_286' title='bbox 977 2872 1016 2893; x_wconf 82' lang='lat' dir='ltr'>ex</span> <span class='ocrx_word' id='word_1_287' title='bbox 1046 2859 1141 2893; x_wconf 89' lang='lat' dir='ltr'>Patre</span> <span class='ocrx_word' id='word_1_288' title='bbox 1164 2884 1175 2900; x_wconf 92' lang='lat'>,</span> 
     </span>
     <span class='ocr_line' id='line_1_46' title="bbox 278 2906 1174 2957; baseline -0.002 -11"><span class='ocrx_word' id='word_1_289' title='bbox 278 2911 502 2956; x_wconf 59' lang='lat' dir='ltr'>*Unigenitus</span> <span class='ocrx_word' id='word_1_290' title='bbox 528 2933 539 2951; x_wconf 93' lang='lat'>,</span> <span class='ocrx_word' id='word_1_291' title='bbox 575 2907 615 2942; x_wconf 88' lang='lat' dir='ltr'>id</span> <span class='ocrx_word' id='word_1_292' title='bbox 643 2909 720 2950; x_wconf 85' lang='lat' dir='ltr'>est,</span> <span class='ocrx_word' id='word_1_293' title='bbox 756 2919 798 2942; x_wconf 84' lang='lat' dir='ltr'>ex</span> <span class='ocrx_word' id='word_1_294' title='bbox 837 2906 1013 2957; x_wconf 84' lang='lat' dir='ltr'>substantia</span> <span class='ocrx_word' id='word_1_295' title='bbox 1050 2911 1174 2944; x_wconf 85' lang='lat' dir='ltr'>Patris.</span> 
     </span>
     <span class='ocr_line' id='line_1_47' title="bbox 281 2957 1175 3002; baseline -0.003 -5"><span class='ocrx_word' id='word_1_296' title='bbox 281 2962 403 2997; x_wconf 37' lang='lat' dir='ltr'>&#39;Deum</span> <span class='ocrx_word' id='word_1_297' title='bbox 417 2962 458 2996; x_wconf 89' lang='lat' dir='ltr'>de</span> <span class='ocrx_word' id='word_1_298' title='bbox 470 2961 568 3002; x_wconf 84' lang='lat' dir='ltr'>Deo,</span> <span class='ocrx_word' id='word_1_299' title='bbox 595 2957 724 2995; x_wconf 82' lang='lat' dir='ltr'>Lumen</span> <span class='ocrx_word' id='word_1_300' title='bbox 737 2957 778 2992; x_wconf 90' lang='lat' dir='ltr'>de</span> <span class='ocrx_word' id='word_1_301' title='bbox 799 2957 970 3000; x_wconf 79' lang='lat' dir='ltr'>Lumine,</span> <span class='ocrx_word' id='word_1_302' title='bbox 996 2960 1108 2994; x_wconf 88' lang='lat' dir='ltr'>Deum</span> <span class='ocrx_word' id='word_1_303' title='bbox 1127 2972 1175 2994; x_wconf 88' lang='lat' dir='ltr'>ve·</span> 
     </span>
     <span class='ocr_line' id='line_1_48' title="bbox 289 3009 1175 3051; baseline -0.001 -6"><span class='ocrx_word' id='word_1_304' title='bbox 289 3023 361 3046; x_wconf 84' lang='lat' dir='ltr'>xum</span> <span class='ocrx_word' id='word_1_305' title='bbox 384 3023 424 3047; x_wconf 83' lang='lat' dir='ltr'>ex</span> <span class='ocrx_word' id='word_1_306' title='bbox 447 3011 523 3046; x_wconf 89' lang='lat' dir='ltr'>Deo</span> <span class='ocrx_word' id='word_1_307' title='bbox 546 3018 641 3044; x_wconf 84' lang='lat' dir='ltr'>vero.</span> <span class='ocrx_word' id='word_1_308' title='bbox 667 3009 817 3048; x_wconf 90' lang='lat' dir='ltr'>Natum,</span> <span class='ocrx_word' id='word_1_309' title='bbox 844 3019 911 3042; x_wconf 90' lang='lat' dir='ltr'>non</span> <span class='ocrx_word' id='word_1_310' title='bbox 931 3011 1074 3051; x_wconf 72' lang='lat' dir='ltr'>fastum,</span> <span class='ocrx_word' id='word_1_311' title='bbox 1098 3021 1175 3044; x_wconf 86' lang='lat' dir='ltr'>con-</span> 
     </span>
     <span class='ocr_line' id='line_1_49' title="bbox 290 3059 1174 3103; baseline -0.002 -8"><span class='ocrx_word' id='word_1_312' title='bbox 290 3062 533 3097; x_wconf 65' lang='lat' dir='ltr'>substantiaiem</span> <span class='ocrx_word' id='word_1_313' title='bbox 545 3059 632 3094; x_wconf 85' lang='lat' dir='ltr'>Patri</span> <span class='ocrx_word' id='word_1_314' title='bbox 646 3082 654 3092; x_wconf 45' lang='lat' dir='ltr'><em>a</em></span> <span class='ocrx_word' id='word_1_315' title='bbox 681 3059 743 3095; x_wconf 89' lang='lat' dir='ltr'>Per</span> <span class='ocrx_word' id='word_1_316' title='bbox 755 3068 852 3103; x_wconf 89' lang='lat' dir='ltr'>quem</span> <span class='ocrx_word' id='word_1_317' title='bbox 862 3060 975 3093; x_wconf 89' lang='lat' dir='ltr'>omnia</span> <span class='ocrx_word' id='word_1_318' title='bbox 988 3061 1066 3093; x_wconf 71' lang='lat' dir='ltr'>fasta</span> <span class='ocrx_word' id='word_1_319' title='bbox 1078 3061 1150 3094; x_wconf 87' lang='lat' dir='ltr'>sunt</span> <span class='ocrx_word' id='word_1_320' title='bbox 1164 3085 1174 3101; x_wconf 93' lang='lat'>,</span> 
     </span>
     <span class='ocr_line' id='line_1_50' title="bbox 293 3109 1174 3156; baseline 0 -12"><span class='ocrx_word' id='word_1_321' title='bbox 293 3122 363 3154; x_wconf 85' lang='lat' dir='ltr'>quae</span> <span class='ocrx_word' id='word_1_322' title='bbox 384 3113 416 3147; x_wconf 91' lang='lat' dir='ltr'>in</span> <span class='ocrx_word' id='word_1_323' title='bbox 432 3111 529 3147; x_wconf 57' lang='lat' dir='ltr'>Coeto</span> <span class='ocrx_word' id='word_1_324' title='bbox 540 3135 550 3152; x_wconf 92' lang='lat'>,</span> <span class='ocrx_word' id='word_1_325' title='bbox 577 3111 611 3145; x_wconf 91' lang='lat'>&amp;</span> <span class='ocrx_word' id='word_1_326' title='bbox 623 3122 690 3154; x_wconf 74' lang='lat' dir='ltr'>quae</span> <span class='ocrx_word' id='word_1_327' title='bbox 714 3112 747 3144; x_wconf 87' lang='lat' dir='ltr'>in</span> <span class='ocrx_word' id='word_1_328' title='bbox 759 3119 841 3145; x_wconf 77' lang='lat' dir='ltr'>terra</span> <span class='ocrx_word' id='word_1_329' title='bbox 853 3133 860 3140; x_wconf 92' lang='lat'><em>.</em></span> <span class='ocrx_word' id='word_1_330' title='bbox 887 3109 957 3156; x_wconf 85' lang='lat' dir='ltr'>Qi</span> <span class='ocrx_word' id='word_1_331' title='bbox 971 3120 1099 3152; x_wconf 86' lang='lat' dir='ltr'>propter</span> <span class='ocrx_word' id='word_1_332' title='bbox 1114 3122 1174 3145; x_wconf 90' lang='lat' dir='ltr'>nos</span> 
     </span>
     <span class='ocr_line' id='line_1_51' title="bbox 293 3157 1174 3204; baseline 0.001 -11"><span class='ocrx_word' id='word_1_333' title='bbox 293 3157 444 3196; x_wconf 87' lang='lat' dir='ltr'>homines</span> <span class='ocrx_word' id='word_1_334' title='bbox 458 3186 468 3202; x_wconf 91' lang='lat'>‚</span> <span class='ocrx_word' id='word_1_335' title='bbox 494 3159 823 3204; x_wconf 77' lang='lat' dir='ltr'>&amp;propternostram</span> <span class='ocrx_word' id='word_1_336' title='bbox 836 3159 970 3193; x_wconf 86' lang='lat' dir='ltr'>salutem</span> <span class='ocrx_word' id='word_1_337' title='bbox 981 3159 1148 3194; x_wconf 84' lang='lat' dir='ltr'>descendit</span> <span class='ocrx_word' id='word_1_338' title='bbox 1163 3174 1174 3194; x_wconf 85' lang='lat'>.-</span> 
     </span>
     <span class='ocr_line' id='line_1_52' title="bbox 287 3207 1174 3251; baseline 0.003 -10"><span class='ocrx_word' id='word_1_339' title='bbox 287 3208 339 3242; x_wconf 88' lang='lat' dir='ltr'>-Et</span> <span class='ocrx_word' id='word_1_340' title='bbox 355 3207 562 3251; x_wconf 70' lang='lat' dir='ltr'>linear-natus,</span> <span class='ocrx_word' id='word_1_341' title='bbox 587 3211 621 3244; x_wconf 76' lang='grc' dir='ltr'>δε</span> <span class='ocrx_word' id='word_1_342' title='bbox 643 3210 876 3245; x_wconf 82' lang='lat' dir='ltr'>inhumanatus</span> <span class='ocrx_word' id='word_1_343' title='bbox 895 3210 940 3243; x_wconf 91' lang='lat' dir='ltr'>est</span> <span class='ocrx_word' id='word_1_344' title='bbox 953 3235 960 3243; x_wconf 88' lang='lat'><strong>.</strong></span> <span class='ocrx_word' id='word_1_345' title='bbox 987 3209 1095 3244; x_wconf 80' lang='lat' dir='ltr'>Paffus</span> <span class='ocrx_word' id='word_1_346' title='bbox 1107 3210 1152 3244; x_wconf 87' lang='lat' dir='ltr'>est</span> <span class='ocrx_word' id='word_1_347' title='bbox 1163 3233 1174 3250; x_wconf 89' lang='lat'>‚</span> 
     </span>
     <span class='ocr_line' id='line_1_53' title="bbox 282 3256 1173 3298; baseline 0.003 -6"><span class='ocrx_word' id='word_1_348' title='bbox 282 3259 330 3293; x_wconf 66' lang='lat'>⁷&amp;</span> <span class='ocrx_word' id='word_1_349' title='bbox 343 3256 509 3293; x_wconf 78' lang='lat' dir='ltr'>resurrexit</span> <span class='ocrx_word' id='word_1_350' title='bbox 526 3260 623 3294; x_wconf 84' lang='lat' dir='ltr'>tertia</span> <span class='ocrx_word' id='word_1_351' title='bbox 635 3259 704 3294; x_wconf 91' lang='lat' dir='ltr'>die.</span> <span class='ocrx_word' id='word_1_352' title='bbox 733 3258 914 3295; x_wconf 79' lang='lat' dir='ltr'>Adscendit</span> <span class='ocrx_word' id='word_1_353' title='bbox 931 3261 965 3294; x_wconf 89' lang='lat' dir='ltr'>in</span> <span class='ocrx_word' id='word_1_354' title='bbox 980 3260 1091 3294; x_wconf 74' lang='lat' dir='ltr'>Coeios</span> <span class='ocrx_word' id='word_1_355' title='bbox 1105 3283 1115 3298; x_wconf 89' lang='lat'>‚</span> <span class='ocrx_word' id='word_1_356' title='bbox 1136 3272 1173 3295; x_wconf 89' lang='lat' dir='ltr'>ac</span> 
     </span>
     <span class='ocr_line' id='line_1_54' title="bbox 295 3307 1173 3354; baseline 0.002 -12"><span class='ocrx_word' id='word_1_357' title='bbox 295 3318 448 3343; x_wconf 85' lang='lat' dir='ltr'>venturus</span> <span class='ocrx_word' id='word_1_358' title='bbox 457 3307 598 3350; x_wconf 85' lang='lat' dir='ltr'>judicare</span> <span class='ocrx_word' id='word_1_359' title='bbox 610 3310 702 3343; x_wconf 90' lang='lat' dir='ltr'>vivos</span> <span class='ocrx_word' id='word_1_360' title='bbox 726 3310 935 3345; x_wconf 71' lang='lat' dir='ltr'>&amp;mox-tuos.</span> <span class='ocrx_word' id='word_1_361' title='bbox 965 3309 1008 3343; x_wconf 87' lang='lat' dir='ltr'>Et</span> <span class='ocrx_word' id='word_1_362' title='bbox 1030 3311 1063 3343; x_wconf 89' lang='lat' dir='ltr'>in</span> <span class='ocrx_word' id='word_1_363' title='bbox 1078 3311 1173 3354; x_wconf 88' lang='lat' dir='ltr'>Spiri-</span> 
     </span>
     <span class='ocr_line' id='line_1_55' title="bbox 295 3359 1174 3403; baseline 0.001 -10"><span class='ocrx_word' id='word_1_364' title='bbox 295 3367 368 3393; x_wconf 87' lang='lat' dir='ltr'>tum</span> <span class='ocrx_word' id='word_1_365' title='bbox 378 3359 529 3393; x_wconf 67' lang='lat' dir='ltr'>Sanctum</span> <span class='ocrx_word' id='word_1_366' title='bbox 544 3382 550 3390; x_wconf 85' lang='lat'><strong><em>.</em></strong></span> <span class='ocrx_word' id='word_1_367' title='bbox 574 3360 641 3392; x_wconf 85' lang='lat' dir='ltr'>Eos</span> <span class='ocrx_word' id='word_1_368' title='bbox 656 3368 765 3394; x_wconf 85' lang='lat' dir='ltr'>autem</span> <span class='ocrx_word' id='word_1_369' title='bbox 779 3361 835 3403; x_wconf 88' lang='lat' dir='ltr'>qui</span> <span class='ocrx_word' id='word_1_370' title='bbox 847 3359 963 3394; x_wconf 89' lang='lat' dir='ltr'>dicunt</span> <span class='ocrx_word' id='word_1_371' title='bbox 975 3373 986 3392; x_wconf 83' lang='lat'>.-</span> <span class='ocrx_word' id='word_1_372' title='bbox 1016 3360 1092 3393; x_wconf 86' lang='lat' dir='ltr'>Erat</span> <span class='ocrx_word' id='word_1_373' title='bbox 1115 3361 1174 3394; x_wconf 86' lang='lat' dir='ltr'>ali-</span> 
     </span>
     <span class='ocr_line' id='line_1_56' title="bbox 296 3405 1170 3454; baseline 0.001 -9"><span class='ocrx_word' id='word_1_374' title='bbox 296 3408 430 3454; x_wconf 83' lang='lat' dir='ltr'>quando</span> <span class='ocrx_word' id='word_1_375' title='bbox 440 3405 573 3454; x_wconf 87' lang='lat' dir='ltr'>quando</span> <span class='ocrx_word' id='word_1_376' title='bbox 585 3419 653 3443; x_wconf 90' lang='lat' dir='ltr'>non</span> <span class='ocrx_word' id='word_1_377' title='bbox 666 3418 732 3444; x_wconf 84' lang='lat' dir='ltr'>erat</span> <span class='ocrx_word' id='word_1_378' title='bbox 744 3432 756 3450; x_wconf 94' lang='lat'>,</span> <span class='ocrx_word' id='word_1_379' title='bbox 780 3410 813 3444; x_wconf 88' lang='lat'>&amp;</span> <span class='ocrx_word' id='word_1_380' title='bbox 825 3409 1011 3454; x_wconf 80' lang='lat' dir='ltr'>priusquam</span> <span class='ocrx_word' id='word_1_381' title='bbox 1033 3411 1170 3446; x_wconf 88' lang='lat' dir='ltr'>nascere-</span> 
     </span>
    </p>
   </div>
   <div class='ocr_carea' id='block_1_13' title="bbox 1228 407 1353 448">
    <p class='ocr_par' dir='ltr' id='par_1_14' title="bbox 1228 407 1353 448">
     <span class='ocr_line' id='line_1_57' title="bbox 1228 407 1353 448; baseline -0.031 -6"><span class='ocrx_word' id='word_1_382' title='bbox 1228 420 1231 442; x_wconf 80' lang='lat'>:</span> <span class='ocrx_word' id='word_1_383' title='bbox 1260 407 1353 448; x_wconf 89' lang='lat' dir='ltr'>Dei,</span> 
     </span>
    </p>
   </div>
   <div class='ocr_carea' id='block_1_14' title="bbox 303 456 1465 539">
    <p class='ocr_par' dir='ltr' id='par_1_15' title="bbox 303 456 1465 539">
     <span class='ocr_line' id='line_1_58' title="bbox 303 456 1465 539; baseline -0.014 -18"><span class='ocrx_word' id='word_1_384' title='bbox 303 470 451 525; x_wconf 63' lang='lat' dir='ltr'>Sanila</span> <span class='ocrx_word' id='word_1_385' title='bbox 485 479 516 521; x_wconf 85' lang='lat' dir='ltr'><em>S</em></span> <span class='ocrx_word' id='word_1_386' title='bbox 489 473 665 539; x_wconf 78' lang='lat' dir='ltr'>yaodus</span> <span class='ocrx_word' id='word_1_387' title='bbox 679 472 927 521; x_wconf 70' lang='lat' dir='ltr'>Orientalium</span> <span class='ocrx_word' id='word_1_388' title='bbox 962 470 1166 535; x_wconf 69' lang='lat' dir='ltr'>Regionum</span> <span class='ocrx_word' id='word_1_389' title='bbox 1179 505 1194 533; x_wconf 76' lang='lat'><strong><em>&gt;</em></strong></span> <span class='ocrx_word' id='word_1_390' title='bbox 1227 479 1231 506; x_wconf 81' lang='grc' dir='ltr'><strong><em>ῐ</em></strong></span> <span class='ocrx_word' id='word_1_391' title='bbox 1258 467 1295 491; x_wconf 72' lang='lat'>⁰²</span> <span class='ocrx_word' id='word_1_392' title='bbox 1308 456 1465 493; x_wconf 60' lang='lat' dir='ltr'>¹3⁶⁶stssss-</span> 
     </span>
    </p>
   </div>
   <div class='ocr_carea' id='block_1_15' title="bbox 1219 267 1255 1379">
    <p class='ocr_par' dir='ltr' id='par_1_16' title="bbox 1219 267 1255 1379">
     <span class='ocr_line' id='line_1_59' title="bbox 1229 267 1255 667; baseline 0 0"><span class='ocrx_word' id='word_1_393' title='bbox 1229 267 1255 667; x_wconf 95' lang='lat' dir='ltr'>  </span> 
     </span>
     <span class='ocr_line' id='line_1_60' title="bbox 1219 667 1247 1379; baseline 0 -93"><span class='ocrx_word' id='word_1_394' title='bbox 1219 667 1247 1379; x_wconf 95' lang='lat' dir='ltr'>    </span> 
     </span>
    </p>
   </div>
   <div class='ocr_carea' id='block_1_16' title="bbox 1220 2370 1224 2538">
    <p class='ocr_par' dir='ltr' id='par_1_17' title="bbox 1220 2370 1224 2538">
     <span class='ocr_line' id='line_1_61' title="bbox 1220 2370 1224 2538; baseline 0 0"><span class='ocrx_word' id='word_1_395' title='bbox 1220 2370 1224 2538; x_wconf 95' lang='lat' dir='ltr'> </span> 
     </span>
    </p>
   </div>
   <div class='ocr_carea' id='block_1_17' title="bbox 1220 2540 1224 2671">
    <p class='ocr_par' dir='ltr' id='par_1_18' title="bbox 1220 2540 1224 2671">
     <span class='ocr_line' id='line_1_62' title="bbox 1220 2540 1224 2671; baseline 0 0"><span class='ocrx_word' id='word_1_396' title='bbox 1220 2540 1224 2671; x_wconf 95' lang='lat' dir='ltr'> </span> 
     </span>
    </p>
   </div>
   <div class='ocr_carea' id='block_1_18' title="bbox 1217 3295 1227 3551">
    <p class='ocr_par' dir='ltr' id='par_1_19' title="bbox 1217 3295 1227 3551">
     <span class='ocr_line' id='line_1_63' title="bbox 1217 3295 1227 3551; baseline 0 179"><span class='ocrx_word' id='word_1_397' title='bbox 1217 3295 1227 3551; x_wconf 95' lang='lat' dir='ltr'> </span> 
     </span>
    </p>
   </div>
   <div class='ocr_carea' id='block_1_19' title="bbox 667 174 1726 234">
    <p class='ocr_par' dir='ltr' id='par_1_20' title="bbox 667 174 1726 234">
     <span class='ocr_line' id='line_1_64' title="bbox 667 174 1726 234; baseline -0.001 -12"><span class='ocrx_word' id='word_1_398' title='bbox 667 210 671 212; x_wconf 88' lang='lat'><em>-</em></span> <span class='ocrx_word' id='word_1_399' title='bbox 726 174 1067 223; x_wconf 78' lang='lat' dir='ltr'>VARIORUM</span> <span class='ocrx_word' id='word_1_400' title='bbox 1104 174 1352 220; x_wconf 75' lang='lat' dir='ltr'><em>PATR&#39;UM</em></span> <span class='ocrx_word' id='word_1_401' title='bbox 1376 174 1726 234; x_wconf 55' lang='grc' dir='ltr'>ῚΕΡιςι-οιῑῶ,Τ</span> 
     </span>
    </p>
   </div>
   <div class='ocr_carea' id='block_1_20' title="bbox 1262 258 2144 353">
    <p class='ocr_par' dir='ltr' id='par_1_21' title="bbox 1262 258 2144 353">
     <span class='ocr_line' id='line_1_65' title="bbox 1263 258 2144 304; baseline 0.01 -16"><span class='ocrx_word' id='word_1_402' title='bbox 1263 264 1316 289; x_wconf 90' lang='lat' dir='ltr'>tur</span> <span class='ocrx_word' id='word_1_403' title='bbox 1327 268 1396 291; x_wconf 90' lang='lat' dir='ltr'>non</span> <span class='ocrx_word' id='word_1_404' title='bbox 1406 268 1477 292; x_wconf 85' lang='lat' dir='ltr'>erat</span> <span class='ocrx_word' id='word_1_405' title='bbox 1485 285 1495 295; x_wconf 88' lang='grc'>,.</span> <span class='ocrx_word' id='word_1_406' title='bbox 1525 261 1569 297; x_wconf 84' lang='lat' dir='ltr'>Et</span> <span class='ocrx_word' id='word_1_407' title='bbox 1578 261 1656 304; x_wconf 82' lang='lat' dir='ltr'>&#39;quia</span> <span class='ocrx_word' id='word_1_408' title='bbox 1670 273 1712 296; x_wconf 82' lang='lat' dir='ltr'>ex</span> <span class='ocrx_word' id='word_1_409' title='bbox 1723 258 2035 296; x_wconf 75' lang='lat' dir='ltr'>nullisexstantibus</span> <span class='ocrx_word' id='word_1_410' title='bbox 2045 261 2144 297; x_wconf 71' lang='lat' dir='ltr'>fanus</span> 
     </span>
     <span class='ocr_line' id='line_1_66' title="bbox 1262 306 2144 353; baseline 0.009 -15"><span class='ocrx_word' id='word_1_411' title='bbox 1262 306 1330 345; x_wconf 89' lang='lat' dir='ltr'>est,</span> <span class='ocrx_word' id='word_1_412' title='bbox 1354 318 1410 341; x_wconf 88' lang='lat' dir='ltr'>aut</span> <span class='ocrx_word' id='word_1_413' title='bbox 1431 319 1471 342; x_wconf 86' lang='lat' dir='ltr'>ex</span> <span class='ocrx_word' id='word_1_414' title='bbox 1493 310 1591 344; x_wconf 81' lang='lat' dir='ltr'>altera</span> <span class='ocrx_word' id='word_1_415' title='bbox 1612 311 1835 352; x_wconf 81' lang='lat' dir='ltr'>subfistentia,</span> <span class='ocrx_word' id='word_1_416' title='bbox 1860 310 1924 346; x_wconf 85' lang='lat' dir='ltr'>five</span> <span class='ocrx_word' id='word_1_417' title='bbox 1941 311 2118 346; x_wconf 84' lang='lat' dir='ltr'>substantia</span> <span class='ocrx_word' id='word_1_418' title='bbox 2131 336 2144 353; x_wconf 92' lang='lat'><strong>,</strong></span> 
     </span>
    </p>
   </div>
   <div class='ocr_carea' id='block_1_21' title="bbox 1260 354 2144 458">
    <p class='ocr_par' dir='ltr' id='par_1_22' title="bbox 1260 354 2143 458">
     <span class='ocr_line' id='line_1_67' title="bbox 1260 354 2143 397; baseline 0.01 -9"><span class='ocrx_word' id='word_1_419' title='bbox 1260 354 1406 391; x_wconf 87' lang='lat' dir='ltr'>dicentes</span> <span class='ocrx_word' id='word_1_420' title='bbox 1446 359 1508 394; x_wconf 83' lang='lat' dir='ltr'>effe</span> <span class='ocrx_word' id='word_1_421' title='bbox 1532 359 1715 394; x_wconf 82' lang='lat' dir='ltr'>vertibilem</span> <span class='ocrx_word' id='word_1_422' title='bbox 1739 361 1998 397; x_wconf 78' lang='lat' dir='ltr'>autmutabilem</span> <span class='ocrx_word' id='word_1_423' title='bbox 2018 362 2143 397; x_wconf 86' lang='lat' dir='ltr'>Filium</span> 
     </span>
     <span class='ocr_line' id='line_1_68' title="bbox 1379 406 2144 458; baseline 0.007 -16"><span class='ocrx_word' id='word_1_424' title='bbox 1379 406 1442 442; x_wconf 87' lang='lat' dir='ltr'>hos</span> <span class='ocrx_word' id='word_1_425' title='bbox 1457 408 1712 445; x_wconf 75' lang='lat' dir='ltr'>anathematizat</span> <span class='ocrx_word' id='word_1_426' title='bbox 1723 410 1906 446; x_wconf 77' lang='lat' dir='ltr'>catholica</span> <span class='ocrx_word' id='word_1_427' title='bbox 1919 411 1958 448; x_wconf 70' lang='grc' dir='ltr'>ἀ</span> <span class='ocrx_word' id='word_1_428' title='bbox 1973 412 2144 458; x_wconf 83' lang='lat' dir='ltr'>Apostoli-</span> 
     </span>
    </p>
   </div>
   <div class='ocr_carea' id='block_1_22' title="bbox 1255 481 2140 648">
    <p class='ocr_par' dir='ltr' id='par_1_23' title="bbox 1255 481 2140 648">
     <span class='ocr_line' id='line_1_69' title="bbox 1306 481 2140 554; baseline 0.006 -12"><span class='ocrx_word' id='word_1_429' title='bbox 1306 509 1389 543; x_wconf 83' lang='lat' dir='ltr'>Haec</span> <span class='ocrx_word' id='word_1_430' title='bbox 1416 509 1462 544; x_wconf 89' lang='lat' dir='ltr'>est</span> <span class='ocrx_word' id='word_1_431' title='bbox 1489 509 1569 544; x_wconf 87' lang='lat' dir='ltr'>fides</span> <span class='ocrx_word' id='word_1_432' title='bbox 1591 534 1604 551; x_wconf 88' lang='lat'><strong>,</strong></span> <span class='ocrx_word' id='word_1_433' title='bbox 1634 521 1736 553; x_wconf 85' lang='lat' dir='ltr'>quam</span> <span class='ocrx_word' id='word_1_434' title='bbox 1762 481 1875 545; x_wconf 84' lang='lat' dir='ltr'>Patres</span> <span class='ocrx_word' id='word_1_435' title='bbox 1897 513 2140 554; x_wconf 74' lang='lat' dir='ltr'>exposuerunt.</span> 
     </span>
     <span class='ocr_line' id='line_1_70' title="bbox 1257 557 2139 605; baseline 0.007 -15"><span class='ocrx_word' id='word_1_436' title='bbox 1257 557 1405 593; x_wconf 74' lang='lat' dir='ltr'>Primum</span> <span class='ocrx_word' id='word_1_437' title='bbox 1426 562 1559 604; x_wconf 87' lang='lat' dir='ltr'>quidem</span> <span class='ocrx_word' id='word_1_438' title='bbox 1586 571 1700 594; x_wconf 87' lang='lat' dir='ltr'>contra</span> <span class='ocrx_word' id='word_1_439' title='bbox 1731 559 1848 595; x_wconf 85' lang='lat' dir='ltr'>Arium</span> <span class='ocrx_word' id='word_1_440' title='bbox 1871 584 1883 600; x_wconf 87' lang='lat'><strong>,</strong></span> <span class='ocrx_word' id='word_1_441' title='bbox 1915 560 2139 605; x_wconf 72' lang='lat' dir='ltr'>blaspheman-</span> 
     </span>
     <span class='ocr_line' id='line_1_71' title="bbox 1255 610 2139 648; baseline 0.006 -7"><span class='ocrx_word' id='word_1_442' title='bbox 1255 620 1334 642; x_wconf 76' lang='lat' dir='ltr'>temv</span> <span class='ocrx_word' id='word_1_443' title='bbox 1351 610 1587 645; x_wconf 75' lang='lat' dir='ltr'>aedicentem</span> <span class='ocrx_word' id='word_1_444' title='bbox 1612 621 1796 645; x_wconf 85' lang='lat' dir='ltr'>creaturam</span> <span class='ocrx_word' id='word_1_445' title='bbox 1821 613 1885 646; x_wconf 75' lang='lat' dir='ltr'>effe</span> <span class='ocrx_word' id='word_1_446' title='bbox 1902 610 2028 648; x_wconf 77' lang='lat' dir='ltr'>Filium</span> <span class='ocrx_word' id='word_1_447' title='bbox 2050 613 2139 648; x_wconf 89' lang='lat' dir='ltr'>Dei.</span> 
     </span>
    </p>
   </div>
   <div class='ocr_carea' id='block_1_23' title="bbox 1245 706 2141 1157">
    <p class='ocr_par' dir='ltr' id='par_1_24' title="bbox 1245 706 2141 1157">
     <span class='ocr_line' id='line_1_72' title="bbox 1247 706 2139 755; baseline 0.002 -11.007"><span class='ocrx_word' id='word_1_448' title='bbox 1247 706 1414 752; x_wconf 84' lang='lat' dir='ltr'>Photi-ni‚</span> <span class='ocrx_word' id='word_1_449' title='bbox 1439 723 1479 746; x_wconf 86' lang='lat' dir='ltr'>ac</span> <span class='ocrx_word' id='word_1_450' title='bbox 1492 711 1587 745; x_wconf 85' lang='lat' dir='ltr'>Pauli</span> <span class='ocrx_word' id='word_1_451' title='bbox 1597 712 1826 751; x_wconf 86' lang='lat' dir='ltr'>Samosateni‚</span> <span class='ocrx_word' id='word_1_452' title='bbox 1854 710 2033 745; x_wconf 85' lang='lat' dir='ltr'>Manichaei</span> <span class='ocrx_word' id='word_1_453' title='bbox 2059 722 2139 755; x_wconf 87' lang='lat' dir='ltr'>quo-</span> 
     </span>
     <span class='ocr_line' id='line_1_73' title="bbox 1250 758 2138 803; baseline 0.003 -10"><span class='ocrx_word' id='word_1_454' title='bbox 1250 758 1314 802; x_wconf 80' lang='lat' dir='ltr'>que</span> <span class='ocrx_word' id='word_1_455' title='bbox 1323 769 1334 801; x_wconf 78' lang='lat'>,·</span> <span class='ocrx_word' id='word_1_456' title='bbox 1361 758 1456 803; x_wconf 76' lang='lat' dir='ltr'>atque</span> <span class='ocrx_word' id='word_1_457' title='bbox 1480 761 1675 803; x_wconf 86' lang='lat' dir='ltr'>Valentini,</span> <span class='ocrx_word' id='word_1_458' title='bbox 1700 763 1733 796; x_wconf 86' lang='lat'>&amp;</span> <span class='ocrx_word' id='word_1_459' title='bbox 1751 761 1954 798; x_wconf 81' lang='lat' dir='ltr'>Marcionis.</span> <span class='ocrx_word' id='word_1_460' title='bbox 1982 762 2027 796; x_wconf 91' lang='lat' dir='ltr'>Et</span> <span class='ocrx_word' id='word_1_461' title='bbox 2050 774 2138 796; x_wconf 80' lang='lat' dir='ltr'>con·-</span> 
     </span>
     <span class='ocr_line' id='line_1_74' title="bbox 1251 809 2136 856; baseline 0.002 -12"><span class='ocrx_word' id='word_1_462' title='bbox 1251 820 1299 844; x_wconf 89' lang='lat' dir='ltr'>tra</span> <span class='ocrx_word' id='word_1_463' title='bbox 1320 809 1456 845; x_wconf 85' lang='lat' dir='ltr'>ornnem</span> <span class='ocrx_word' id='word_1_464' title='bbox 1477 811 1630 846; x_wconf 89' lang='lat' dir='ltr'>videlicet</span> <span class='ocrx_word' id='word_1_465' title='bbox 1643 811 1802 853; x_wconf 84' lang='lat' dir='ltr'>haerefim,</span> <span class='ocrx_word' id='word_1_466' title='bbox 1827 821 2039 856; x_wconf 83' lang='lat' dir='ltr'>quaecutnque</span> <span class='ocrx_word' id='word_1_467' title='bbox 2050 823 2136 846; x_wconf 87' lang='lat' dir='ltr'>con-</span> 
     </span>
     <span class='ocr_line' id='line_1_75' title="bbox 1251 860 2136 910; baseline 0.001 -16"><span class='ocrx_word' id='word_1_468' title='bbox 1251 871 1299 895; x_wconf 89' lang='lat' dir='ltr'>tra</span> <span class='ocrx_word' id='word_1_469' title='bbox 1312 860 1522 898; x_wconf 73' lang='lat' dir='ltr'>catholicam</span> <span class='ocrx_word' id='word_1_470' title='bbox 1546 862 1580 898; x_wconf 68' lang='lat'>3:</span> <span class='ocrx_word' id='word_1_471' title='bbox 1601 862 1832 906; x_wconf 84' lang='lat' dir='ltr'>Apostolicam</span> <span class='ocrx_word' id='word_1_472' title='bbox 1854 863 2010 896; x_wconf 87' lang='lat' dir='ltr'>surrexit.</span> <span class='ocrx_word' id='word_1_473' title='bbox 2038 863 2136 910; x_wconf 75' lang='lat' dir='ltr'>Qus</span> 
     </span>
     <span class='ocr_line' id='line_1_76' title="bbox 1249 910 2141 947; baseline 0 -2"><span class='ocrx_word' id='word_1_474' title='bbox 1249 910 1555 947; x_wconf 78' lang='lat' dir='ltr'>condemnaverunt</span> <span class='ocrx_word' id='word_1_475' title='bbox 1566 911 1704 946; x_wconf 77' lang='lat' dir='ltr'>trecenti</span> <span class='ocrx_word' id='word_1_476' title='bbox 1716 912 1828 946; x_wconf 86' lang='lat' dir='ltr'>decem</span> <span class='ocrx_word' id='word_1_477' title='bbox 1854 913 1890 946; x_wconf 74' lang='grc' dir='ltr'>δε</span> <span class='ocrx_word' id='word_1_478' title='bbox 1911 914 1987 946; x_wconf 75' lang='lat' dir='ltr'>osto</span> <span class='ocrx_word' id='word_1_479' title='bbox 2010 912 2044 945; x_wconf 86' lang='lat' dir='ltr'>in</span> <span class='ocrx_word' id='word_1_480' title='bbox 2061 910 2141 946; x_wconf 85' lang='lat' dir='ltr'>-Ni-</span> 
     </span>
     <span class='ocr_line' id='line_1_77' title="bbox 1249 961 2135 1005; baseline 0 -10"><span class='ocrx_word' id='word_1_481' title='bbox 1249 972 1335 998; x_wconf 78' lang='lat' dir='ltr'>caena</span> <span class='ocrx_word' id='word_1_482' title='bbox 1354 962 1498 997; x_wconf 89' lang='lat' dir='ltr'>Civitate</span> <span class='ocrx_word' id='word_1_483' title='bbox 1511 962 1642 998; x_wconf 72' lang='lat' dir='ltr'>coliesti</span> <span class='ocrx_word' id='word_1_484' title='bbox 1655 987 1664 998; x_wconf 74' lang='grc'>,.</span> <span class='ocrx_word' id='word_1_485' title='bbox 1689 961 1729 999; x_wconf 85' lang='lat' dir='ltr'>In</span> <span class='ocrx_word' id='word_1_486' title='bbox 1753 961 1815 996; x_wconf 88' lang='lat' dir='ltr'>hac</span> <span class='ocrx_word' id='word_1_487' title='bbox 1828 973 1888 997; x_wconf 85' lang='lat' dir='ltr'>nos</span> <span class='ocrx_word' id='word_1_488' title='bbox 1912 961 1988 996; x_wconf 86' lang='lat' dir='ltr'>fidei</span> <span class='ocrx_word' id='word_1_489' title='bbox 2001 961 2135 1005; x_wconf 81' lang='lat' dir='ltr'>exposi-</span> 
     </span>
     <span class='ocr_line' id='line_1_78' title="bbox 1248 1011 2136 1057; baseline 0.001 -12"><span class='ocrx_word' id='word_1_490' title='bbox 1248 1013 1340 1047; x_wconf 86' lang='lat' dir='ltr'>tione</span> <span class='ocrx_word' id='word_1_491' title='bbox 1360 1013 1500 1047; x_wconf 70' lang='lat' dir='ltr'>univ‘er&#39;fi</span> <span class='ocrx_word' id='word_1_492' title='bbox 1523 1013 1683 1057; x_wconf 66' lang='lat' dir='ltr'>perfruere</span> <span class='ocrx_word' id='word_1_493' title='bbox 1704 1013 1904 1048; x_wconf 86' lang='lat' dir='ltr'>confitemur</span> <span class='ocrx_word' id='word_1_494' title='bbox 1924 1024 1934 1046; x_wconf 89' lang='lat'>:</span> <span class='ocrx_word' id='word_1_495' title='bbox 1959 1011 2052 1045; x_wconf 87' lang='lat' dir='ltr'>Tam</span> <span class='ocrx_word' id='word_1_496' title='bbox 2072 1023 2136 1046; x_wconf 86' lang='lat' dir='ltr'>nos</span> 
     </span>
     <span class='ocr_line' id='line_1_79' title="bbox 1247 1061 2134 1108; baseline -0.002 -11"><span class='ocrx_word' id='word_1_497' title='bbox 1247 1063 1306 1105; x_wconf 86' lang='lat' dir='ltr'>qui</span> <span class='ocrx_word' id='word_1_498' title='bbox 1317 1065 1426 1101; x_wconf 80' lang='lat' dir='ltr'>snmus</span> <span class='ocrx_word' id='word_1_499' title='bbox 1450 1064 1491 1098; x_wconf 71' lang='lat' dir='ltr'>iri·</span> <span class='ocrx_word' id='word_1_500' title='bbox 1506 1062 1639 1108; x_wconf 81' lang='lat' dir='ltr'>Epheso</span> <span class='ocrx_word' id='word_1_501' title='bbox 1650 1062 1867 1107; x_wconf 85' lang='lat' dir='ltr'>congregati,</span> <span class='ocrx_word' id='word_1_502' title='bbox 1893 1071 1992 1104; x_wconf 82' lang='lat' dir='ltr'>quam</span> <span class='ocrx_word' id='word_1_503' title='bbox 2015 1061 2134 1106; x_wconf 86' lang='lat' dir='ltr'>reliqui</span> 
     </span>
     <span class='ocr_line' id='line_1_80' title="bbox 1245 1111 2134 1157; baseline -0.002 -10"><span class='ocrx_word' id='word_1_504' title='bbox 1245 1123 1378 1157; x_wconf 86' lang='lat' dir='ltr'>quoque</span> <span class='ocrx_word' id='word_1_505' title='bbox 1399 1114 1553 1149; x_wconf 79' lang='lat' dir='ltr'>Domino</span> <span class='ocrx_word' id='word_1_506' title='bbox 1572 1112 1758 1149; x_wconf 71' lang='lat' dir='ltr'>amiciffimi</span> <span class='ocrx_word' id='word_1_507' title='bbox 1771 1111 1924 1156; x_wconf 82' lang='lat' dir='ltr'>Episcopi</span> <span class='ocrx_word' id='word_1_508' title='bbox 1939 1135 1950 1152; x_wconf 91' lang='lat'>‚</span> <span class='ocrx_word' id='word_1_509' title='bbox 1977 1112 2036 1155; x_wconf 87' lang='lat' dir='ltr'>qui</span> <span class='ocrx_word' id='word_1_510' title='bbox 2057 1113 2134 1145; x_wconf 88' lang='lat' dir='ltr'>sunt</span> 
     </span>
    </p>
   </div>
   <div class='ocr_carea' id='block_1_24' title="bbox 1221 1157 2132 1207">
    <p class='ocr_par' dir='ltr' id='par_1_25' title="bbox 1221 1157 2132 1207">
     <span class='ocr_line' id='line_1_81' title="bbox 1221 1157 2132 1207; baseline 0.001 -12"><span class='ocrx_word' id='word_1_511' title='bbox 1221 1157 1224 1162; x_wconf 70' lang='grc'><strong>’</strong></span> <span class='ocrx_word' id='word_1_512' title='bbox 1246 1162 1280 1195; x_wconf 90' lang='lat' dir='ltr'>in</span> <span class='ocrx_word' id='word_1_513' title='bbox 1302 1162 1511 1207; x_wconf 84' lang='lat' dir='ltr'>Regionibus</span> <span class='ocrx_word' id='word_1_514' title='bbox 1521 1162 1656 1196; x_wconf 76' lang='lat' dir='ltr'>nostris.</span> <span class='ocrx_word' id='word_1_515' title='bbox 1679 1161 1878 1196; x_wconf 70' lang='lat' dir='ltr'>profitemur</span> <span class='ocrx_word' id='word_1_516' title='bbox 1888 1162 1989 1196; x_wconf 83' lang='lat' dir='ltr'>etiam</span> <span class='ocrx_word' id='word_1_517' title='bbox 2007 1161 2042 1195; x_wconf 90' lang='lat' dir='ltr'>in</span> <span class='ocrx_word' id='word_1_518' title='bbox 2053 1172 2132 1196; x_wconf 86' lang='lat' dir='ltr'>om-</span> 
     </span>
    </p>
   </div>
   <div class='ocr_carea' id='block_1_25' title="bbox 1233 1211 2132 1658">
    <p class='ocr_par' dir='ltr' id='par_1_26' title="bbox 1233 1211 2132 1658">
     <span class='ocr_line' id='line_1_82' title="bbox 1246 1211 2129 1257; baseline -0.003 -11"><span class='ocrx_word' id='word_1_519' title='bbox 1246 1211 1364 1252; x_wconf 88' lang='lat' dir='ltr'>nibus,</span> <span class='ocrx_word' id='word_1_520' title='bbox 1390 1213 1488 1256; x_wconf 69' lang='lat' dir='ltr'>quaea</span> <span class='ocrx_word' id='word_1_521' title='bbox 1501 1211 1594 1248; x_wconf 86' lang='lat' dir='ltr'>vobis</span> <span class='ocrx_word' id='word_1_522' title='bbox 1603 1211 1743 1257; x_wconf 85' lang='lat' dir='ltr'>gerenda</span> <span class='ocrx_word' id='word_1_523' title='bbox 1761 1212 1856 1251; x_wconf 88' lang='lat' dir='ltr'>sunt,</span> <span class='ocrx_word' id='word_1_524' title='bbox 1884 1213 2129 1255; x_wconf 79' lang='lat' dir='ltr'>permansuros.</span> 
     </span>
     <span class='ocr_line' id='line_1_83' title="bbox 1244 1260 2132 1306; baseline -0.005 -9"><span class='ocrx_word' id='word_1_525' title='bbox 1244 1262 1429 1300; x_wconf 83' lang='lat' dir='ltr'>obedimus</span> <span class='ocrx_word' id='word_1_526' title='bbox 1449 1274 1593 1306; x_wconf 88' lang='lat' dir='ltr'>namque</span> <span class='ocrx_word' id='word_1_527' title='bbox 1610 1261 1758 1306; x_wconf 86' lang='lat' dir='ltr'>Sapienti</span> <span class='ocrx_word' id='word_1_528' title='bbox 1792 1284 1803 1301; x_wconf 90' lang='lat'><strong>,</strong></span> <span class='ocrx_word' id='word_1_529' title='bbox 1827 1261 1887 1304; x_wconf 84' lang='lat' dir='ltr'>qui</span> <span class='ocrx_word' id='word_1_530' title='bbox 1910 1260 1999 1295; x_wconf 84' lang='lat' dir='ltr'>dixit</span> <span class='ocrx_word' id='word_1_531' title='bbox 2021 1272 2030 1293; x_wconf 78' lang='lat' dir='ltr'><em>z</em></span> <span class='ocrx_word' id='word_1_532' title='bbox 2056 1261 2132 1294; x_wconf 73' lang='lat' dir='ltr'>Noli</span> 
     </span>
     <span class='ocr_line' id='line_1_84' title="bbox 1241 1309 2127 1356; baseline -0.001 -11"><span class='ocrx_word' id='word_1_533' title='bbox 1241 1312 1412 1353; x_wconf 82' lang='lat' dir='ltr'>transferre</span> <span class='ocrx_word' id='word_1_534' title='bbox 1435 1319 1579 1347; x_wconf 75' lang='lat' dir='ltr'>terminos</span> <span class='ocrx_word' id='word_1_535' title='bbox 1598 1337 1610 1354; x_wconf 86' lang='lat'><em>‚</em></span> <span class='ocrx_word' id='word_1_536' title='bbox 1637 1323 1709 1356; x_wconf 82' lang='lat' dir='ltr'>quas</span> <span class='ocrx_word' id='word_1_537' title='bbox 1731 1309 1892 1355; x_wconf 85' lang='lat' dir='ltr'>posuerunt</span> <span class='ocrx_word' id='word_1_538' title='bbox 1920 1313 2032 1344; x_wconf 82' lang='lat' dir='ltr'>Patres</span> <span class='ocrx_word' id='word_1_539' title='bbox 2058 1314 2106 1344; x_wconf 68' lang='lat' dir='ltr'>tul</span> <span class='ocrx_word' id='word_1_540' title='bbox 2120 1336 2127 1343; x_wconf 96' lang='lat'>.</span> 
     </span>
     <span class='ocr_line' id='line_1_85' title="bbox 1242 1361 2129 1409; baseline -0.002 -12"><span class='ocrx_word' id='word_1_541' title='bbox 1242 1363 1406 1397; x_wconf 76' lang='lat' dir='ltr'>Haetetica</span> <span class='ocrx_word' id='word_1_542' title='bbox 1417 1365 1497 1403; x_wconf 68' lang='lat' dir='ltr'>vero</span> <span class='ocrx_word' id='word_1_543' title='bbox 1509 1362 1666 1409; x_wconf 75' lang='lat' dir='ltr'>Capitula</span> <span class='ocrx_word' id='word_1_544' title='bbox 1677 1386 1689 1402; x_wconf 86' lang='lat'><strong>,</strong></span> <span class='ocrx_word' id='word_1_545' title='bbox 1713 1361 1812 1406; x_wconf 61' lang='lat' dir='ltr'>quati</span> <span class='ocrx_word' id='word_1_546' title='bbox 1825 1361 1957 1406; x_wconf 75' lang='lat' dir='ltr'>Cyrillo</span> <span class='ocrx_word' id='word_1_547' title='bbox 1972 1362 2048 1395; x_wconf 88' lang='lat' dir='ltr'>sunt</span> <span class='ocrx_word' id='word_1_548' title='bbox 2066 1369 2129 1395; x_wconf 83' lang='lat' dir='ltr'>nu-</span> 
     </span>
     <span class='ocr_line' id='line_1_86' title="bbox 1241 1409 2130 1456; baseline -0.004 -9"><span class='ocrx_word' id='word_1_549' title='bbox 1241 1424 1295 1456; x_wconf 87' lang='lat' dir='ltr'>per</span> <span class='ocrx_word' id='word_1_550' title='bbox 1307 1412 1475 1456; x_wconf 78' lang='lat' dir='ltr'>expofita,</span> <span class='ocrx_word' id='word_1_551' title='bbox 1503 1411 1624 1455; x_wconf 81' lang='lat' dir='ltr'>quibus</span> <span class='ocrx_word' id='word_1_552' title='bbox 1649 1409 2003 1446; x_wconf 74' lang='lat' dir='ltr'>&amp;Anathemarismos</span> <span class='ocrx_word' id='word_1_553' title='bbox 2025 1411 2130 1453; x_wconf 80' lang='lat' dir='ltr'>super-</span> 
     </span>
     <span class='ocr_line' id='line_1_87' title="bbox 1239 1457 2131 1505; baseline -0.004 -7"><span class='ocrx_word' id='word_1_554' title='bbox 1239 1463 1325 1498; x_wconf 86' lang='lat' dir='ltr'>fluos</span> <span class='ocrx_word' id='word_1_555' title='bbox 1338 1459 1471 1505; x_wconf 70' lang='lat' dir='ltr'>subjecit</span> <span class='ocrx_word' id='word_1_556' title='bbox 1496 1473 1535 1496; x_wconf 82' lang='lat' dir='ltr'>ac</span> <span class='ocrx_word' id='word_1_557' title='bbox 1548 1457 1650 1495; x_wconf 82' lang='lat' dir='ltr'>van&#39;os</span> <span class='ocrx_word' id='word_1_558' title='bbox 1658 1457 1681 1502; x_wconf 87' lang='lat'>‚&#39;</span> <span class='ocrx_word' id='word_1_559' title='bbox 1697 1470 1834 1504; x_wconf 65' lang='lat' dir='ltr'>quaeque</span> <span class='ocrx_word' id='word_1_560' title='bbox 1845 1458 1946 1494; x_wconf 87' lang='lat' dir='ltr'>etiam</span> <span class='ocrx_word' id='word_1_561' title='bbox 1957 1459 2050 1494; x_wconf 79' lang='lat' dir='ltr'>vario</span> <span class='ocrx_word' id='word_1_562' title='bbox 2063 1459 2131 1494; x_wconf 75' lang='lat' dir='ltr'>De-</span> 
     </span>
     <span class='ocr_line' id='line_1_88' title="bbox 1237 1509 2128 1555; baseline -0.004 -7"><span class='ocrx_word' id='word_1_563' title='bbox 1237 1523 1330 1548; x_wconf 87' lang='lat' dir='ltr'>creto</span> <span class='ocrx_word' id='word_1_564' title='bbox 1368 1523 1406 1547; x_wconf 87' lang='lat' dir='ltr'>ac</span> <span class='ocrx_word' id='word_1_565' title='bbox 1426 1510 1661 1555; x_wconf 81' lang='lat' dir='ltr'>subscriptione</span> <span class='ocrx_word' id='word_1_566' title='bbox 1680 1534 1682 1537; x_wconf 87' lang='lat'><em>-</em></span> <span class='ocrx_word' id='word_1_567' title='bbox 1697 1509 1935 1552; x_wconf 85' lang='lat' dir='ltr'>Episcoporum</span> <span class='ocrx_word' id='word_1_568' title='bbox 1973 1509 2128 1544; x_wconf 74' lang='lat' dir='ltr'>roborare</span> 
     </span>
     <span class='ocr_line' id='line_1_89' title="bbox 1237 1557 2128 1605; baseline -0.004 -7"><span class='ocrx_word' id='word_1_569' title='bbox 1237 1566 1377 1599; x_wconf 84' lang='lat' dir='ltr'>tentavit</span> <span class='ocrx_word' id='word_1_570' title='bbox 1395 1576 1407 1596; x_wconf 84' lang='lat'>.·</span> <span class='ocrx_word' id='word_1_571' title='bbox 1433 1563 1517 1596; x_wconf 83' lang='lat' dir='ltr'>Haec</span> <span class='ocrx_word' id='word_1_572' title='bbox 1527 1561 1640 1605; x_wconf 89' lang='lat' dir='ltr'>itaque</span> <span class='ocrx_word' id='word_1_573' title='bbox 1652 1558 1775 1595; x_wconf 84' lang='lat' dir='ltr'>alienat</span> <span class='ocrx_word' id='word_1_574' title='bbox 1794 1558 1836 1596; x_wconf 89' lang='lat' dir='ltr'>ab</span> <span class='ocrx_word' id='word_1_575' title='bbox 1850 1557 2041 1594; x_wconf 75' lang='lat' dir='ltr'>orthodoxa</span> <span class='ocrx_word' id='word_1_576' title='bbox 2061 1558 2128 1594; x_wconf 87' lang='lat' dir='ltr'>fide</span> 
     </span>
     <span class='ocr_line' id='line_1_90' title="bbox 1233 1608 2124 1658; baseline -0.007 -8"><span class='ocrx_word' id='word_1_577' title='bbox 1233 1608 1352 1650; x_wconf 60' lang='lat' dir='ltr'>saneta</span> <span class='ocrx_word' id='word_1_578' title='bbox 1364 1611 1519 1656; x_wconf 86' lang='lat' dir='ltr'>Synodus</span> <span class='ocrx_word' id='word_1_579' title='bbox 1529 1634 1540 1652; x_wconf 90' lang='lat'>‚</span> <span class='ocrx_word' id='word_1_580' title='bbox 1565 1622 1636 1658; x_wconf 77' lang='lat' dir='ltr'>quae</span> <span class='ocrx_word' id='word_1_581' title='bbox 1650 1608 1685 1644; x_wconf 86' lang='lat' dir='ltr'>in</span> <span class='ocrx_word' id='word_1_582' title='bbox 1696 1608 1832 1655; x_wconf 64' lang='lat' dir='ltr'>&gt;Epheso</span> <span class='ocrx_word' id='word_1_583' title='bbox 1842 1618 2045 1655; x_wconf 79' lang='lat' dir='ltr'>congregata</span> <span class='ocrx_word' id='word_1_584' title='bbox 2054 1609 2103 1644; x_wconf 81' lang='lat' dir='ltr'>est</span> <span class='ocrx_word' id='word_1_585' title='bbox 2115 1635 2124 1644; x_wconf 94' lang='lat'>.</span> 
     </span>
    </p>
   </div>
   <div class='ocr_carea' id='block_1_26' title="bbox 1235 1732 2125 1855">
    <p class='ocr_par' dir='ltr' id='par_1_27' title="bbox 1235 1732 2125 1855">
     <span class='ocr_line' id='line_1_91' title="bbox 1235 1732 2125 1796; baseline -0.008 -10"><span class='ocrx_word' id='word_1_586' title='bbox 1235 1735 1436 1787; x_wconf 60' lang='lat' dir='ltr'>sandium</span> <span class='ocrx_word' id='word_1_587' title='bbox 1486 1736 1731 1784; x_wconf 86' lang='lat' dir='ltr'>Decretum</span> <span class='ocrx_word' id='word_1_588' title='bbox 1778 1734 1989 1782; x_wconf 65' lang='lat' dir='ltr'>Audtores</span> <span class='ocrx_word' id='word_1_589' title='bbox 2034 1732 2125 1796; x_wconf 85' lang='lat' dir='ltr'>ejus</span> 
     </span>
     <span class='ocr_line' id='line_1_92' title="bbox 1305 1800 2125 1855; baseline -0.005 -1"><span class='ocrx_word' id='word_1_590' title='bbox 1305 1803 1632 1855; x_wconf 85' lang='lat' dir='ltr'>Confeffionem</span> <span class='ocrx_word' id='word_1_591' title='bbox 1669 1800 1793 1851; x_wconf 86' lang='lat' dir='ltr'>Fidei</span> <span class='ocrx_word' id='word_1_592' title='bbox 1827 1815 2094 1852; x_wconf 87' lang='lat' dir='ltr'>vocaverunt</span> <span class='ocrx_word' id='word_1_593' title='bbox 2110 1836 2125 1850; x_wconf 84' lang='grc'><strong>.</strong></span> 
     </span>
    </p>
   </div>
   <div class='ocr_carea' id='block_1_27' title="bbox 1436 2017 1935 2062">
    <p class='ocr_par' dir='ltr' id='par_1_28' title="bbox 1436 2017 1935 2062">
     <span class='ocr_line' id='line_1_93' title="bbox 1436 2017 1935 2062; baseline -0.012 0"><span class='ocrx_word' id='word_1_594' title='bbox 1436 2017 1935 2062; x_wconf 70' lang='grc' dir='ltr'>ὃςΗοιιοΝ.</span> 
     </span>
    </p>
   </div>
   <div class='ocr_carea' id='block_1_28' title="bbox 1236 2157 2165 3402">
    <p class='ocr_par' dir='ltr' id='par_1_29' title="bbox 1236 2157 2165 3402">
     <span class='ocr_line' id='line_1_94' title="bbox 1331 2157 2141 2205; baseline -0.006 -7"><span class='ocrx_word' id='word_1_595' title='bbox 1331 2187 1338 2199; x_wconf 64' lang='lat'>2,</span> <span class='ocrx_word' id='word_1_596' title='bbox 1351 2161 1441 2205; x_wconf 73' lang='lat' dir='ltr'>Ujus</span> <span class='ocrx_word' id='word_1_597' title='bbox 1453 2161 1649 2196; x_wconf 85' lang='lat' dir='ltr'>Conventus</span> <span class='ocrx_word' id='word_1_598' title='bbox 1659 2183 1670 2200; x_wconf 91' lang='lat'>‚</span> <span class='ocrx_word' id='word_1_599' title='bbox 1693 2158 1830 2193; x_wconf 85' lang='lat' dir='ltr'>Decreti</span> <span class='ocrx_word' id='word_1_600' title='bbox 1843 2183 1855 2200; x_wconf 92' lang='lat'>‚</span> <span class='ocrx_word' id='word_1_601' title='bbox 1875 2159 1930 2193; x_wconf 83' lang='lat' dir='ltr'>seu</span> <span class='ocrx_word' id='word_1_602' title='bbox 1940 2157 2121 2194; x_wconf 81' lang='lat' dir='ltr'>Interiocu-</span> <span class='ocrx_word' id='word_1_603' title='bbox 2138 2197 2141 2199; x_wconf 41' lang='grc'><strong>,</strong></span> 
     </span>
     <span class='ocr_line' id='line_1_95' title="bbox 1297 2208 2125 2257; baseline -0.002 -11"><span class='ocrx_word' id='word_1_604' title='bbox 1297 2219 1310 2228; x_wconf 86' lang='grc'>··</span> <span class='ocrx_word' id='word_1_605' title='bbox 1348 2233 1350 2235; x_wconf 61' lang='lat'>&gt;</span> <span class='ocrx_word' id='word_1_606' title='bbox 1373 2213 1476 2247; x_wconf 89' lang='lat' dir='ltr'>tionis</span> <span class='ocrx_word' id='word_1_607' title='bbox 1497 2212 1648 2257; x_wconf 87' lang='lat' dir='ltr'>frequens</span> <span class='ocrx_word' id='word_1_608' title='bbox 1667 2210 1714 2244; x_wconf 88' lang='lat' dir='ltr'>est</span> <span class='ocrx_word' id='word_1_609' title='bbox 1727 2209 1888 2244; x_wconf 82' lang='lat' dir='ltr'>memoria</span> <span class='ocrx_word' id='word_1_610' title='bbox 1908 2209 1942 2243; x_wconf 90' lang='lat' dir='ltr'>in</span> <span class='ocrx_word' id='word_1_611' title='bbox 1957 2208 2050 2244; x_wconf 60' lang='lat' dir='ltr'>Astis</span> <span class='ocrx_word' id='word_1_612' title='bbox 2063 2211 2125 2252; x_wconf 90' lang='lat' dir='ltr'>Sy-</span> 
     </span>
     <span class='ocr_line' id='line_1_96' title="bbox 1240 2257 2125 2306; baseline -0.006 -9"><span class='ocrx_word' id='word_1_613' title='bbox 1240 2263 1433 2306; x_wconf 83' lang='lat' dir='ltr'>nodalibus.</span> <span class='ocrx_word' id='word_1_614' title='bbox 1461 2263 1501 2296; x_wconf 85' lang='lat' dir='ltr'>In</span> <span class='ocrx_word' id='word_1_615' title='bbox 1515 2263 1654 2303; x_wconf 82' lang='lat' dir='ltr'>litteris,</span> <span class='ocrx_word' id='word_1_616' title='bbox 1681 2270 1760 2304; x_wconf 91' lang='lat' dir='ltr'>quas</span> <span class='ocrx_word' id='word_1_617' title='bbox 1783 2259 1925 2304; x_wconf 82' lang='lat' dir='ltr'>Ioannes</span> <span class='ocrx_word' id='word_1_618' title='bbox 1941 2257 2125 2293; x_wconf 78' lang='lat' dir='ltr'>Antioche-</span> 
     </span>
     <span class='ocr_line' id='line_1_97' title="bbox 1241 2307 2124 2353; baseline -0.003 -7"><span class='ocrx_word' id='word_1_619' title='bbox 1241 2324 1302 2347; x_wconf 88' lang='lat' dir='ltr'>nus</span> <span class='ocrx_word' id='word_1_620' title='bbox 1322 2338 1332 2353; x_wconf 95' lang='lat'>,</span> <span class='ocrx_word' id='word_1_621' title='bbox 1361 2314 1533 2348; x_wconf 70' lang='lat' dir='ltr'>Himerius</span> <span class='ocrx_word' id='word_1_622' title='bbox 1559 2308 1827 2346; x_wconf 83' lang='lat' dir='ltr'>Nicomedienfis</span> <span class='ocrx_word' id='word_1_623' title='bbox 1850 2335 1858 2349; x_wconf 87' lang='lat'><strong><em>‚</em></strong></span> <span class='ocrx_word' id='word_1_624' title='bbox 1886 2307 2124 2344; x_wconf 87' lang='lat' dir='ltr'>Theodoretus</span> 
     </span>
     <span class='ocr_line' id='line_1_98' title="bbox 1240 2358 2124 2406; baseline -0.005 -10"><span class='ocrx_word' id='word_1_625' title='bbox 1240 2363 1391 2406; x_wconf 82' lang='lat' dir='ltr'>Cyrenfis</span> <span class='ocrx_word' id='word_1_626' title='bbox 1403 2386 1414 2402; x_wconf 93' lang='lat'>‚</span> <span class='ocrx_word' id='word_1_627' title='bbox 1438 2363 1471 2396; x_wconf 76' lang='grc' dir='ltr'>δε</span> <span class='ocrx_word' id='word_1_628' title='bbox 1484 2363 1626 2406; x_wconf 83' lang='lat' dir='ltr'>ipsorum</span> <span class='ocrx_word' id='word_1_629' title='bbox 1639 2361 1786 2404; x_wconf 86' lang='lat' dir='ltr'>Collegae</span> <span class='ocrx_word' id='word_1_630' title='bbox 1799 2358 1988 2403; x_wconf 84' lang='lat' dir='ltr'>scripserunt</span> <span class='ocrx_word' id='word_1_631' title='bbox 2000 2358 2042 2392; x_wconf 86' lang='lat' dir='ltr'>ad</span> <span class='ocrx_word' id='word_1_632' title='bbox 2054 2358 2124 2393; x_wconf 86' lang='lat' dir='ltr'>Ru-</span> 
     </span>
     <span class='ocr_line' id='line_1_99' title="bbox 1239 2409 2122 2456; baseline -0.007 -9"><span class='ocrx_word' id='word_1_633' title='bbox 1239 2413 1311 2447; x_wconf 89' lang='lat' dir='ltr'>fum</span> <span class='ocrx_word' id='word_1_634' title='bbox 1332 2412 1651 2456; x_wconf 85' lang='lat' dir='ltr'>Archi-Episcopum</span> <span class='ocrx_word' id='word_1_635' title='bbox 1675 2409 2027 2445; x_wconf 79' lang='lat' dir='ltr'>Thessalonicensem.-</span> <span class='ocrx_word' id='word_1_636' title='bbox 2052 2413 2122 2442; x_wconf 85' lang='lat' dir='ltr'>Nos</span> 
     </span>
     <span class='ocr_line' id='line_1_100' title="bbox 1240 2459 2125 2506; baseline -0.007 -10"><span class='ocrx_word' id='word_1_637' title='bbox 1240 2468 1274 2496; x_wconf 74' lang='lat' dir='ltr'>in</span> <span class='ocrx_word' id='word_1_638' title='bbox 1297 2462 1487 2506; x_wconf 78' lang='lat' dir='ltr'>dogmatibus</span> <span class='ocrx_word' id='word_1_639' title='bbox 1509 2464 1674 2495; x_wconf 84' lang='lat' dir='ltr'>Beatorum</span> <span class='ocrx_word' id='word_1_640' title='bbox 1695 2462 1827 2493; x_wconf 75' lang='lat' dir='ltr'>Parrum</span> <span class='ocrx_word' id='word_1_641' title='bbox 1850 2483 1862 2500; x_wconf 92' lang='lat'>,</span> <span class='ocrx_word' id='word_1_642' title='bbox 1888 2465 1940 2501; x_wconf 74' lang='lat' dir='ltr'>qut</span> <span class='ocrx_word' id='word_1_643' title='bbox 1959 2459 2046 2500; x_wconf 83' lang='lat' dir='ltr'>apud</span> <span class='ocrx_word' id='word_1_644' title='bbox 2063 2462 2125 2491; x_wconf 55' lang='lat' dir='ltr'>Na-</span> 
     </span>
     <span class='ocr_line' id='line_1_101' title="bbox 1240 2507 2124 2552; baseline -0.007 -6"><span class='ocrx_word' id='word_1_645' title='bbox 1240 2523 1334 2546; x_wconf 83' lang='lat' dir='ltr'>caeam</span> <span class='ocrx_word' id='word_1_646' title='bbox 1346 2519 1567 2552; x_wconf 81' lang='lat' dir='ltr'>convenerunt,</span> <span class='ocrx_word' id='word_1_647' title='bbox 1592 2507 1820 2552; x_wconf 63' lang='lat' dir='ltr'>perseveramus</span> <span class='ocrx_word' id='word_1_648' title='bbox 1838 2533 1849 2549; x_wconf 93' lang='lat'><strong>,</strong></span> <span class='ocrx_word' id='word_1_649' title='bbox 1870 2507 1989 2552; x_wconf 77' lang='lat' dir='ltr'>pitsque</span> <span class='ocrx_word' id='word_1_650' title='bbox 2008 2508 2124 2541; x_wconf 75' lang='lat' dir='ltr'>illorum</span> 
     </span>
     <span class='ocr_line' id='line_1_102' title="bbox 1241 2556 2126 2605; baseline -0.005 -10"><span class='ocrx_word' id='word_1_651' title='bbox 1241 2562 1373 2605; x_wconf 70' lang='lat' dir='ltr'>vestigiis</span> <span class='ocrx_word' id='word_1_652' title='bbox 1397 2559 1548 2602; x_wconf 78' lang='lat' dir='ltr'>infisttmus</span> <span class='ocrx_word' id='word_1_653' title='bbox 1569 2584 1577 2591; x_wconf 82' lang='lat'><strong>.</strong></span> <span class='ocrx_word' id='word_1_654' title='bbox 1602 2561 1708 2600; x_wconf 77' lang='lat' dir='ltr'>,Quam</span> <span class='ocrx_word' id='word_1_655' title='bbox 1734 2560 1880 2599; x_wconf 85' lang='lat' dir='ltr'>Regulam</span> <span class='ocrx_word' id='word_1_656' title='bbox 1907 2569 1959 2590; x_wconf 84' lang='lat' dir='ltr'>nos</span> <span class='ocrx_word' id='word_1_657' title='bbox 1983 2556 2126 2600; x_wconf 73' lang='lat' dir='ltr'>inconcus-</span> 
     </span>
     <span class='ocr_line' id='line_1_103' title="bbox 1236 2605 2122 2654; baseline -0.006 -11"><span class='ocrx_word' id='word_1_658' title='bbox 1236 2610 1307 2654; x_wconf 84' lang='lat' dir='ltr'>sam</span> <span class='ocrx_word' id='word_1_659' title='bbox 1332 2631 1343 2648; x_wconf 82' lang='grc'><strong>,</strong></span> <span class='ocrx_word' id='word_1_660' title='bbox 1369 2610 1569 2650; x_wconf 78' lang='lat' dir='ltr'>inflexamque</span> <span class='ocrx_word' id='word_1_661' title='bbox 1589 2611 1719 2640; x_wconf 80' lang='lat' dir='ltr'>retinere</span> <span class='ocrx_word' id='word_1_662' title='bbox 1737 2605 1890 2646; x_wconf 78' lang='lat' dir='ltr'>studemus</span> <span class='ocrx_word' id='word_1_663' title='bbox 1912 2617 2012 2638; x_wconf 87' lang='lat' dir='ltr'>omnes</span> <span class='ocrx_word' id='word_1_664' title='bbox 2032 2629 2044 2645; x_wconf 90' lang='lat'>‚</span> <span class='ocrx_word' id='word_1_665' title='bbox 2070 2611 2122 2647; x_wconf 78' lang='lat' dir='ltr'>qui</span> 
     </span>
     <span class='ocr_line' id='line_1_104' title="bbox 1240 2654 2119 2701; baseline -0.006 -9"><span class='ocrx_word' id='word_1_666' title='bbox 1240 2665 1273 2692; x_wconf 82' lang='lat' dir='ltr'>in</span> <span class='ocrx_word' id='word_1_667' title='bbox 1297 2663 1418 2692; x_wconf 80' lang='lat' dir='ltr'>Oriente</span> <span class='ocrx_word' id='word_1_668' title='bbox 1445 2657 1616 2690; x_wconf 84' lang='lat' dir='ltr'>habitamus</span> <span class='ocrx_word' id='word_1_669' title='bbox 1638 2681 1645 2689; x_wconf 88' lang='lat'><strong><em>.</em></strong></span> <span class='ocrx_word' id='word_1_670' title='bbox 1681 2656 1824 2688; x_wconf 60' lang='lat' dir='ltr'>Similiter</span> <span class='ocrx_word' id='word_1_671' title='bbox 1849 2661 1899 2701; x_wconf 77' lang='lat' dir='ltr'>qut</span> <span class='ocrx_word' id='word_1_672' title='bbox 1922 2654 2119 2695; x_wconf 75' lang='lat' dir='ltr'>Bithyniam,</span> 
     </span>
     <span class='ocr_line' id='line_1_105' title="bbox 1237 2703 2119 2753; baseline -0.006 -12"><span class='ocrx_word' id='word_1_673' title='bbox 1237 2710 1272 2742; x_wconf 64' lang='grc' dir='ltr'>Θ</span> <span class='ocrx_word' id='word_1_674' title='bbox 1286 2704 1524 2753; x_wconf 65' lang='lat' dir='ltr'>Paphlagonum</span> <span class='ocrx_word' id='word_1_675' title='bbox 1537 2730 1547 2745; x_wconf 94' lang='lat'><em>‚</em></span> <span class='ocrx_word' id='word_1_676' title='bbox 1577 2708 1611 2739; x_wconf 63' lang='lat'>(³5</span> <span class='ocrx_word' id='word_1_677' title='bbox 1632 2705 1857 2747; x_wconf 84' lang='lat' dir='ltr'>Cappadocram</span> <span class='ocrx_word' id='word_1_678' title='bbox 1874 2703 2055 2747; x_wconf 72' lang='lat' dir='ltr'>fteundam,</span> <span class='ocrx_word' id='word_1_679' title='bbox 2083 2707 2119 2740; x_wconf 66' lang='lat'>&amp;-</span> 
     </span>
     <span class='ocr_line' id='line_1_106' title="bbox 1239 2754 2118 2800; baseline -0.006 -8"><span class='ocrx_word' id='word_1_680' title='bbox 1239 2757 1397 2800; x_wconf 58' lang='lat' dir='ltr'>afiartam,</span> <span class='ocrx_word' id='word_1_681' title='bbox 1427 2759 1464 2791; x_wconf 60' lang='grc' dir='ltr'><em>θ</em></span> <span class='ocrx_word' id='word_1_682' title='bbox 1477 2756 1672 2798; x_wconf 82' lang='lat' dir='ltr'>Thessaliam,</span> <span class='ocrx_word' id='word_1_683' title='bbox 1699 2756 1734 2789; x_wconf 66' lang='grc' dir='ltr'>ὁ·</span> <span class='ocrx_word' id='word_1_684' title='bbox 1757 2754 1908 2797; x_wconf 83' lang='lat' dir='ltr'>Moefiam,</span> <span class='ocrx_word' id='word_1_685' title='bbox 1934 2754 2118 2796; x_wconf 84' lang='lat' dir='ltr'>Rhodopem-</span> 
     </span>
     <span class='ocr_line' id='line_1_107' title="bbox 1239 2803 2116 2851; baseline -0.005 -9"><span class='ocrx_word' id='word_1_686' title='bbox 1239 2819 1293 2851; x_wconf 82' lang='lat' dir='ltr'>que</span> <span class='ocrx_word' id='word_1_687' title='bbox 1315 2811 1444 2841; x_wconf 80' lang='lat' dir='ltr'>incolunt</span> <span class='ocrx_word' id='word_1_688' title='bbox 1467 2831 1478 2848; x_wconf 90' lang='lat'><strong>,</strong></span> <span class='ocrx_word' id='word_1_689' title='bbox 1514 2808 1547 2840; x_wconf 72' lang='lat'>(9¹</span> <span class='ocrx_word' id='word_1_690' title='bbox 1571 2805 1624 2839; x_wconf 77' lang='lat' dir='ltr'>alii</span> <span class='ocrx_word' id='word_1_691' title='bbox 1652 2816 1743 2848; x_wconf 83' lang='lat' dir='ltr'>quam</span> <span class='ocrx_word' id='word_1_692' title='bbox 1777 2807 1901 2847; x_wconf 72' lang='lat' dir='ltr'>plurimi</span> <span class='ocrx_word' id='word_1_693' title='bbox 1926 2803 2116 2849; x_wconf 77' lang='lat' dir='ltr'>diversarum</span> 
     </span>
     <span class='ocr_line' id='line_1_108' title="bbox 1239 2854 2116 2898; baseline -0.005 -6"><span class='ocrx_word' id='word_1_694' title='bbox 1239 2858 1467 2892; x_wconf 64' lang='lat' dir='ltr'>Prwrnctarum</span> <span class='ocrx_word' id='word_1_695' title='bbox 1481 2881 1488 2889; x_wconf 92' lang='lat'><strong>.</strong></span> <span class='ocrx_word' id='word_1_696' title='bbox 1514 2857 1556 2889; x_wconf 92' lang='lat' dir='ltr'>Et</span> <span class='ocrx_word' id='word_1_697' title='bbox 1569 2857 1651 2890; x_wconf 84' lang='lat' dir='ltr'>infra</span> <span class='ocrx_word' id='word_1_698' title='bbox 1667 2868 1675 2888; x_wconf 70' lang='grc' dir='ltr'>ι</span> <span class='ocrx_word' id='word_1_699' title='bbox 1702 2854 1833 2897; x_wconf 74' lang='lat' dir='ltr'>Misimus</span> <span class='ocrx_word' id='word_1_700' title='bbox 1844 2860 1936 2890; x_wconf 70' lang='lat' dir='ltr'>etIam</span> <span class='ocrx_word' id='word_1_701' title='bbox 1948 2855 2116 2898; x_wconf 77' lang='lat' dir='ltr'>exemplum</span> 
     </span>
     <span class='ocr_line' id='line_1_109' title="bbox 1237 2903 2115 2951; baseline -0.006 -9"><span class='ocrx_word' id='word_1_702' title='bbox 1237 2912 1344 2951; x_wconf 72' lang='lat' dir='ltr'>scripti</span> <span class='ocrx_word' id='word_1_703' title='bbox 1357 2932 1368 2948; x_wconf 95' lang='lat'><strong>,</strong></span> <span class='ocrx_word' id='word_1_704' title='bbox 1393 2909 1474 2950; x_wconf 84' lang='lat' dir='ltr'>quod</span> <span class='ocrx_word' id='word_1_705' title='bbox 1489 2907 1610 2947; x_wconf 81' lang='lat' dir='ltr'>Piiffimo</span> <span class='ocrx_word' id='word_1_706' title='bbox 1619 2910 1790 2948; x_wconf 73' lang='lat' dir='ltr'>Imperatori</span> <span class='ocrx_word' id='word_1_707' title='bbox 1801 2906 1892 2945; x_wconf 81' lang='lat' dir='ltr'>nostro</span> <span class='ocrx_word' id='word_1_708' title='bbox 1902 2903 2091 2939; x_wconf 73' lang='lat' dir='ltr'>exhibuimus</span> <span class='ocrx_word' id='word_1_709' title='bbox 2104 2931 2115 2947; x_wconf 88' lang='lat'><strong>,</strong></span> 
     </span>
     <span class='ocr_line' id='line_1_110' title="bbox 1237 2955 2114 3003; baseline -0.006 -11"><span class='ocrx_word' id='word_1_710' title='bbox 1237 2970 1294 3003; x_wconf 83' lang='lat' dir='ltr'>quo</span> <span class='ocrx_word' id='word_1_711' title='bbox 1305 2958 1477 2991; x_wconf 59' lang='lat' dir='ltr'>Sannorum</span> <span class='ocrx_word' id='word_1_712' title='bbox 1488 2961 1682 2990; x_wconf 77' lang='lat' dir='ltr'>Nicaenorum</span> <span class='ocrx_word' id='word_1_713' title='bbox 1694 2959 1821 2989; x_wconf 85' lang='lat' dir='ltr'>Patrum</span> <span class='ocrx_word' id='word_1_714' title='bbox 1834 2955 1913 2997; x_wconf 84' lang='lat' dir='ltr'>fides</span> <span class='ocrx_word' id='word_1_715' title='bbox 1925 2961 2089 2988; x_wconf 68' lang='lat' dir='ltr'>continetur</span> <span class='ocrx_word' id='word_1_716' title='bbox 2103 2980 2114 2996; x_wconf 90' lang='lat'>,</span> 
     </span>
     <span class='ocr_line' id='line_1_111' title="bbox 1236 3005 2115 3048; baseline -0.007 -4"><span class='ocrx_word' id='word_1_717' title='bbox 1236 3010 1271 3044; x_wconf 63' lang='grc' dir='ltr'><em>θ</em></span> <span class='ocrx_word' id='word_1_718' title='bbox 1283 3012 1429 3043; x_wconf 69' lang='lat' dir='ltr'>Haerenca</span> <span class='ocrx_word' id='word_1_719' title='bbox 1449 3007 1550 3047; x_wconf 73' lang='lat' dir='ltr'>Cyrilli</span> <span class='ocrx_word' id='word_1_720' title='bbox 1572 3011 1685 3048; x_wconf 75' lang='lat' dir='ltr'>Capita</span> <span class='ocrx_word' id='word_1_721' title='bbox 1707 3018 1807 3040; x_wconf 83' lang='lat' dir='ltr'>recens</span> <span class='ocrx_word' id='word_1_722' title='bbox 1819 3005 1943 3038; x_wconf 66' lang='lat' dir='ltr'>tnduela</span> <span class='ocrx_word' id='word_1_723' title='bbox 1955 3005 2115 3047; x_wconf 84' lang='lat' dir='ltr'>reproban-</span> 
     </span>
     <span class='ocr_line' id='line_1_112' title="bbox 1237 3054 2165 3100; baseline -0.006 -7"><span class='ocrx_word' id='word_1_724' title='bbox 1237 3068 1288 3093; x_wconf 81' lang='lat' dir='ltr'>tur</span> <span class='ocrx_word' id='word_1_725' title='bbox 1302 3084 1313 3100; x_wconf 88' lang='lat'>‚</span> <span class='ocrx_word' id='word_1_726' title='bbox 1339 3070 1374 3092; x_wconf 84' lang='lat' dir='ltr'>ea</span> <span class='ocrx_word' id='word_1_727' title='bbox 1397 3058 1479 3091; x_wconf 77' lang='lat' dir='ltr'>nobis</span> <span class='ocrx_word' id='word_1_728' title='bbox 1498 3057 1707 3098; x_wconf 81' lang='lat' dir='ltr'>judicantibus</span> <span class='ocrx_word' id='word_1_729' title='bbox 1726 3056 1765 3089; x_wconf 81' lang='lat' dir='ltr'>ab</span> <span class='ocrx_word' id='word_1_730' title='bbox 1778 3054 1954 3090; x_wconf 81' lang='lat' dir='ltr'>orthodoxa</span> <span class='ocrx_word' id='word_1_731' title='bbox 1971 3056 2034 3098; x_wconf 85' lang='lat' dir='ltr'>fide</span> <span class='ocrx_word' id='word_1_732' title='bbox 2044 3056 2113 3088; x_wconf 79' lang='lat' dir='ltr'>alie·</span> <span class='ocrx_word' id='word_1_733' title='bbox 2164 3070 2165 3075; x_wconf 66' lang='lat'><em>=</em></span> 
     </span>
     <span class='ocr_line' id='line_1_113' title="bbox 1237 3105 2112 3150; baseline -0.006 -7"><span class='ocrx_word' id='word_1_734' title='bbox 1237 3121 1297 3143; x_wconf 88' lang='lat' dir='ltr'>na.</span> <span class='ocrx_word' id='word_1_735' title='bbox 1325 3110 1368 3142; x_wconf 88' lang='lat' dir='ltr'>Et</span> <span class='ocrx_word' id='word_1_736' title='bbox 1390 3109 1424 3142; x_wconf 91' lang='lat' dir='ltr'>in</span> <span class='ocrx_word' id='word_1_737' title='bbox 1445 3107 1587 3142; x_wconf 88' lang='lat' dir='ltr'>secunda</span> <span class='ocrx_word' id='word_1_738' title='bbox 1611 3107 1849 3150; x_wconf 75' lang='lat' dir='ltr'>postulatione,</span> <span class='ocrx_word' id='word_1_739' title='bbox 1875 3117 1973 3149; x_wconf 87' lang='lat' dir='ltr'>quam</span> <span class='ocrx_word' id='word_1_740' title='bbox 1985 3105 2112 3139; x_wconf 73' lang='lat' dir='ltr'>Fastio-</span> 
     </span>
     <span class='ocr_line' id='line_1_114' title="bbox 1241 3155 2110 3203; baseline -0.005 -9"><span class='ocrx_word' id='word_1_741' title='bbox 1241 3161 1290 3194; x_wconf 90' lang='lat' dir='ltr'>nis</span> <span class='ocrx_word' id='word_1_742' title='bbox 1300 3159 1416 3203; x_wconf 85' lang='lat' dir='ltr'>Legati</span> <span class='ocrx_word' id='word_1_743' title='bbox 1431 3159 1449 3192; x_wconf 80' lang='lat' dir='ltr'>e</span> <span class='ocrx_word' id='word_1_744' title='bbox 1461 3157 1722 3191; x_wconf 84' lang='lat' dir='ltr'>Chalcedonenss</span> <span class='ocrx_word' id='word_1_745' title='bbox 1741 3158 1875 3191; x_wconf 88' lang='lat' dir='ltr'>civitate</span> <span class='ocrx_word' id='word_1_746' title='bbox 1897 3156 2055 3190; x_wconf 89' lang='lat' dir='ltr'>miserunt</span> <span class='ocrx_word' id='word_1_747' title='bbox 2068 3155 2110 3190; x_wconf 86' lang='lat' dir='ltr'>ad</span> 
     </span>
     <span class='ocr_line' id='line_1_115' title="bbox 1238 3206 2104 3252; baseline -0.005 -10"><span class='ocrx_word' id='word_1_748' title='bbox 1238 3210 1424 3252; x_wconf 87' lang='lat' dir='ltr'>Principem</span> <span class='ocrx_word' id='word_1_749' title='bbox 1451 3220 1458 3240; x_wconf 71' lang='grc' dir='ltr'>ι</span> <span class='ocrx_word' id='word_1_750' title='bbox 1497 3209 1632 3241; x_wconf 78' lang='lat' dir='ltr'>Advenit</span> <span class='ocrx_word' id='word_1_751' title='bbox 1668 3206 1784 3252; x_wconf 82' lang='lat' dir='ltr'>rursum</span> <span class='ocrx_word' id='word_1_752' title='bbox 1810 3206 2104 3251; x_wconf 74' lang='lat' dir='ltr'>Magnificentiffimus</span> 
     </span>
     <span class='ocr_line' id='line_1_116' title="bbox 1237 3258 2107 3304; baseline -0.005 -13"><span class='ocrx_word' id='word_1_753' title='bbox 1237 3258 1372 3304; x_wconf 58' lang='lat' dir='ltr'>Magister</span> <span class='ocrx_word' id='word_1_754' title='bbox 1389 3262 1532 3304; x_wconf 85' lang='lat' dir='ltr'>Joannes</span> <span class='ocrx_word' id='word_1_755' title='bbox 1547 3282 1558 3298; x_wconf 91' lang='lat'>,</span> <span class='ocrx_word' id='word_1_756' title='bbox 1583 3263 1637 3300; x_wconf 78' lang='lat' dir='ltr'>qui</span> <span class='ocrx_word' id='word_1_757' title='bbox 1652 3265 1722 3291; x_wconf 87' lang='lat' dir='ltr'>tunc</span> <span class='ocrx_word' id='word_1_758' title='bbox 1742 3262 1845 3291; x_wconf 85' lang='lat' dir='ltr'>Comes</span> <span class='ocrx_word' id='word_1_759' title='bbox 1856 3260 1982 3289; x_wconf 87' lang='lat' dir='ltr'>omnium</span> <span class='ocrx_word' id='word_1_760' title='bbox 1997 3258 2107 3298; x_wconf 83' lang='lat' dir='ltr'>Largi-</span> 
     </span>
     <span class='ocr_line' id='line_1_117' title="bbox 1236 3305 2113 3349; baseline -0.006 -6"><span class='ocrx_word' id='word_1_761' title='bbox 1236 3315 1368 3348; x_wconf 86' lang='lat' dir='ltr'>tionum,</span> <span class='ocrx_word' id='word_1_762' title='bbox 1393 3311 1470 3340; x_wconf 71' lang='lat' dir='ltr'>altas</span> <span class='ocrx_word' id='word_1_763' title='bbox 1481 3314 1587 3341; x_wconf 77' lang='lat' dir='ltr'>iterum</span> <span class='ocrx_word' id='word_1_764' title='bbox 1597 3307 1724 3349; x_wconf 65' lang='lat' dir='ltr'>afferens</span> <span class='ocrx_word' id='word_1_765' title='bbox 1751 3309 1890 3345; x_wconf 82' lang='lat' dir='ltr'>litteras,</span> <span class='ocrx_word' id='word_1_766' title='bbox 1909 3305 2113 3349; x_wconf 71' lang='lat' dir='ltr'>figniffitantes</span> 
     </span>
     <span class='ocr_line' id='line_1_118' title="bbox 1236 3355 2113 3402; baseline -0.003 -10"><span class='ocrx_word' id='word_1_767' title='bbox 1236 3361 1315 3402; x_wconf 85' lang='lat' dir='ltr'>quod</span> <span class='ocrx_word' id='word_1_768' title='bbox 1327 3361 1348 3391; x_wconf 76' lang='grc' dir='ltr'><em>ἃ</em></span> <span class='ocrx_word' id='word_1_769' title='bbox 1368 3357 1465 3398; x_wconf 83' lang='lat' dir='ltr'>vestra</span> <span class='ocrx_word' id='word_1_770' title='bbox 1477 3358 1631 3399; x_wconf 80' lang='lat' dir='ltr'>Majestate</span> <span class='ocrx_word' id='word_1_771' title='bbox 1653 3364 1744 3392; x_wconf 83' lang='lat' dir='ltr'>trium</span> <span class='ocrx_word' id='word_1_772' title='bbox 1769 3355 1960 3398; x_wconf 83' lang='lat' dir='ltr'>Depofitr&#39;ones</span> <span class='ocrx_word' id='word_1_773' title='bbox 1985 3357 2113 3389; x_wconf 82' lang='lat' dir='ltr'>decretae</span> 
     </span>
    </p>
   </div>
   <div class='ocr_carea' id='block_1_29' title="bbox 1231 3403 2114 3499">
    <p class='ocr_par' dir='ltr' id='par_1_30' title="bbox 1231 3403 2114 3499">
     <span class='ocr_line' id='line_1_119' title="bbox 1231 3403 2114 3491; baseline -0.006 -48"><span class='ocrx_word' id='word_1_774' title='bbox 1231 3408 1324 3453; x_wconf 84' lang='lat' dir='ltr'>sunt,</span> <span class='ocrx_word' id='word_1_775' title='bbox 1350 3409 1535 3452; x_wconf 85' lang='lat' dir='ltr'>tollendaque</span> <span class='ocrx_word' id='word_1_776' title='bbox 1555 3410 1572 3444; x_wconf 64' lang='lat' dir='ltr'>e*</span> <span class='ocrx_word' id='word_1_777' title='bbox 1592 3411 1688 3443; x_wconf 73' lang='lat' dir='ltr'>medio</span> <span class='ocrx_word' id='word_1_778' title='bbox 1707 3406 1879 3450; x_wconf 82' lang='lat' dir='ltr'>offendicula</span> <span class='ocrx_word' id='word_1_779' title='bbox 1895 3405 2040 3491; x_wconf 56' lang='lat' dir='ltr'>sub5rta,</span> <span class='ocrx_word' id='word_1_780' title='bbox 2063 3403 2114 3447; x_wconf 73' lang='lat' dir='ltr'>fia-</span> 
     </span>
     <span class='ocr_line' id='line_1_120' title="bbox 1961 3466 2063 3499; baseline -0.02 -9"><span class='ocrx_word' id='word_1_781' title='bbox 1961 3466 2063 3499; x_wconf 84' lang='lat' dir='ltr'>amque</span> 
     </span>
    </p>
   </div>
   <div class='ocr_carea' id='block_1_30' title="bbox 2155 1255 2293 1283">
    <p class='ocr_par' dir='ltr' id='par_1_31' title="bbox 2155 1255 2293 1283">
     <span class='ocr_line' id='line_1_121' title="bbox 2155 1255 2293 1283; baseline 0 0"><span class='ocrx_word' id='word_1_782' title='bbox 2155 1255 2236 1283; x_wconf 77' lang='lat' dir='ltr'>Prov.</span> <span class='ocrx_word' id='word_1_783' title='bbox 2244 1261 2293 1283; x_wconf 70' lang='grc' dir='ltr'>υ.</span> 
     </span>
    </p>
   </div>
  </div>
 </body>
</html>
