2320 3730
598 197 906 254 Scuorus,
945 209 1004 239 ετ
1048 193 1234 239 Norrs
1277 205 1660 241 utusruarffi.

217 288 366 320 matum,
389 277 424 312 ὃς
444 276 486 311 de
507 276 630 321 Cyrilli
650 278 815 322 Capitulis
832 277 1018 314 communis
1031 286 1099 318 pro-

218 338 391 375 poneretur
415 327 590 363 Tractatus
607 338 705 373 atque
716 329 927 366 Concilium.
957 327 1000 360 Et
1011 326 1098 371 quod

217 378 371 416 omnibus
403 377 569 422 placuisset
589 402 601 419 ,
628 390 694 420 una
720 379 880 414 sententia
901 379 1097 412 firmaretur..

217 432 271 466 De
281 440 322 463 eo
333 428 409 462 verti
423 453 433 468 ‚
445 430 502 473 qui
513 430 722 472 tyrannidem
732 430 775 463 sic
788 428 896 473 aperte
906 427 1077 471 pertulerat
1091 450 1102 467 ,

213 479 376 524 judicium
396 491 492 514 verax
514 480 606 514 fieret
615 489 713 523 atque
734 479 941 524 legitimum,
971 488 1007 510 ut
1027 488 1101 510 con·

214 530 319 565 vitius
340 529 472 575 quidem
495 528 537 564 de
556 530 768 574 corruptione
779 527 923 565 veritatis
941 526 1103 569 adjudica-

215 579 344 616 tionem
367 579 511 614 consone
531 579 699 614 sustineret
715 579 757 613 ab
776 578 953 620 omnibus3
979 577 1000 610 si
1024 575 1101 610 vero

214 640 259 664 ex
280 640 355 665 toto
376 630 535 664 innoxius
547 630 756 673 probaretur,
783 629 818 663 in
838 628 965 671 Scripto
975 625 1103 661 abdica-

214 690 266 715 ret
288 681 346 716 illa
370 679 568 721 nobiscum,
594 690 803 724 quaecumque
828 678 1013 723 incongrua
1034 677 1103 721 qui·

213 730 292 766 dam
303 730 357 764 vel
369 741 410 763 ex
422 730 488 773 ejus
499 731 633 774 persona
642 754 654 771 ,
679 729 733 764 vel
744 740 785 763 ex
795 729 934 766 aliorum
946 727 1101 766 nomine,

213 790 258 816 ex
281 781 465 824 suspicione
486 790 541 814 aut
552 779 978 823 accusationejaeiaverant.

264 831 329 865 Sed
350 829 409 864 ista
431 828 562 874 quidem
583 829 795 874 displicebant
815 828 888 871 his,
915 829 971 873 qui
984 840 1024 863 ex
1037 826 1102 859 sola

215 880 408 915 austeritate
428 879 600 915 devincere
614 905 625 921 ,
652 892 720 915 non
743 890 854 915 autem
880 880 934 916 vel
951 877 1102 917 suadere,

214 929 269 963 vel
280 930 405 967 suaderi
428 929 599 964 volebant.
629 929 866 974 Praecipiebant
881 926 959 963 ver‘o
977 927 1102 961 univer-

214 979 277 1021 sis,
303 989 341 1014 ut
351 979 484 1024 abrupte
494 979 823 1019 anathematizarent,
847 976 1102 1015 &damnationi

213 1029 448 1063 subscriberent
469 1054 477 1064 .
503 1029 718 1075 Qicumque
739 1038 850 1063 autem
872 1029 904 1064 se
931 1028 1103 1072 integriori

213 1077 445 1113 deliberationi
472 1078 640 1119 servasset,
666 1078 907 1119 damnabatur,
935 1077 1103 1114 ordinaba-

212 1137 267 1161 tut
277 1126 319 1161 ab
329 1127 397 1168 eis,
422 1126 852 1172 subjiciebaturcalumniis‚
877 1128 970 1163 malae
988 1128 1103 1163 dostri-

211 1188 264 1211 nae
283 1177 480 1214 vocabatur.
509 1178 758 1214 Ordinabantur
775 1190 834 1222 pro
848 1178 967 1213 talibus
988 1179 1103 1219 alteri,

213 1227 292 1271 quia
304 1228 490 1262 consentire
501 1227 660 1263 nolebant
672 1243 683 1262 .·
710 1227 860 1265 Laudare
871 1230 1005 1273 quidem
1016 1230 1103 1265 dam-

212 1278 352 1313 natione
374 1278 476 1322 digna
513 1278 669 1322 Capitula
690 1304 701 1320 ,
727 1279 882 1316 damnare
908 1278 985 1314 verti
1005 1290 1104 1321 eum,

212 1328 270 1371 qui
283 1353 294 1369 ,
321 1338 480 1372 quantum
492 1340 555 1363 nos
565 1330 687 1364 conscii
699 1330 808 1364 sumus
820 1354 831 1371 ,
857 1328 941 1363 nihil
952 1329 1041 1364 aliud
1056 1330 1104 1364 di-

212 1379 266 1413 xit
287 1378 346 1413 nisi
357 1389 416 1418 ea,
441 1379 540 1420 quaea
553 1380 675 1415 Sanstis
686 1379 881 1423 Prophetis,
912 1380 1103 1426 &Evange-

213 1427 317 1468 listis,
344 1428 378 1463 &
400 1428 572 1471 Apostolis
596 1440 651 1470 per
668 1430 824 1474 Spiritum
837 1431 990 1465 Sanctum
1003 1430 1103 1464 mani·

213 1476 293 1512 feste
316 1477 390 1512 sunt
410 1477 543 1512 tradita.
573 1477 743 1513 Volebant
764 1480 856 1515 enim
877 1480 911 1513 ὅτ.
924 1480 1105 1524 Apostolos

214 1527 383 1563 criminari
402 1550 414 1567 ‚
437 1526 516 1562 dum
550 1529 742 1572 supervacue
772 1529 964 1571 adjudicant
984 1530 1080 1563 illum
1094 1554 1105 1570 ,

213 1577 273 1622 qui
285 1588 343 1616 ea,
368 1588 436 1621 quae
457 1578 601 1620 ipsorum
622 1578 718 1618 sunt,
744 1578 956 1621 praedicabat.
983 1578 1105 1613 Talem

212 1627 402 1670 namque&
415 1636 550 1669 eorum,
572 1636 642 1668 quae
663 1626 821 1663 dicuntur
835 1652 846 1668 ,
870 1628 1049 1664 Gestorum
1064 1630 1106 1663 fe·

213 1686 331 1712 cerunt
352 1675 537 1718 astionem,
564 1685 600 1710 ut
621 1677 847 1712 inconsona&
861 1679 984 1716 incerta
997 1680 1106 1715 adver-

213 1726 270 1763 sus
290 1726 386 1761 illum
402 1727 511 1761 virum
531 1727 734 1770 proferrent,
760 1728 795 1765 δε
817 1728 1009 1773 plerumque
1033 1730 1106 1765 irre-

213 1774 446 1822 prehensibilia
476 1775 747 1821 reprehenderent
766 1803 775 1810 .
802 1782 866 1811 Cur
886 1804 897 1820 ‚
926 1779 1106 1823 inquiunt,

217 1826 377 1868 Nestorius
399 1828 499 1867 dixit,
526 1828 607 1871 quod
623 1828 709 1869 pafflo
721 1839 776 1861 non
790 1831 942 1862 Deitatem
953 1853 964 1869 ‚
986 1828 1107 1874 sedhu-

215 1881 396 1911 manitatem
418 1876 531 1916 Christi
552 1878 711 1922 attigerit?
738 1877 906 1913 Interdum
930 1880 1008 1913 vero
1028 1879 1106 1913 falsa

208 1926 416 1966 scriberent,
442 1926 600 1969 ponendo
620 1926 710 1972 quod
733 1928 775 1961 ab
794 1928 865 1971 ipso
876 1929 961 1964 dista
975 1930 1106 1965 fuissent

215 1977 337 2018 verba,
362 1988 432 2020 quae
454 1988 515 2010 nec
537 1977 736 2021 quicumque
758 1977 941 2013 infidelium
964 2003 975 2019 ‚
1000 1978 1107 2013 imm&

214 2038 279 2062 nec
299 2027 474 2072 agrestium
500 2027 699 2060 Daemonum
722 2026 829 2061 dicere
852 2030 1106 2072 praesumpsisset.

213 2075 254 2110 Id
277 2077 323 2110 est
344 2101 356 2117 ‚
383 2076 473 2117 quod
497 2076 648 2109 Christus
669 2077 746 2108 esset
771 2075 895 2110 Christi
917 2077 1105 2118 Dominus,

212 2127 295 2161 ‘sicut
317 2125 415 2167 Saul,
441 2124 523 2158 ficut
543 2124 653 2160 David
668 2149 679 2165 ,
705 2125 785 2159 sicut
810 2126 954 2160 infidelis
974 2126 1107 2171 Cyrus:

213 2176 254 2212 In
292 2175 410 2222 quibus
436 2175 533 2211 facile
558 2175 604 2211 est
641 2176 839 2211 convincere
865 2178 994 2211 volenti
1020 2179 1108 2214 calu-

214 2227 356 2263 mniam.

265 2276 315 2310 Ea
329 2273 408 2309 vero
420 2299 431 2315 ‚
457 2285 527 2319 quae
540 2273 581 2308 de
595 2272 812 2310 Antiocheno
825 2275 951 2317 Joanne
966 2276 1041 2310 sunt
1054 2287 1108 2320 ge-

214 2326 283 2367 sta,
310 2326 332 2359 fi
355 2326 432 2359 esset
456 2323 627 2368 poffibile,
655 2336 761 2360 tacere
774 2325 932 2359 velimus.
958 2326 1012 2360 Sic
1036 2327 1109 2360 irra-

215 2374 386 2410 tionabilis
407 2374 493 2417 apud
515 2386 577 2408 nos
590 2375 657 2418 ejus
667 2375 868 2410 mutabilitas
879 2377 960 2409 faeta
980 2376 1047 2417 est,
1074 2377 1108 2409 &

215 2424 388 2459 manifesta
399 2424 606 2467 transgressio
617 2448 627 2464 ‚
639 2425 674 2459 &
691 2425 836 2467 proditio
848 2425 991 2459 veritatis
1003 2450 1015 2466 ,
1036 2436 1108 2468 quae

217 2486 259 2509 ex
282 2473 463 2518 improviso
484 2474 650 2517 completa
670 2473 715 2507 est
740 2498 750 2514 ,
776 2474 840 2508 sive
864 2477 988 2518 peraeta
1012 2501 1019 2507 .
1047 2475 1107 2509 Ille

218 2524 331 2563 enim,
356 2524 434 2567 quia
457 2533 635 2566 antequam
658 2524 843 2558 veniremus
864 2525 904 2559 ad
917 2524 1105 2569 Ephesum,

217 2573 405 2608 haereticam
429 2572 661 2616 Capitulorum
682 2574 800 2614 reperit
818 2574 982 2614 fraudem,
1011 2576 1106 2619 pluri·

216 2623 280 2658 mis
293 2634 350 2667 per
359 2623 482 2657 litteras
494 2622 676 2655 indicavit.
704 2622 767 2657 Per
777 2626 915 2666 primam
935 2626 1106 2669 Cappado-

217 2673 323 2712 ciam,
350 2671 611 2716 secundamque,
637 2672 672 2707 &
693 2683 749 2716 per
762 2672 906 2707 diversos
926 2674 1018 2708 locos
1031 2700 1041 2716 ,
1067 2685 1103 2709 ut

217 2723 260 2758 ab
282 2723 330 2757 eis
351 2724 383 2756 se
403 2722 610 2756 observarent
625 2746 636 2762 ‚
661 2722 859 2764 admonuit,
887 2725 974 2768 quasi
991 2725 1105 2760 Euno-

218 2773 311 2814 mio,
337 2771 488 2811 &Ario,
517 2771 550 2806 ὅ(
574 2771 785 2815 Apollinario
796 2775 1030 2809 consonarent.
1059 2777 1103 2810 Et

218 2823 278 2865 qui
294 2821 389 2857 acute
414 2833 451 2856 ac
463 2820 586 2856 fervide
597 2821 632 2855 in
644 2820 764 2865 Cyrilli
774 2823 1021 2860 damnationem
1033 2837 1102 2869 pro·

217 2872 337 2912 fluvit,
363 2873 397 2907 ὃς
423 2870 531 2906 adhoc
553 2882 668 2906 omnes
691 2870 837 2909 hortatus
864 2875 910 2909 est
934 2890 944 2909 .·
970 2876 1103 2924 Qippe

217 2922 300 2958 adiit
326 2923 471 2966 &ipsam
483 2922 624 2967 Regiam
637 2922 827 2965 civitatem,
857 2934 892 2959 ut
905 2925 1103 2970 huicimpie-

218 2973 282 3007 tati
292 2972 444 3008 resisteret
454 2998 461 3005 .
489 2972 533 3007 Et
545 2973 632 3006 idem
644 2972 739 3007 nobis
750 2974 867 3018 scripsit
877 2975 986 3011 adhuc
997 2978 1024 3011 E
1029 2976 1102 3020 phe-

217 3022 244 3055 {i
256 3022 462 3064 constitutis,
489 3023 578 3067 prius
590 3021 722 3066 quidem
732 3023 865 3067 dicens,
891 3027 967 3071 quia
982 3028 1075 3061 illum
1093 3052 1103 3067 ,

219 3072 256 3106 id
282 3072 327 3106 est
344 3097 355 3113 ,
381 3072 573 3108 Nestorium
597 3073 771 3109 demissum
803 3079 1038 3121 cognoscentes
1061 3077 1102 3112 ab

219 3121 354 3166 Epheso
374 3147 386 3163 ,
413 3121 507 3157 valde
527 3122 704 3158 doluerunt
729 3126 847 3160 animae
873 3129 987 3162 nostrae
1014 3142 1024 3163 :
1051 3127 1102 3162 Εὸ

220 3172 311 3215 quod
324 3172 399 3214 illa,
427 3183 498 3217 quae
509 3172 713 3216 sinejudicio
738 3176 1101 3223 &iniquesuntgesta‚

224 3222 377 3257 videntur
398 3222 529 3257 interim
553 3223 718 3258 roborari.
745 3226 877 3262 Deinde
888 3230 964 3273 quia
976 3230 1030 3263 etsi
1046 3229 1101 3263 illa

219 3271 405 3317 blasphema
428 3273 584 3317 Capitula
596 3273 745 3318 Cyrillus
764 3275 930 3321 abjecerit,
956 3291 1032 3313 eum
1060 3291 1102 3314 ne

219 3330 299 3356 tunc
322 3323 455 3368 quidem
478 3325 636 3368 suscipere
657 3335 712 3369 per
730 3325 936 3363 Sacramenta
959 3329 1099 3372 promisi·

217 3381 311 3409 mus:
337 3373 390 3408 Εὸ
403 3373 492 3419 quod
504 3373 658 3421 Princeps
668 3376 734 3420 ipse
743 3377 782 3412 sit
792 3378 893 3413 fastus
914 3380 1032 3425 iniquae
1044 3380 1100 3414 hae-

1875 216 1903 248 2
1910 213 1939 262 7
1949 215 1969 261 3

1161 276 1248 310 resis.
1277 274 1385 312 Unde
1403 275 1541 311 alterum
1562 285 1620 310 cor
1643 277 1804 321 accipiens
1828 281 2042 327 ignoramus,

1162 325 1317 360 omnibus
1338 325 1484 363 motibus
1505 325 1570 360 suis
1592 324 1638 363 est
1649 326 1848 369 adversatus,
1874 333 2043 376 &Cyrilli

1162 377 1435 413 Communicator
1445 376 1574 411 effectus
1585 399 1597 416 ,
1622 386 1691 411 non
1704 378 1890 420 repellentis
1899 394 1968 425 quae
1976 395 2042 420 ma.

1164 426 1191 459 le
1201 428 1454 470 conscripserat,
1480 425 1537 473 qui
1547 437 1622 460 eum
1633 437 1803 470 nunquam
1824 428 2043 473 suscepturum

1165 478 1195 509 se
1210 502 1220 517 ‚
1247 477 1299 510 vel
1309 477 1331 509 si
1342 488 1379 511 ea
1391 478 1554 514 refutasset
1566 477 1602 510 in
1618 477 1744 521 Scripto
1756 502 1767 518 ,
1794 477 1951 522 juraverat
1963 503 1970 511 .
1999 482 2043 515 Et

1164 527 1250 561 solus
1265 527 1435 564 vinculum
1447 527 1545 564 solvit
1555 551 1568 570 ,
1593 527 1684 571 quod
1700 539 1777 562 cum
1801 528 1901 563 tantis
1914 528 2046 574 Cyrillo

1163 577 1195 609 &
1213 576 1391 612 Memnoni
1413 577 1524 611 noxiis
1545 579 1779 622 consequenter
1798 578 1953 613 intulerat
1965 603 1973 611 .
2002 582 2046 615 Et

1166 627 1288 661 nullam
1312 627 1515 663 securitatem
1538 626 1610 669 his,
1635 629 1763 672 quipro
1785 630 1906 672 pietate
1916 630 2046 664 fuerant

1163 677 1273 710 offensi
1282 702 1293 718 ‚
1318 688 1511 721 procurans,
1537 678 1547 712 i
1551 679 1605 722 pse
1615 679 1749 723 quidem
1759 679 1989 715 reconciliatus
2000 678 2047 713 est

1164 726 1193 759 ei
1209 750 1219 766 ‚
1245 738 1341 771 quem
1356 728 1481 770 pridem
1502 729 1545 761 fic
1560 729 1666 766 amare
1678 739 1866 764 notaverat:
1894 729 2048 765 Permisit

1164 774 1241 810 ver&
1265 777 1424 812 Ecclesxas
1443 777 1645 821 perturbari,
1670 781 1703 814 δε
1725 779 1876 817 Praesules
1887 780 2047 822 quosdam

1166 837 1296 860 manere
1305 827 1475 871 depulsos,
1502 827 1585 862 alios
1602 839 1710 865 autem
1730 829 1838 866 adhuc
1859 829 2050 874 multiplici·

1165 886 1214 911 ter
1235 876 1398 913 exturbari
1411 903 1418 914 2
1964 875 1967 878 ⁴

1214 926 1277 961 Sed
1304 928 1404 961 etiam
1423 928 1546 962 litteras
1567 929 1731 963 mirabiles
1752 932 1829 966 fecit
1843 957 1854 973 ,
1881 930 2048 976 inquibus

1165 976 1211 1011 ait
1230 976 1422 1012 damnatum
1446 980 1477 1012 se
1495 977 1614 1013 habere
1628 978 1818 1014 Nestorium
1831 1004 1842 1020 ,
1867 982 1902 1015 ὃς
1914 981 2049 1016 anathe-

1167 1028 1318 1062 matizare
1328 1026 1490 1071 quidquid
1503 1028 1603 1071 impie
1623 1028 1709 1061 dixit
1735 1038 1792 1063 aut
1802 1030 1905 1072 sapuit
1918 1055 1925 1063 .
1950 1032 2003 1066 Sic
2015 1032 2050 1066 δε

1166 1078 1372 1112 accusatione
1397 1089 1434 1112 ac
1456 1078 1739 1112 demonstratione
1758 1078 1879 1112 defecit
1895 1102 1907 1119 ,
1933 1089 1970 1114 ut
1992 1091 2051 1115 nec

1167 1128 1313 1168 diceret,
1339 1128 1427 1161 Illam
1452 1129 1617 1168 velillum,
1638 1126 1703 1169 five
1724 1128 1808 1162 illam
1829 1127 2051 1163 anathematizo

1164 1177 1364 1221 sententiam,
1390 1176 1444 1212 sed
1456 1178 1520 1211 ait:
1547 1177 1713 1221 ‚Quidquid
1730 1177 1768 1210 ab
1779 1189 1810 1211 eo
1834 1180 1924 1221 impiei
1936 1179 2049 1212 dmum

1166 1228 1223 1268 est.
1251 1229 1343 1262 Dum
1353 1227 1439 1262 certe
1454 1227 1562 1272 aperte
1571 1228 1679 1264 dicere
1689 1227 1867 1270 debuisset,
1894 1237 1929 1263 ut
1950 1228 1991 1263 ab
2011 1239 2053 1263 eo

1168 1279 1259 1312 sensu
1272 1278 1408 1322 quisque
1420 1278 1550 1312 cautior
1557 1277 1751 1313 redderetur.
1777 1279 1869 1313 Sicut
1880 1277 1966 1313 clare
1977 1279 2055 1314 abo-

1168 1328 1333 1365 minamur
1344 1339 1405 1362 nos
1418 1328 1539 1371 Cyrilli
1556 1329 1713 1373 Capitula
1724 1353 1735 1370 ,
1747 1330 1780 1364 &
1790 1330 1971 1374 quaesumus
1983 1329 2053 1363 uni·

1169 1379 1300 1420 versos,
1325 1388 1363 1413 ut
1384 1379 1416 1415 se
1435 1378 1476 1413 ab
1497 1379 1590 1413 insita
1614 1379 1704 1415 illius
1715 1380 1923 1425 malignitate
1947 1378 2054 1414 custo-

1168 1428 1286 1468 diant,
1311 1430 1611 1472 praeconvincentes
1632 1441 1706 1472 eas,
1732 1431 1851 1476 quaein
1872 1430 1946 1476 ipsis
1957 1431 2055 1471 suut,

1169 1476 1383 1522 blasphemias
1394 1503 1405 1519 ‚
1429 1480 1465 1513 ὅ(
1483 1491 1537 1514 eas
1547 1479 1632 1514 clare
1652 1481 1810 1517 omnibus
1825 1480 2029 1524 publicantes
2041 1504 2050 1512 .

1169 1530 1250 1562 Haec
1262 1539 1362 1571 pauca
1374 1528 1416 1562 de
1427 1529 1577 1572 plurimis
1595 1541 1672 1564 curn
1686 1530 1790 1565 multa
1801 1529 2052 1565 abbreviatione

1170 1578 1415 1621 conscripsimus
1427 1602 1437 1618 ,
1464 1579 1693 1623 scientesquod
1705 1579 1823 1613 horum
1831 1579 1995 1612 malorum
2007 1579 2055 1611 ni-

1170 1629 1287 1663 mietas
1298 1639 1366 1664 non
1378 1628 1485 1662 solum
1498 1628 1675 1663 Hieremiae
1696 1628 1990 1662 lamentationibus
2009 1627 2056 1662 di·

1168 1689 1233 1724 gna
1254 1679 1291 1712 sit
1310 1703 1322 1720 ,
1349 1677 1404 1713 sed
1429 1679 1465 1712 &
1486 1678 1671 1713 universam
1690 1678 1911 1724 Tragoediam
1931 1680 2059 1723 supera-

1170 1730 1251 1764 verit
1264 1754 1271 1762 .

1220 1778 1392 1822 Rogamus
1414 1779 1515 1821 verd,
1541 1780 1575 1813 δε
1596 1781 1720 1815 Sanctis
1742 1789 1804 1815 tuae
1818 1780 2055 1826 Religiositatis

1170 1829 1395 1872 provolvimur
1404 1828 1566 1870 Pedibus,
1594 1839 1630 1864 ut
1653 1841 1788 1864 manum
1811 1831 1959 1875 porrigas
1973 1830 2057 1864 salu·

1171 1889 1273 1912 tarem
1287 1902 1298 1918 ,
1323 1879 1357 1912 ὅ(
1367 1879 1492 1912 auferas
1503 1879 1628 1913 Mundi
1640 1880 1849 1925 naufragium
1859 1905 1870 1922 ,
1892 1880 2062 1914 omnium-

1171 1940 1233 1972 que
1246 1927 1367 1961 horum
1379 1929 1629 1972 inquisitionem
1651 1929 1760 1973 jubeas
1771 1930 1841 1963 fleri
1854 1954 1865 1970 ‚
1888 1930 1923 1963 ὅ(
1934 1928 1986 1965 his
1997 1930 2061 1964 illi⁴

1170 1978 1245 2013 citis
1255 1977 1429 2013 Coeleslem
1439 1978 1611 2022 superduci
1621 1979 1876 2013 correfflonem:
1904 1978 1961 2012 Ut
1971 1990 2062 2013 revo-

1170 2037 1286 2060 centur
1297 2027 1431 2067 quidem
1446 2028 1737 2068 SanEtiPastores,
1764 2028 1822 2070 qui
1844 2026 1963 2070 injuste
1983 2029 2058 2062 sunt

1171 2077 1189 2111 a
1202 2076 1266 2109 suis
1278 2076 1409 2110 Ovibus
1420 2077 1578 2121 effugati,
1603 2078 1638 2112 ἀ
1649 2078 1800 2112 reddatur
1821 2077 1987 2123 Gregibus
2009 2090 2062 2113 or-

1171 2126 1239 2167 do,
1266 2126 1301 2161 &
1325 2128 1461 2171 antiqua
1476 2127 1673 2162 concordia,
1701 2128 1745 2162 Et
1766 2137 1885 2163 utnon
1907 2129 1993 2163 ultra
2013 2128 2058 2164 la-

1171 2186 1335 2211 mentatus
1347 2176 1382 2211 &
1394 2177 1543 2219 mugitus
1553 2187 1612 2218 pro
1624 2177 1713 2210 votis
1722 2178 1901 2211 offerantur
1920 2190 1959 2212 ac
1972 2179 2062 2214 Psal-

1172 2226 1254 2259 mis:
1283 2224 1377 2257 Dum
1399 2224 1498 2258 multi
1507 2224 1635 2266 dispersi
1647 2225 1722 2258 sunt
1735 2249 1742 2256 .
1770 2225 1815 2258 Et
1836 2236 1879 2259 ne
1899 2227 2059 2271 quiquam

1171 2273 1492 2317 periclitentur-circa
1504 2284 1563 2314 ea,
1589 2274 1828 2318 quaepraecipua
1850 2275 1945 2318 sunt,
1975 2277 2058 2313 dum

1172 2324 1276 2357 vitant
1289 2322 1330 2358 ab
1340 2321 1499 2358 haereticis
1510 2323 1561 2357 vel
1574 2323 1757 2359 Lavacrum
1769 2325 2057 2370 Regenerationis‚

1172 2374 1223 2407 vel
1240 2373 1413 2416 mysticam
1433 2373 1705 2409 communionem
1723 2374 1892 2418 accipere,
1918 2388 1990 2422 quae
2015 2378 2058 2412 ab

1171 2420 1380 2460 orthodoxis
1402 2424 1527 2458 sumere
1546 2423 1588 2458 ad
1609 2424 1745 2460 salutem
1766 2426 1905 2460 minime
1926 2428 2058 2470 permit-

1170 2484 1303 2510 tuntur.

1220 2525 1305 2572 Qae
1316 2535 1357 2558 ex
1367 2534 1455 2568 parte
1466 2525 1599 2568 quidem
1611 2526 1759 2562 videntes
1769 2552 1779 2569 ,
1804 2539 1846 2563 ex
1864 2537 1953 2572 parte
1973 2528 2051 2563 vero

1170 2574 1338 2609 audientes
1358 2574 1442 2608 olim
1467 2576 1737 2610 concurrissemus
1762 2578 1803 2613 ad
1838 2580 2053 2614 Sanctitatem

1168 2635 1258 2659 tuam
1270 2635 1352 2665 nos,
1378 2625 1435 2668 qui
1457 2623 1476 2658 ὲ
1494 2623 1624 2660 diversis
1635 2625 1844 2672 Regionibus
1856 2631 1987 2670 sumus,
2015 2628 2051 2663 id

1167 2675 1212 2709 est
1223 2700 1234 2715 ,
1259 2685 1300 2709 ex
1311 2674 1521 2719 Euphratesia
1532 2699 1544 2715 ‚
1571 2686 1612 2710 ex
1623 2685 1760 2719 utraque
1771 2677 1893 2713 Cilicia
1905 2702 1917 2719 ,
1931 2680 2050 2713 secun-

1165 2725 1206 2760 da
1220 2724 1451 2769 Cappadocia,
1479 2724 1662 2768 Bithynia,
1686 2725 1882 2769 Thessalia,
1910 2729 1944 2762 &
1965 2728 2050 2763 Moe-

1166 2776 1209 2809 sia
1222 2788 1229 2807 :
1258 2775 1313 2810 Ut
1323 2775 1356 2809 δε
1366 2776 1477 2810 fontes
1488 2775 1727 2811 effunderemus
1739 2777 1980 2821 lachrymarum
1990 2802 2001 2817 ,
2013 2779 2049 2812 δε

1166 2825 1295 2869 publice
1306 2825 1499 2860 defleremus
1508 2826 1676 2871 peregrina
1702 2828 1871 2862 &insueta
1889 2826 1983 2869 hujus
2003 2828 2050 2861 vi-

1164 2885 1203 2909 tae
1215 2876 1300 2911 mala
1310 2900 1321 2916 ,
1349 2876 1407 2909 nisi
1417 2875 1577 2911 detineret
1588 2888 1649 2910 nos
1659 2878 1829 2920 Luporum
1847 2887 1969 2916 terror,
1996 2877 2048 2911 in-

1164 2924 1352 2960 sidiantium
1363 2926 1529 2971 Gregibus
1539 2927 1580 2961 ad
1594 2927 1737 2970 rapinam
1749 2951 1759 2967 ‚
1785 2928 1819 2961 &
1830 2927 1870 2961 ad
1883 2938 2046 2970 errorem,

1163 2986 1362 3021 omnemque
1373 2977 1591 3011 adversitatem
1602 2999 1609 3008 .
1640 2975 1745 3011 Unde
1755 2978 1857 3011 coacti
1869 2979 1977 3011 sumus
1989 2989 2045 3012 no-

1163 3026 1226 3060 stra
1238 3027 1309 3061 vice
1320 3026 1458 3073 dirigere
1472 3026 1740 3070 Religiosisfimos
1751 3027 1897 3061 Clericos
1922 3028 1956 3061 δε
1965 3027 2043 3062 Μο-

1162 3076 1307 3119 nachos,
1333 3079 1389 3120 qui
1413 3076 1570 3120 impleant
1591 3076 1704 3110 locum
1716 3077 1881 3112 nostrum.
1909 3077 2041 3124 qu-

1163 3139 1234 3162 mus
1255 3129 1380 3172 igitur,
1405 3138 1442 3162 ut
1464 3126 1584 3168 absque
1604 3124 1763 3161 dilatione
1784 3128 1984 3173 exsurgatiS,
2008 3129 2044 3163 δε

1163 3178 1287 3212 fervido
1299 3178 1372 3212 zelo
1385 3188 1542 3222 magnum
1556 3177 1695 3212 vistoriae
1704 3176 1906 3221 Trophaeum
1928 3187 2045 3213 contra

1163 3226 1377 3263 AEmulorum
1388 3238 1508 3262 cuneos
1520 3226 1653 3271 erigatis
1663 3251 1674 3268 ,
1700 3226 1777 3262 ante
1788 3229 1904 3263 oculos
1924 3226 2048 3263 haben·

1163 3289 1210 3315 tes
1220 3278 1300 3314 boni
1315 3278 1456 3313 Pastoris
1466 3277 1693 3322 diligentiam,
1718 3279 1812 3312 fimul
1838 3279 1874 3313 ὅ(
1896 3279 2042 3314 studium

1164 3329 1248 3363 circa
1257 3331 1390 3370 Ovem,
1415 3339 1486 3371 quae
1496 3338 1671 3362 erraverat.
1699 3329 1746 3362 Et
1757 3340 1826 3363 non
1847 3328 1969 3373 absque
1990 3339 2044 3370 pe-

1165 3379 1267 3414 riculo
1279 3379 1457 3425 deputetis,
1483 3379 1508 3412 si
1530 3377 1610 3423 quid
1625 3377 1791 3415 fastidiose
1801 3379 1885 3415 circa
1895 3387 1958 3461 s{ot
1981 3377 2046 3411 Pa-

1923 3437 1993 3463 ores
