2320 3730
109 2930 195 2959 Rom,
219 2929 245 2956 S.

350 157 447 209 51³>

440 321 482 366 C
498 319 586 368 ΑΡ
602 318 702 369 UT
737 318 962 369 CXLVII.
1000 334 1123 381 ---23
1139 336 1159 378 5

273 455 450 526 Epistola
473 493 486 519 ,
521 459 667 523 inquit
690 492 703 516 ‚
740 461 820 505 Deo
849 456 1080 524 Amicissimz'
1106 463 1164 508 E..

306 527 310 531 ¹
335 526 480 599 pissopz'·
514 525 731 575 Alexandri
766 526 820 574 ad
853 526 1128 576 Theodoram
1147 566 1161 591 ,

339 617 454 664 quam
504 594 691 664 restriipstt
738 598 791 647 ad
825 595 900 648 haec
927 634 940 659 ‚
985 617 1062 665 quae
1112 601 1162 648 ab

334 666 401 716 illo
425 664 523 732 fimt
548 669 703 735 scripta
725 704 739 728 ‚
777 667 934 736 dirigens
967 674 998 718 ei
1034 669 1159 718 condi-

333 742 443 789 tiones
479 734 666 807 quafilam
702 736 744 792 dc
778 740 858 809 ipso
891 745 1052 808 negotio.

261 873 414 963 TUa
438 875 573 919 quidem
585 879 743 914 Sanctitas
754 879 838 916 bene
854 881 956 924 fecit,
984 881 1017 916 in
1029 881 1157 926 Scripto

378 925 496 969 nobis,
522 939 591 971 quae
603 941 706 973 nuper
721 933 789 966 aaa
804 931 1077 973 sunt,indicare.
1105 932 1156 965 Ex

258 985 351 1022 parte
375 986 485 1013 autem
508 979 606 1013 nobis
627 978 695 1014 haec
719 980 785 1025 ipsa
807 982 841 1015 ὅ(
862 984 980 1026 opinio
999 982 1154 1022 nunciat,

258 1037 331 1069 quae
354 1027 445 1071 super
467 1039 504 1063 ea
526 1040 596 1072 quae
608 1030 783 1072 dicuntur,
812 1033 848 1066 δι’
866 1044 903 1067 ea
915 1041 1155 1076 quaeaguntur‚

256 1076 341 1111 solet
367 1077 506 1120 adjicere
527 1079 714 1117 falsitatem·
744 1081 983 1118 Verumtamen
1009 1091 1073 1125 ego
1099 1092 1155 1123 per

255 1126 395 1172 gratiam
407 1127 474 1165 Dei
488 1139 560 1171 quaa
568 1139 620 1161 me
633 1139 721 1162 nunc
733 1131 834 1173 usque
845 1129 1014 1164 roboravit
1025 1153 1036 1170 ,
1064 1131 1153 1173 spero
1223 1150 1225 1155 ·

255 1175 346 1219 quod
358 1176 479 1210 nullius
490 1185 636 1211 metuam
649 1179 754 1212 minas
765 1203 776 1218 ‚
803 1189 839 1213 ut
851 1190 908 1214 aut
922 1180 1033 1224 ampio
1045 1180 1153 1224 Cyri!-

253 1226 291 1259 lo
305 1225 550 1260 communicem
562 1251 574 1268 ,
602 1236 658 1262 aut
670 1226 890 1265 Orthodoxiae
901 1225 1130 1269 proditoribus
1141 1255 1152 1272 ,

255 1275 312 1319 qui
337 1275 371 1309 dc
382 1274 741 1313 anathematizaverunt
751 1291 822 1314 eam
836 1305 847 1322 ,
872 1280 907 1314 δε
923 1280 1149 1317 orthodoxum

253 1324 461 1368 dejecerunt,
489 1335 526 1363 ut
547 1338 589 1362 ex
609 1327 695 1371 hoc,
723 1330 813 1375 quod
836 1330 877 1366 ad
901 1331 987 1375 ipsos
1010 1333 1149 1374 attinet,

252 1375 339 1411 clare
362 1375 482 1420 ubique
504 1378 624 1413 falsitas
650 1380 859 1424 praedicetur.
887 1381 978 1417 Nam
989 1381 1078 1426 quod
1089 1394 1151 1417 cre-

251 1427 320 1461 scat
332 1428 420 1471 apud
431 1439 488 1462 eos
498 1438 597 1473 atque
608 1430 755 1474 proficiat
767 1432 844 1466 mali
857 1434 1004 1466 nominis
1017 1432 1149 1473 haerefis,

250 1486 334 1519 puto
345 1478 561 1522 quod&ipsa
576 1503 588 1519 ,
615 1491 686 1523 quae
705 1492 794 1515 nunc
815 1480 833 1514 a
854 1482 1148 1526 Constantinopoli

250 1526 366 1570 scripta
381 1528 456 1562 sunt
468 1553 480 1570 ,
509 1538 600 1564 tuam
614 1528 787 1567 docuerint
798 1533 1008 1568 Sanctitatem
1021 1557 1029 1566 .
1056 1533 1100 1579 Et
1113 1534 1147 1566 in

250 1575 435 1611 Antiochia
451 1577 528 1612 vero
544 1590 613 1613 non
627 1592 733 1623 unus,
761 1593 823 1617 nee
845 1583 933 1625 duo,
961 1594 1023 1618 nec
1034 1582 1146 1617 decem

239 1634 380 1674 'tantum
392 1626 433 1662 de
446 1626 710 1672 Hierapolitanis
730 1631 906 1667 adfuerunt
921 1634 955 1667 in
977 1633 1120 1668 Ecclesia
1135 1658 1146 1673 ,

246 1676 336 1712 inter
357 1689 440 1721 quos
461 1689 530 1713 erat
554 1680 589 1714 δε
602 1681 772 1716 Dominus
783 1694 874 1717 meus
888 1684 965 1717 Deo
979 1683 1144 1718 Amiciffi·

245 1737 321 1762 rnus
343 1727 517 1772 Presbyter
528 1727 706 1772 Marams,
732 1733 908 1776 quando&
927 1734 1096 1768 Macedon
1112 1734 1144 1767 in

246 1777 365 1820 majori
393 1777 598 1814 hebdomada
623 1781 657 1813 in
677 1781 895 1823 Coemiterio,
920 1785 956 1816 ὅτ
976 1784 1147 1818 Antonius

246 1825 421 1862 Chalcidis
442 1828 624 1872 Episcopus
647 1829 683 1864 in
707 1830 853 1866 Ecclefia
879 1833 988 1866 Sanni
1014 1831 1145 1866 Zachaei

244 1878 355 1921 aperte
387 1877 678 1915 Deo-Paffianam
714 1879 857 1916 haerefim
875 1882 1147 1926 praedicaverunt.

243 1927 330 1963 'Haec
344 1927 479 1963 scribere
491 1930 562 1964 sum
574 1932 704 1965 coactus
717 1955 729 1972 ‚
755 1932 854 1966 nimis
864 1932 946 1977 aegre
958 1933 1145 1977 suscipiam

243 1987 381 2021 propter
408 1980 590 2013 sanctorum
613 1978 863 2016 Monachorum
885 1993 1001 2017 contra
1019 1994 1081 2018 nos
1093 1995 1145 2017 cu-

245 2027 443 2062 riofitatem.
472 2027 576 2073 Rogo
595 2029 718 2073 igitur,
745 2040 782 2065 ut
800 2033 922 2065 etiamsi
935 2044 1051 2066 omnes
1062 2043 1145 2065 mor-

245 2085 324 2112 tuos
335 2076 377 2111 ab
389 2076 490 2111 initio
505 2076 628 2112 Mundi
654 2080 865 2121 resuscitent,
889 2080 1047 2125 siquidem
1059 2081 1144 2123 quie—

245 2129 340 2162 scant
352 2152 363 2168 ‚
389 2127 496 2161 Orent
508 2138 567 2170 pro
579 2127 698 2171 nobis3
726 2129 760 2164 Si
770 2139 880 2164 autem
892 2130 1050 2165 damnant
1061 2141 1122 2164 nos
1136 2153 1146 2169 ‚

248 2187 359 2221 parcat
371 2177 438 2210 illis
451 2177 561 2210 Deus.
585 2177 660 2210 Nee
669 2178 760 2210 enim
781 2179 914 2220 majoris
936 2179 1145 2213 authoritatis

249 2228 326 2260 sunt
343 2250 353 2266 ,
379 2236 480 2269 quam
504 2224 544 2258 de
566 2224 651 2259 coelo
672 2224 820 2270 Angeli,
849 2227 884 2260 δε
906 2237 1005 2270 quam
1017 2226 1148 2260 Chorus

250 2277 310 2311 ille
346 2274 583 2319 Apostolorum
612 2288 618 2308 :
647 2275 745 2323 Qos
779 2276 1071 2311 anathematizavit
1096 2287 1150 2320 per

252 2326 395 2361 Paulum
422 2325 569 2360 Christus
587 2349 598 2365 ,
628 2326 649 2360 fi
685 2324 765 2369 quid
788 2336 897 2370 praeter
931 2327 1149 2372 Evangelium

256 2376 383 2411 Christi
405 2376 631 2421 evangelizare
653 2378 926 2421 praesumpserint.
953 2379 987 2411 Si
1005 2388 1149 2421 unquam

256 2427 336 2461 vero
354 2427 535 2471 contigerit
559 2452 570 2467 ‚
596 2436 633 2460 ut
657 2427 756 2462 alicui
777 2428 975 2462 eorumdem,
991 2427 1148 2462 83ηᾶὶῶ-

256 2489 388 2515 morum
410 2476 658 2513 Monachorum
682 2488 736 2513 tua
750 2478 907 2512 Sanctitas
918 2477 1149 2522 colloquatur,

256 2531 292 2562 ὅς
306 2530 396 2572 super
408 2527 473 2562 hoc
484 2528 715 2572 moverintipfi
729 2529 909 2562 sermonem
924 2553 935 2568 ,
962 2528 1059 2562 suade
1085 2528 1151 2562 illis

256 2591 299 2613 ex
327 2590 400 2619 rne,
428 2579 504 2622 quia
522 2578 700 2612 secundum
722 2579 917 2618 veritatem,
946 2590 1006 2612 nec
1032 2577 1150 2611 fimihi

259 2638 370 2662 totum
382 2629 538 2663 coelorum
552 2628 709 2671 Regnum
722 2626 861 2669 Joannes
875 2652 884 2668 ‚
909 2627 1000 2671 cujus
1025 2639 1091 2661 non
1105 2629 1146 2662 ess

260 2679 432 2712 Dominus
448 2701 458 2716 ‚
485 2675 633 2714 dederit,
658 2688 726 2709 non
748 2688 855 2711 autern
875 2678 950 2712 dico
963 2679 1128 2721 Rasaphas
1143 2702 1154 2718 ,

260 2729 296 2763 ὃ(
320 2728 398 2761 alias
411 2725 507 2768 hujus
527 2724 713 2759 solitudinis
724 2728 894 2767 civitates,
920 2728 949 2761 ei
970 2729 1152 2762 communi-

261 2787 334 2811 care
357 2776 522 2810 sustinebo
537 2800 547 2815 ‚
575 2775 634 2811 nifi
657 2776 744 2818 prius
762 2780 899 2812 corresta
911 2778 1032 2812 fuerint
1045 2780 1152 2812 conse-

263 2835 402 2873 quenter
426 2826 481 2859 illa
495 2850 506 2866 ,
531 2836 602 2869 quae
612 2835 667 2868 per
679 2825 802 2860 Orbem
821 2837 975 2862 terrarum
989 2830 1063 2862 sunt
1074 2840 1154 2872 ope·-

263 2889 333 2911 rata
358 2875 424 2910 hoc
437 2875 516 2910 fidei
527 2875 751 2918 naufragium.
780 2877 912 2911 Memor
922 2880 1011 2912 enirn
1024 2880 1095 2912 sum
1107 2879 1154 2913 di·

268 2928 394 2962 centis:
425 2928 510 2970 ,Quia
536 2936 628 2968 neque
654 2927 780 2958 altitudo
799 2950 811 2967 ,
838 2935 931 2970 neque
949 2929 1154 2971 profundum,

267 2989 359 3021 neque
369 2976 532 3020 praesentia
542 3001 554 3017 ,
585 2975 793 3018 nequefutura
804 3000 815 3017 ,
841 2988 933 3019 neque
947 2979 1009 3011 alia
1017 2988 1153 3012 creatura

265 3035 372 3070 poterit
395 3040 446 3060 nos
463 3026 608 3070 separare
631 3027 651 3058 ἃ
672 3025 845 3067 charitate,
869 3038 937 3070 quae
949 3027 1029 3067 estin
1041 3028 1155 3068 Christo

690 144 1036 204 yaaroanm
1072 138 1690 206 PArRuMEmsrom,

1216 226 1410 263 =Potestates
1430 229 1647 270 inferendam:
1675 233 1737 273 Sed
1760 246 1802 272 ne
1819 236 1944 273 Christi
1964 238 2111 285 Gregem

1228 277 1337 312 videar
1349 278 1548 322 prodidisse,
1574 286 1789 321 neeeffitatem
1807 288 1969 324 sustineo.
1996 290 2110 327 Sciens

1227 327 1331 372 igitur
1340 328 1500 364 sanstitas
1518 339 1576 366 tua
1595 330 1803 376 Propositum
1814 346 1945 380 meum,
1972 340 1995 374 fi
2019 341 2051 375 ei
2071 341 2108 377 id

1226 379 1405 421 placuerit,
1429 381 1465 415 &
1485 381 1705 417 Antiochiam
1723 383 1862 420 introire
1883 399 1952 423 non
1972 401 2085 427 renuat
2097 404 2108 425 t

1225 427 1269 463 Et
1279 429 1440 475 quidquid
1451 433 1545 466 novit
1555 432 1645 468 aliud
1656 443 1771 478 agere.
1798 434 1874 479 Ego
1885 439 1974 473 enim
1997 451 2069 484 quae
2089 441 2108 475 a

1225 478 1388 524 principio
1398 480 1558 523 definivi,
1583 482 1620 517 in
1641 483 1715 527 ipsis
1724 494 1920 528 permaneo.
1947 488 2037 536 Qia
2055 503 2109 526 ve-

1224 529 1262 562 τό
1285 541 1354 565 non
1375 531 1433 565 sim
1454 531 1664 568 contentiose
1679 534 1871 577 dispositus,
1896 534 1952 571 sed
1969 535 2107 577 habeam

1224 578 1282 622 piae
1300 581 1585 618 condescensionis
1605 584 1775 626 affectum,
1801 585 1835 619 δι’
1858 596 1931 620 eam
1949 588 2042 631 grate
2059 590 2107 625 sn-

1223 630 1354 673 scipiam
1367 655 1378 672 ‚
1405 633 1440 667 &
1451 631 1520 672 hae,
1545 644 1626 677 quas
1639 645 1728 671 nunc
1739 632 1844 670 direxi
1865 634 2019 680 chartas,
2042 648 2105 674 tun

1222 680 1417 717 satisfacient
1428 682 1610 721 Sanctitati.

1224 805 1338 853 Satis
1351 804 1539 855 ostendit
1564 807 1687 858 Beati
1713 807 1983 860 Theodoreti
2009 809 2108 860 sub-

1286 879 1395 940 jecia
1411 875 1649 944 responfi0,
1685 877 1717 926 fi
1731 893 1880 929 tamen
1893 880 1996 931 vere
2025 881 2108 932 has

1287 950 1377 1014 ejus
1409 945 1488 997 effe
1516 947 1807 1015 approbemus
1850 949 2068 1018 Epistolas
2091 984 2108 1012 ,

1287 1034 1388 1065 eum
1415 1021 1659 1069 reverentia
1694 1017 1918 1075 &affeetu
1948 1021 2108 1070 Archi-

1285 1084 1492 1154 Episcopi
1504 1102 1610 1135 tunc
1635 1086 1698 1138 sui
1711 1088 1838 1153 hujus
1852 1089 2107 1152 Alexandri,

1287 1159 1330 1206 δε
1356 1152 1615 1205 adversitate
1638 1157 1763 1205 Beati
1783 1161 1978 1221 JoannIs
1998 1163 2107 1228 Epi-

1285 1224 1429 1297 scopi,
1465 1227 1753 1293 &voluntate
1781 1245 1932 1278 omnes
1958 1228 2104 1280 secum

1285 1300 1452 1368 pariter
1466 1295 1670 1359 uniendi,
1706 1315 1802 1348 non
1827 1299 1932 1349 vero
1945 1295 2106 1350 Nesto-

1243 1366 1246 1370 ’
1284 1370 1395 1416 riani
1409 1369 1564 1417 erroris
1576 1365 1806 1418 assensu-ad
1821 1368 2105 1420 universalem
2176 1411 2179 1418 .

1285 1455 1442 1507 pacem
1457 1436 1623 1487 tardius
1640 1439 1867 1491 acceffiffe.
1917 1442 2107 1513 Qippe

1284 1511 1364 1574 qui
1399 1513 1442 1557 &
1464 1510 1645 1559 unitivae
1668 1513 1793 1560 Beati
1808 1511 1974 1579 Cyrilli
1998 1513 2107 1579 Epi-

1282 1578 1398 1628 stolae
1411 1576 1539 1628 fidem
1551 1612 1566 1639 ,
1601 1595 1734 1645 quam
1749 1595 1978 1647 tantopere
2000 1583 2106 1630 niti-

1283 1663 1354 1697 tur
1367 1649 1621 1714 impugnare
1633 1648 1863 1699 Nestorius
1876 1687 1890 1711 ,
1914 1648 2105 1716 perseve-

1285 1717 1517 1768 rantiffime
1531 1718 1588 1768 ab
1605 1719 1736 1767 initio
1756 1718 2042 1788 approbavit,
2059 1724 2104 1772 δε

1281 1789 1472 1857 praetulit
1484 1787 1669 1838 duorum
1680 1789 1992 1858 Episcoporum
2000 1806 2103 1841 cau-

1282 1858 1359 1921 sae,
1394 1856 1633 1925 dejectioni
1657 1858 1874 1923 Nestorii,
1910 1865 1955 1910 &
1981 1866 2104 1912 Ana-

1282 1927 1563 1982 thematismo
1595 1933 1835 1994 Dogmatis
1865 1935 1957 1997 ejus
1979 1969 1992 1981 .
2041 1936 2104 1981 Et

1283 2018 1398 2050 nunc
1412 1999 1468 2048 ad
1484 2000 1577 2049 haec
1595 1999 1651 2049 ad
1669 2018 1822 2052 omnes
1846 2003 1962 2051 illius
1997 2018 2104 2052 con-

1281 2068 1472 2115 ditiones
1481 2069 1777 2117 Alexandrum
1791 2070 2102 2136 Episcopum

1282 2135 1401 2185 suum
1428 2152 1611 2186 conatur
1637 2137 1858 2188 adducere
1882 2174 1894 2186 .
1933 2143 1992 2188 Et
2017 2158 2100 2208 po-

1284 2204 1372 2254 stea
1400 2205 1485 2253 hoc
1514 2222 1590 2271 per
1617 2207 1775 2255 multas
1800 2225 1903 2256 cum
1926 2208 2101 2274 fingulis

1282 2273 1567 2324 efficacissime
1603 2277 1695 2338 egit
1731 2277 1950 2344 Epistolas
1987 2316 2000 2339 ,
2049 2295 2101 2330 ut

1281 2361 1432 2397 omnes
1458 2343 1516 2394 ad
1546 2347 1789 2397 unitionem
1812 2345 2100 2415 perduceret.

1286 2413 1422 2480 Quod
1450 2418 1493 2463 &
1510 2416 1557 2462 in
1575 2417 1762 2478 cundi-is,
1801 2431 1857 2466 eo
1869 2415 2102 2482 suadente,

1280 2482 1543 2555 paucissimis
1565 2488 1785 2555 exceptis,
1822 2486 1898 2537 suo
1928 2488 2100 2553 studio,

1280 2571 1501 2607 annuente
1516 2558 1606 2604 Dei
1623 2559 1765 2618 gratia
1775 2593 1789 2617 ,
1807 2556 2070 2625 adimplevit
2082 2596 2098 2607 .

1281 2625 1411 2674 Unde
1437 2629 1480 2672 δε
1496 2641 1672 2689 magnas
1699 2628 1957 2675 inimicitias
1979 2627 2098 2677 susti-

1281 2697 1379 2746 nuit
1402 2710 1547 2743 eorum
1565 2729 1578 2753 ‚
1614 2695 1691 2760 qui
1704 2693 1836 2761 usque
1849 2695 1906 2744 ad
1922 2696 2100 2750 finem...

1283 2765 1358 2816 suo
1369 2766 1501 2815 errori
1513 2766 1794 2834 pertinaciter
1806 2765 2070 2819 adhaeserunt
2082 2805 2097 2818 .

1414 2931 1907 2977 ScuozloN.

262 3077 344 3124 Jefu
360 3103 369 3118 ,
396 3075 639 3115 Domitianostro.
669 3077 712 3111 Et
722 3077 842 3122 gratias
863 3088 927 3122 ago
938 3078 1015 3112 Deo
1028 3102 1038 3118 ,
1064 3080 1152 3122 quod
1322 3077 1392 3113 AEc
1411 3077 1546 3121 epistola
1567 3077 1679 3113 denuo
1698 3078 1898 3115 demonstrat
1927 3077 2097 3116 admirari-1
2120 3095 2124 3099 ’

269 3139 345 3160 cum
365 3128 428 3161 illis
450 3129 522 3160 sunt
546 3128 579 3161 &
597 3127 748 3169 synodi,
774 3128 809 3163 ὅ(
824 3128 944 3169 Sedes,
970 3128 1002 3162 &
1017 3129 1154 3173 Regna,

1343 3128 1421 3162 dam
1443 3129 1599 3163 duritiam
1621 3129 1820 3164 Alexandri.
1848 3131 1959 3165 Docet
1980 3141 2040 3166 nos
2060 3131 2099 3165 dc·

270 3177 302 3214 ἀ
315 3177 442 3218 Iudices
456 3191 465 3212 .·
492 3177 680 3211 Nobiscum
702 3176 778 3212 vero
792 3179 958 3212 Dominus
980 3179 1071 3212 Deus
1084 3204 1093 3220 ,
1122 3180 1154 3214 δε
1213 3180 1354 3223 quaedam
1366 3179 1430 3213 alia
1442 3203 1449 3211 .
1477 3179 1611 3220 Primo,
1638 3180 1727 3223 quod
1743 3180 1956 3216 Antiochena
1969 3180 2098 3222 Civitas

271 3226 395 3261 munda
418 3237 514 3268 atque
536 3227 728 3262 intemerata
756 3227 835 3261 fides
855 3229 890 3261 in
912 3239 1006 3262 eum-
1034 3230 1078 3262 Et
1100 3210 1167 3273 peri
1213 3229 1355 3267 &intus
1373 3228 1407 3262 δε
1428 3229 1506 3262 foris
1530 3229 1678 3271 habuerit
1698 3231 1803 3273 plures
1826 3230 1993 3265 Bafilicas.
2020 3230 2091 3263 Ma-

273 3277 393 3311 sanetas
404 3276 569 3308 orationes
582 3287 652 3309 tuas
663 3301 673 3316 ,
700 3278 774 3321 quia
787 3279 844 3312 nisi
858 3290 910 3312 me
921 3281 1020 3313 timor
1032 3280 1095 3313 Dei
1108 3292 1155 3313 re·
1211 3291 1314 3326 gnum
1334 3279 1441 3323 Belgii
1454 3278 1650 3314 Chronicon
1665 3281 1801 3316 affirmat
1812 3282 1905 3315 fuifle
1918 3290 1987 3329 340
2007 3280 2091 3314 Lau·

274 3328 409 3369 tineret‚
438 3336 505 3362 non
527 3326 743 3373 exspectarem
767 3328 955 3364 violentiam
977 3339 1032 3374 per
1049 3330 1153 3365 saeculi
1211 3329 1325 3367 datum
1348 3327 1821 3368 hic;.Coemeteriumdesctibit
1831 3326 2093 3370 nobismexrla-

1983 3383 2041 3411 nat
