2320 3730
672 161 856 206 INnr-:x
891 162 1132 218 RERUM,
1169 175 1234 205 ετ
1268 162 1625 211 Vcanon-UMJ

266 244 437 283 Flaviani·
993 256 1049 294 49.
1067 256 1095 282 1.

216 297 400 335 Donatistae
420 292 570 338 aiebant,
596 295 679 337 quod
699 296 858 338 volumus,
881 294 1019 339 sanHum
1038 295 1095 337 est.

274 357 347 390 107·
360 357 392 382 2·

217 395 382 433 Dorotheus
398 394 734 438 Martianopolitanus
744 396 924 440 Episcopus
934 395 1099 431 Nestoria·

268 457 331 481 nus
350 444 618 488 pertinacissimus
629 469 642 486 ,
667 455 746 483 220.
761 459 793 483 2.
816 445 953 480 Publice
969 444 1102 481 anathe-

270 506 324 531 ma
349 495 504 530 fulminat
542 495 730 530 dicentibus
753 497 932 541 Deiparam
954 521 962 529 .
990 507 1045 543 57-
1069 507 1101 532 2·

268 547 485 582 Concionans
505 556 616 580 coram
639 545 814 580 Nestorio.
843 557 920 591 214.
947 559 978 584 2.
1002 545 1104 579 Rele-

231 612 236 617 ·
270 606 366 642 gatur
379 596 414 629 in
429 597 614 630 Caesaraeam
629 595 845 640 Cappadociae
857 622 864 629 .
977 605 1058 641 219·
1076 600 1104 633 1'·

220 646 403 692 Dyptiehis
418 645 676 680 inscribebantur
689 648 824 680 nomina
842 646 1104 683 patriarcharum

274 698 309 732 ἀ
320 694 628 740 Autocephalorum
638 721 648 737 ,
669 697 818 731 vivorum
829 697 864 731 &
876 705 1082 731 mortuorum
1094 718 1105 735 ‚

273 759 345 791 quas
364 746 582 781 recitabantur
603 745 622 780 a
643 746 803 781 Diaconis
827 746 869 782 ad
894 746 1104 782 sacrificium.

276 796 354 833 162·
367 807 399 833 2.
427 798 462 830 (a
472 794 537 839 seq.

219 845 405 891 Dyptichis
443 845 754 889 Mopsuestienfibus
799 846 944 882 eraditur
983 856 1107 881 nomen

274 895 449 931 Theodori
470 895 670 937 &Meletii‚
696 907 874 944 eorumque
902 897 979 933 loco
1001 893 1109 929 inscri-

274 945 362 980 bitur
374 957 498 981 nomen
510 947 618 980 Sancti
632 947 751 990 Cyrilli
765 973 773 980 .
978 954 1055 994 339-
1070 952 1107 978 ιι

223 994 414 1041 Dyptychae
433 996 546 1041 saepius
556 995 784 1032 mutabantur.

636 1094 717 1180 E

310 1244 437 1281 Celefia
459 1245 492 1279 δε
511 1243 732 1281 Ecclesiastica
757 1246 1003 1292 Consequentia
1025 1244 1114 1280 diffe-

227 1304 571 1383 EcclesrilaienCatholicae
593 1346 791 1383 Nestoriano
802 1357 950 1395 tempore
962 1306 1120 1384 stimi—lii

233 1427 236 1429 .
280 1395 469 1430 mentabilis
481 1422 488 1429 .
900 1399 943 1436 61.
961 1412 991 1437 2·
1017 1407 1073 1444 59·
1090 1408 1120 1433 2·

228 1446 411 1483 Ecclesiam
418 1446 598 1482 concedere
608 1447 772 1492 Episcopo
783 1451 955 1496 peregrino
967 1474 979 1492 ,
1004 1448 1119 1492 spectat

281 1496 321 1531 ad
333 1496 550 1532 Ordinarium
563 1522 570 1530 .
998 1507 1075 1534 102·
1088 1507 1120 1531 2.

227 1547 383 1585 Ecclefiae
402 1548 589 1583 Orientales
609 1548 801 1596 plerumque
823 1558 917 1586 erant
938 1549 1119 1595 opulentae.

281 1606 350 1644 219.
363 1608 393 1635 2.

228 1646 385 1683 Ecclefiae
408 1646 553 1682 vacantis
577 1647 672 1683 Bona
693 1647 892 1693 regebantur
914 1659 968 1694 pet
983 1658 1123 1684 oecono-

256 1710 259 1718 =
280 1706 374 1731 mos.
403 1706 502 1745 951·
529 1697 579 1731 Ea
591 1707 738 1741 tempore
757 1693 923 1734 turbarum
934 1698 1124 1734 custodien-

280 1743 323 1780 da
342 1755 458 1780 monet
483 1746 646 1790 Ioannes,
672 1747 829 1782 saecularis
847 1750 969 1784 Comes
979 1749 1123 1795 largitio·

280 1806 381 1830 num.
410 1807 464 1844 54.
484 1807 516 1833 ι.
542 1796 638 1832 Bona
651 1796 873 1833 Ecclefiastica
886 1800 1033 1835 Nestorii
1046 1811 1124 1834 exu-

282 1845 324 1933 itis
334 1845 562 1889 adjudicantur
573 1846 717 1883 Ecclesia
729 1848 1122 1894 Constantinopolitanae.

311 1906 342 1944 3.
358 1907 387 1932 1.

232 1944 539 1982 Ecclesiasticorum
557 1947 634 1983 lites
665 1949 740 1983 sunt
773 1949 898 1985 Mundi
918 1949 1124 1994 pestilentia.

236 2025 238 2028 v
285 2006 328 2033 21
335 2008 364 2043 ς.
380 2008 413 2034 2-
540 2009 542 2012 ’

234 2045 417 2081 ΕΙεόὶὶοηὶε
430 2047 635 2092 Episcopalis
656 2049 816 2092 suspensio
829 2074 840 2090 ‚
866 2059 922 2084 aut
934 2050 1106 2085 reservatio
1117 2073 1128 2089 ,

283 2106 354 2130 non
381 2096 426 2130 est
438 2097 632 2141 &Gregorio
645 2099 703 2133 lx.
731 2099 938 2141 introductu
964 2099 1009 2131 est
1022 2097 1128 2131 multo

284 2145 453 2189 antiquior
464 2169 471 2177 .
1008 2147 1082 2183 106-
1096 2159 1126 2182 2·

232 2193 433 2238 prefinum
460 2192 652 2227 Concilium
664 2195 805 2236 primum
819 2218 831 2235 ,
855 2195 903 2228 est
916 2198 1064 2229 coactum
1076 2205 1129 2237 per

285 2253 350 2278 tres
361 2242 511 2276 Divales.
524 2243 578 2289 36.
595 2253 625 2278 1.
651 2245 708 2276 Ab
719 2243 919 2286 Imperatore
933 2242 1129 2277 Theodosio

284 2292 445 2327 indicitur
468 2293 504 2326 in
527 2293 697 2335 septimam
711 2292 802 2334 Junii
814 2303 896 2338 431.
923 2301 979 2337 30.
994 2305 1013 2326 1.
1039 2292 1131 2326 Illius

284 2342 403 2378 Praeses
413 2343 477 2376 fuit
492 2343 625 2376 Sanstus
647 2342 797 2386 Cy'rillus
810 2353 967 2386 tanquam
980 2342 1132 2377 Vicarius

286 2393 396 2428 Sansti
419 2392 584 2426 Caelestini
610 2391 758 2427 Romani
792 2392 965 2427 Pontificis
989 2417 996 2425 .
1023 2392 1083 2439 46.
1112 2405 1130 2425 1.

286 2443 348 2477 llle
358 2442 512 2486 Capitula
525 2442 578 2475 sua
591 2443 760 2486 proposuit
773 2442 930 2477 Concilio
944 2467 955 2483 ,
981 2443 1000 2476 a
1025 2443 1131 2477 Caele-

286 2493 376 2527 ssino
387 2492 583 2536 approbata.
609 2492 682 2526 ibid.
713 2492 907 2526 Concilium
923 2491 987 2526 hoe
1010 2494 1132 2537 semper

288 2542 424 2578 recurrit
445 2543 486 2577 ad
509 2542 652 2587 Papam.
681 2553 734 2589 59.
745 2553 777 2578 2.
806 2541 998 2586 Nequidem
1019 2543 1059 2577 ad
1071 2544 1131 2578 Sa-

286 2604 378 2628 cram
398 2593 572 2637 juffionem
597 2592 665 2627 vult
688 2594 851 2637 joannem
881 2591 1131 2627 Antiochenum

288 2644 452 2686 recipere,
478 2642 535 2677 nifi
559 2643 693 2686 supplex
719 2644 849 2677 veniam
873 2652 988 2687 petat,
1013 2642 1132 2678 &Nc-

287 2693 426 2727 storium
449 2691 603 2726 damnet.
632 2691 686 2740 76.
701 2705 723 2726 ι.
751 2692 994 2727 Confirmatum
1015 2693 1059 2728 est
1072 2694 1131 2737 pri·

290 2741 350 2776 mo
371 2743 390 2776 a
409 2742 527 2775 Sancto
550 2741 748 2783 Caelestino,
773 2741 895 2777 deinde
917 2743 935 2776 a
958 2743 1057 2778 Xisto
1070 2742 1126 2777 111.

290 2801 372 2840 277.
386 2803 409 2825 ι.
421 2803 453 2828 2.
476 2787 516 2824 'A
528 2791 736 2826 Nestorianis
748 2792 911 2827 sarcastice
924 2804 1058 2828 vocatur
1080 2794 1132 2827 he-

292 2841 444 2876 nedu‘lum
462 2864 470 2874 .
500 2852 557 2888 ¹¹5·
577 2853 603 2876 ι.
640 2839 732 2876 Illius
767 2841 851 2877 Acta
885 2845 960 2878 sunt
991 2844 1131 2885 mutila,

294 2893 374 2935 quia
386 2902 455 2926 non
466 2891 580 2926 omnia
593 2901 685 2926 erant
695 2892 778 2936 paris
791 2892 999 2929 authoritatis
1009 2919 1016 2926 .
1045 2905 1100 2942 95.
1111 2906 1130 2928 1.

244 2940 445 2984 Ephesinum
458 2941 635 2976 secundum
648 2967 655 2974 .
1013 2955 1088 2991 154.
1100 2955 1130 2981 2.

244 2990 446 3035 Ephefinum
469 2991 754 3028 Conventiculum
781 2994 903 3039 semper
929 2998 1061 3030 recurrit
1090 2995 1129 3028 ad

297 3041 431 3076 Laicam
443 3041 641 3076 Potestatem
655 3067 663 3074 .
901 3055 955 3092 49.
974 3057 1000 3082 1-
1025 3053 1081 3091 59.
1094 3056 1126 3082 2.

246 3089 406 3135 Ephefini
427 3090 590 3126 latrocinii
614 3093 774 3129 sententia
795 3104 906 3129 contra
932 3094 1132 3130 Theodore-

294 3152 390 3181 tum,
418 3141 690 3177 circumscribitur
709 3145 728 3178 a
753 3145 865 3179 Leone
885 3146 1131 3191 Magno&1m-

296 3200 459 3235 peratore.
1013 3206 1130 3242 1551.

245 3240 484 3286 Ephefinorum
507 3242 642 3280 Parrum
663 3244 862 3280 constantia.
890 3245 946 3282 61·
967 3257 995 3282 1.
1024 3245 1131 3280 Nullo

298 3291 403 3327 modo
414 3293 533 3331 volunt
546 3293 586 3329 de
598 3305 686 3329 novo
698 3295 892 3330 subscribere
903 3296 1059 3330 Concilio
1072 3296 1128 3330 Ni-

243 3369 250 3387 ,
295 3352 389 3379 caeno
414 3355 426 3376 .·
457 3342 629 3392 Qidquid
662 3345 761 3380 etiam
792 3346 970 3391 Imperator
1001 3345 1131 3390 jubeat.

347 3390 649 3443 cbrss.1.upropera
662 3398 772 3432 RVH.

1880 184 1938 228 41
1956 186 1973 218 1

1213 246 1268 292 76.
1285 253 1316 283 ι.
1348 243 1350 246 ’

1164 294 1372 350 Episcopus&
1385 293 1515 338 Populo
1525 305 1594 328 non
1607 297 1757 333 admissus
1770 324 1777 332 .
1927 312 1938 335 ι
1941 309 1997 350 37.
2010 312 2043 339 2.

1165 344 1343 429 Episcgepus
1370 356 1439 379 non
1459 343 1516 404 fibi
1528 368 1541 386 ‚
1567 344 1621 379 sed
1646 347 1708 381 suis
1727 347 1854 384 ovibus
1874 349 2046 386 intendere

1167 395 1345 489 Episcopus
1366 444 1407 483 de
1422 444 1564 480 Ecclesia
1575 445 1616 480 ad
1628 444 1804 481 Ecclesiam
1813 446 1906 483 evehi
1915 411 2043 493 {bssstli

1168 493 1337 588 Ερῗίξὲρῗ
1354 544 1410 579 vix
1431 546 1496 580 sese
1515 545 1631 580 mutu&
1665 543 1885 581 inscribebant
1916 551 2046 586 Patres.

1169 604 1339 688 Episctigpi's·
1360 654 1506 691 tempore
1518 644 1801 689 persecutionum,
1826 657 1896 682 non
1910 648 2051 686 licetde-

1220 696 1318 730 serere
1329 705 1460 739 gregem
1472 720 1480 728 .
1929 707 1951 744 3
1959 707 2008 734 10-
2019 710 2052 735 2·

1170 744 1359 788 Episcopis,
1385 745 1450 778 fine
1472 746 1689 792 Metropollta
1713 748 1772 782 suo
1781 745 1867 781 nihil
1889 747 1930 782 de
1944 747 2054 783 fideli·

1219 795 1324 831 citum
1346 795 1391 829 est
1419 796 1576 839 statuere,
1602 798 1692 841 juxta
1715 797 1883 840 antiquam
1905 797 2056 832 Ecclefiae

1219 844 1384 890 regulam·
1411 854 1489 882 200.
1518 856 1550 885 1.
1577 847 1649 883 Nifi
1672 846 1727 885 hic
1752 856 1884 892 rogatus
1903 859 1973 882 non
1994 848 2056 881 res-

1221 893 1369 937 ponderit
1378 921 1386 928 .
1983 897 2058 932 ibid.

1173 942 1353 988 Episcopus
1362 947 1568 983 consecratus
1587 948 1628 983 ab
1642 946 1780 994 Angelis
1793 973 1801 982 .
1875 982 1878 983 γ
1932 958 2008 995 159·
2026 959 2056 984 1-

1035 993 1110 1029 ibid.
1173 992 1328 1037 Episcopi
1352 993 1528 1030 Christiani
1552 998 1587 1031 in
1611 1010 1690 1041 pace
1711 999 1831 1033 mortui
1854 998 1979 1043 Scripta
1990 1009 2061 1042 per-

1223 1043 1333 1084 versa,
1359 1044 1573 1081 condemnari
1597 1050 1726 1088 ponunt
1745 1048 1787 1083 de
1811 1060 1901 1083 novo
1915 1072 1926 1088 ,
1950 1048 2006 1083 etsi
2026 1048 2063 1085 &t

1225 1092 1326 1127 turbae
1349 1102 1559 1133 metuantur,
1584 1095 1618 1131 δι
1641 1098 1822 1138 perversitas
1845 1096 1950 1132 isthaec
1961 1097 1998 1133 fit
2007 1096 2063 1132 da-

1224 1143 1382 1180 mnatain
1394 1142 1461 1177 alio
1476 1167 1484 1174 .
1516 1153 1589 1190 143·
1601 1154 1633 1180 2·
1661 1145 1696 1181 (8·
1715 1143 1799 1190 seqq.
1825 1144 2064 1188 Damnat-ipo·-

1229 1192 1307 1234 test,
1336 1193 1401 1235 ipse
1420 1193 1518 1226 etiam
1546 1193 1746 1237 Episcopus,
1768 1193 1838 1237 post
1850 1194 2010 1237 ejusmodi
2029 1195 2064 1232 in

1229 1253 1308 1288 pace
1329 1251 1469 1280 mortem
1484 1263 1500 1280 ,Α
1518 1242 1589 1277 ibid.
1618 1241 1922 1290 Exi-dispensatorio
1955 1253 2066 1283 tamen

1230 1303 1342 1329 amore
1364 1293 1450 1337 pacis
1468 1292 1641 1336 prudenter
1653 1293 1851 1337 suspenditur
1859 1291 1923 1328 hoc
1933 1293 2067 1332 anathe«

1190 1353 1194 1357 ’
1231 1354 1303 1378 ma.
1477 1370 1479 1373 Α
1798 1354 1918 1390 1441·
1944 1343 2068 1387 (usum.

1183 1393 1382 1440 Episcopum
1402 1391 1633 1440 corrigendum
1657 1396 1719 1429 effe
1734 1393 1893 1434 aLaico,
1918 1392 2067 1434 nihil-est

1232 1443 1407 1479 infamius,
1782 1462 1786 1464 -
1970 1455 2025 1490 25·
2038 1455 2069 1480 22
2092 1479 2097 1491 ,,

1185 1494 1338 1541 Episcopi
1365 1493 1555 1540 degradatio
1576 1494 1690 1539 iniqua
1709 1520 1721 1537 ‚
1750 1494 1796 1530 est
1826 1493 2069 1530 homicidium.

1239 1559 1253 1585 1
1306 1571 1312 1579 ·
1327 1557 1356 1583 1·

1187 1557 1352 1643 Epissbpo
1371 1593 1552 1642 degradato
1573 1594 1816 1640 superordinare
1838 1595 1940 1631 alium
1960 1618 1971 1635 ‚
1999 1603 2072 1629 mos

1236 1647 1282 1685 est
1307 1657 1495 1693 perpetuus·
1526 1655 1600 1682 120.
1617 1658 1645 1683 1.
1674 1646 1708 1680 Si
1731 1646 1787 1680 ille
1808 1644 2072 1691 degradabatura

1237 1697 1375 1741 synodo
1385 1695 1633 1733 consecrabatur
1644 1695 1699 1731 hic
1713 1696 1844 1740 publice
1865 1698 1901 1730 in
1914 1692 2075 1739 synodali

1237 1750 1314 1785 loco
1326 1775 1334 1782 .
1515 1763 1517 1765 ¹
2001 1744 2075 1778 ibid.

1190 1800 1343 1844 Episcopi
1354 1797 1490 1843 depositi
1503 1822 1516 1838 ,
1541 1795 1747 1832 tradebantur
1756 1795 1934 1840 aliquando
1945 1795 2054 1830 Cur-iz
2062 1819 2075 1835 ,

1237 1850 1278 1885 ad
1302 1848 1476 1885 efferendas
1495 1847 1603 1883 sordes
1623 1846 1643 1883 ὲ
1661 1847 1795 1892 plateis,
1821 1847 1907 1886 &ad
1919 1847 1982 1881 alia
1994 1845 2073 1879 vilia

1238 1900 1435 1935 ministeria.
1723 1912 1728 1915 ·
1799 1895 1876 1935 218.
1889 1910 1920 1935 ιε
1950 1900 2072 1945 320-1.

1190 1951 1371 1995 Episcopus
1385 1949 1566 1995 eligebatur
1581 1949 1599 1984 ὲ
1622 1947 1755 1992 Populo
1768 1973 1775 1982 .
1954 1952 2030 1994 156·
2043 1957 2078 1983 2-

1191 2001 1344 2045 Episcopi
1368 2000 1414 2035 ob
1435 1998 1577 2034 haerefim
1590 1998 1682 2041 ejecti
1695 2024 1706 2040 ,
1731 1998 1917 2034 calamitate
1926 1998 1982 2032 sua
1993 1996 2080 2031 miti-

1239 2061 1320 2094 gant
1346 2051 1578 2094 perversitatem
1592 2049 1729 2092 Populi.
1960 2044 2079 2082 161-2·

1193 2098 1364 2141 Episcopis
1373 2099 1530 2140 imperare
1540 2098 1572 2130 se
1583 2106 1652 2129 non
1665 2097 1754 2140 poffe
1763 2097 1881 2134 fatetur
1905 2097 2084 2140 Imperator

1242 2145 1473 2180 Theodosius.
1841 2157 1896 2190 37.
1913 2157 1941 2180 1.
1969 2143 2027 2191 38.
2049 2156 2080 2183 1.

1199 2195 1367 2238 Episcopis
1398 2192 1617 2234 juramentum
1649 2191 1886 2235 qualecumque
1913 2193 2084 2230 interdicit

1245 2244 1399 2287 antiquus
1413 2242 1532 2276 Canon
1545 2266 1553 2273 .
1581 2251 1680 2289 95-2·
1709 2241 1891 2277 Praesertim
1902 2241 2086 2279 Antioche-

1248 2305 1310 2327 no.
2011 2294 2087 2329 ibid.

1200 2341 1353 2388 Episcopi
1375 2341 1560 2377 Orientales
1582 2365 1593 2382 ‚
1619 2342 1778 2377 mulctato
1801 2343 1941 2388 Collega
1964 2344 2023 2378 suo
2041 2343 2087 2380 ad

1248 2395 1409 2428 summam
1430 2391 1644 2436 pecuniariam
1657 2414 1668 2432 ‚
1693 2392 1725 2426 se
1744 2393 1831 2436 ipsos
1843 2393 2030 2429 'describunt
2038 2392 2086 2431 ‘ad

1245 2442 1538 2479 contribuendum.
1802 2441 1925 2480 218.1.
1957 2455 2035 2490 219.
2050 2454 2085 2479 2.

1197 2494 1351 2539 Episcopi
1374 2492 1533 2537 peregrini
1555 2492 1620 2526 fine
1632 2493 1793 2527 consensu
1817 2492 2008 2533 ordinarii,
2035 2494 2089 2535 so·

1246 2544 1399 2579 lemniter
1420 2541 1581 2578 celebrare
1614 2541 1830 2587 prohibentur
1849 2569 1860 2586 ‚
1885 2544 1918 2578 ἀ
1943 2542 2085 2579 concio-t

1246 2594 1333 2629 nari.
1982 2604 2039 2640 42.
2050 2606 2088 2633 2.>

1198 2645 1432 2690 Episcoporum
1453 2643 1496 2679 de
1518 2642 1727 2689 praecedentia
1748 2648 1764 2686 ‚'
1785 2644 1895 2690 regula
1926 2644 2083 2690 antiqua.

1246 2698 1270 2731 6
1295 2720 1301 2727 .
1319 2707 1346 2731 1.

1196 2705 1350 2790 Epigopi
1369 2744 1520 2780 Rebelles
1530 2744 1720 2790 quindecim
1732 2746 1788 2790 qui
1803 2745 1980 2782 noluerunt
1994 2744 2082 2787 corn-¹,

1245 2795 1413 2831 municare
1434 2806 1510 2830 cum
1532 2796 1651 2830 saneto
1677 2796 1823 2838 Cyrillo.
1852 2804 1931 2842 347.
1957 2806 1988 2831 2·
2015 2794 2081 2829 Eo-

1246 2858 1318 2881 rum
1341 2846 1476 2881 nomina
1493 2870 1501 2878 .
1528 2845 1601 2878 ibid.
1628 2844 1743 2888 Aliqui
1768 2844 1859 2887 ejecti
1881 2847 1974 2878 sunt.
2001 2842 2076 2878 abu.

1197 2897 1432 2941 Episcoporum
1445 2895 1602 2930 saecularia
1614 2892 1700 2927 bona
1713 2905 1782 2937 quae
1793 2893 1994 2938 poffidebant
2003 2904 2080 2929 ante

1244 2947 1498 2991 Episcopatum,
1523 2941 1779 2978 devolvebantur
1801 2944 1882 2978 olim
1907 2943 1946 2979 ad
1962 2944 2078 2980 Eccle-

1243 2998 1321 3032 fiam
1333 3021 1345 3039 ,
1370 2998 1404 3032 ἀ
1417 2994 1491 3030 ideo
1504 2994 1643 3038 populus
1654 2994 1773 3028 divites
1785 2994 1924 3038 rapiebat
1933 2993 2079 3037 plerum-

1242 3059 1329 3093 que,
1351 3046 1535 3083 &invitos.
1566 3054 1690 3091 157.2-
1715 3043 1866 3091 Qorum
1877 3054 1988 3080 tamen
1999 3056 2077 3078 con·

1244 3100 1351 3132 sensus
1383 3093 1636 3138 extorquebatur
1667 3103 1742 3128 ante
1777 3096 2077 3130 consecrationem.

1242 3149 1316 3181 ibid.

1195 3198 1340 3242 Epistola
1364 3194 1606 3240 conjunctionis
1618 3219 1625 3227 .
1981 3193 2031 3230 18.
2046 3205 2077 3229 2.

1196 3248 1339 3292 Epistola
1352 3246 1604 3281 fundamentalis
1615 3242 2079 3289 SanctiCyri111.180.1.182.r.

1195 3298 1339 3342 Epistola
1371 3302 1573 3330 Nominavtt.
1976 3297 2028 3338 17'·
2042 3296 2077 3326 Ἰ.

1197 3347 1340 3393 Epistola
1363 3347 1580 3392 pacificatoria
1604 3346 1709 3380 Sansti
1724 3347 1845 3390 Cyrilli
1860 3342 2055 3391 quaeincipit
2070 3363 2078 3381 ‚

1591 3394 1631 3430 M
1656 3407 1692 3432 m
1741 3409 1764 3435 2
1900 3426 1903 3428 .
1963 3395 2030 3439 1<ae-
