2320 3730
601 186 1006 243 Scuor11s‚er
1042 180 1236 228 Nous
1272 191 1660 228 1LLUSTRATAE.

223 269 359 306 adducit
377 268 480 313 plures
502 270 610 304 causas
633 294 640 303 .
667 268 780 306 Primo
800 294 812 313 ,
840 267 930 313 quod
962 269 1103 314 Ioannes

230 318 476 357 Dolichiensem
498 319 698 365 Episcopum
710 344 723 361 ,
747 319 915 357 temerarie
927 316 1102 356 &crudeli-

222 379 274 405 ter
295 367 447 412 ejecerit,
470 370 594 405 etenim
616 370 737 407 Virum
746 370 889 414 justum,
913 369 1102 409 infirmum,

220 419 358 454 affixum
380 418 465 454 lecto
483 443 496 460 ‚
520 421 554 456 δε
574 430 628 467 per
657 420 725 466 jam
742 421 889 465 exposita
911 417 1103 453 mendacia·

221 468 393 511 Secundo,
419 469 509 514 quod
526 470 563 507 in
582 470 804 507 consecrando
823 478 915 506 novo
937 468 1102 513 Episcopo

221 517 260 552 sit
279 518 498 563 praevaricatus
518 530 669 565 quartum
698 519 876 556 Nicaenum
905 517 1102 559 canonem,

218 567 279 608 ‘lui
291 568 405 607 diserte
416 569 550 605 mandat
563 593 576 612 ‚
601 581 644 606 ne
654 569 837 615 Episcopus
852 567 1024 605 ordinetur
1034 567 1103 604 fine

222 617 354 660 Judicio
374 618 497 664 proprii
507 619 785 664 Meti-cpolitani,
808 621 864 657 seu
881 619 949 653 fine
958 617 1103 654 Decreto

221 666 567 713 comprovincialium
585 669 847 715 Episcoporum3
875 668 947 715 Qi
968 668 1102 706 mandat

215 725 259 751 ut
279 728 394 755 omnes
414 717 721 764 Comprovinciales
736 720 799 754 sint
810 720 974 763 praesentes
986 743 998 760 ‚
1022 720 1056 756 ὃς
1067 728 1103 753 ut

218 776 264 801 ex
285 767 434 814 legitima
457 770 552 805 causa
571 769 720 814 absentes
739 769 948 806 consentiant
966 780 1021 813 per
1031 779 1103 813 pro·

220 816 308 859 prias
318 818 453 855 litteras.
485 819 528 855 Et
539 830 581 854 ex
593 817 655 855 hac
665 819 759 857 istius
768 819 918 856 Canonis
928 830 982 863 per
991 818 1104 854 Theo-

219 863 370 902 doretum
382 867 560 913 paraphrasi
573 869 748 912 discimus,
772 869 863 914 quod
884 869 980 906 illum
989 867 1105 905 Orien·

219 915 295 950 talis
309 916 447 954 Ecclesia
462 929 541 954 tunc
551 930 622 955 non
640 919 683 956 de
692 920 758 956 sola
771 920 1009 965 Episcoporum
1023 916 1104 951 Ele-

218 965 349 1009 stione,
376 968 432 1003 sed
449 968 552 1006 etlam
578 967 621 1006 de
634 966 1104 1006 consecrationeintellexerit.

220 1013 343 1051 Tertio
365 1017 468 1059 dicit,
493 1018 584 1061 quod
603 1016 783 1053 iffiusmodi
810 1016 1042 1058 consecratio,
1069 1017 1104 1054 li-

216 1073 272 1097 cet
293 1075 362 1098 non
386 1065 498 1105 irrita,
523 1065 563 1100 sit
576 1075 686 1102 tamen
700 1066 1021 1111 infirma&reproba
1036 1092 1047 1109 ,
1072 1068 1104 1102 &

208 1113 307 1156 ‘quod
329 1112 513 1151 istiusmodi
529 1115 628 1150 alieni
650 1115 728 1162 juris
747 1129 786 1151 ac
803 1115 1106 1154 alienaeProvinciae

214 1161 350 1198 invasor
370 1162 409 1198 fit
429 1175 484 1207 per
508 1164 664 1201 Canones
682 1176 776 1207 reus,
802 1177 871 1202 non
883 1167 983 1202 solius
1005 1167 1107 1202 Com-

213 1212 389 1257 ‚munionis
408 1211 643 1262 disrumpendae
662 1238 674 1256 ,
702 1216 756 1251 sed
775 1217 876 1252 etiam
901 1216 1105 1261 degradatio·

214 1261 285 1297 nis.
313 1262 367 1298 Ex
390 1262 443 1299 his
465 1265 639 1302 concludit
659 1266 797 1313 Joannis
822 1266 1104 1305 communionem

214 1311 312 1348 ruisse
322 1311 438 1348 merito
448 1313 623 1359 disruptam
635 1341 642 1351 .

265 1360 498 1400 Dolicbienses
519 1376 588 1401 non
609 1364 820 1403 solummodo
842 1366 1104 1414 purgataturbu·

215 1409 339 1454 sentia,
366 1413 557 1460 sediusuper
566 1427 702 1451 omnem
721 1416 806 1452 hanc
815 1428 954 1452 conatur
967 1418 1000 1452 in
1011 1417 1106 1461 Ioan-

215 1471 295 1497 nem
307 1462 488 1499 traducere.
518 1465 646 1506 Primo,
655 1467 732 1509 quia
743 1465 975 1503 Dolichienses
985 1466 1104 1519 merit&

215 1511 350 1548 suerunt
359 1513 452 1549 anxii
464 1525 523 1557 pro
532 1516 593 1549 suo
609 1516 774 1561 Episcopo
788 1542 799 1558 ‚
825 1519 900 1552 sene
913 1542 923 1558 ,
950 1518 1105 1553 innocen-

216 1570 273 1608 te,
300 1563 442 1607 graviter
465 1564 624 1606 infirmo,
649 1568 738 1609 passo
758 1566 959 1602 calumnias.
988 1567 1104 1600 Secun-

214 1607 262 1644 do*
273 1633 285 1651 ,
311 1611 400 1654 quod
421 1612 532 1647 nullos
543 1622 655 1649 motus
666 1614 803 1649 fecerint
815 1638 827 1655 ,
852 1615 906 1649 sed
917 1616 960 1649 Su
965 1615 1105 1658 perordi-

213 1669 330 1695 natum
343 1660 408 1698 illis
421 1661 651 1707 Presbyterum
661 1663 802 1707 gratiose
812 1666 846 1701 &
857 1665 991 1709 pacifice
1001 1665 1044 1701 ad
1054 1677 1104 1703 ce-

213 1708 365 1745 dendurn
377 1710 583 1747 induxerint.
607 1712 751 1754 Tertio,
776 1714 868 1759 quod
877 1726 992 1751 omnes
1003 1715 1103 1752 secuti

214 1769 327 1795 motus
346 1760 406 1795 sint
429 1772 511 1805 opus
529 1762 682 1807 Joannis.
710 1763 862 1812 Qarto,
888 1764 979 1809 quod
992 1763 1104 1802 Abbi-

215 1807 276 1844 bus
294 1810 471 1855 Operarios
482 1811 652 1855 publicos,
679 1823 737 1848 aut
753 1816 898 1856 ipsorum
920 1814 1103 1851 Curatores

213 1870 286 1894 non
308 1862 487 1903 procurarit
507 1863 626 1908 privari
648 1861 838 1906 stipendiis,
861 1863 998 1907 &quod
1008 1865 1106 1900 Doli-

213 1907 356 1944 chiensis
368 1909 517 1946 Ecclesiae
527 1912 694 1957 Pagenses
713 1923 784 1950 non
804 1913 965 1948 coiverint
975 1914 1010 1949 in
1022 1914 1106 1950 mul.

213 1958 394 1994 titudinem
412 1960 472 1994 nisi
495 1961 538 1997 ad
556 1961 798 1999 defendendam
818 1965 909 2001 suam
928 1964 1101 2001 Basilicam

214 2006 408 2045 Sanctorum
422 2009 552 2047 Cosmae
571 2012 607 2048 δε
626 2011 803 2051 Damiani.
829 2014 932 2051 Hanc
941 2014 1105 2051 enimim-

213 2058 309 2093 missa
330 2058 349 2091 a
360 2055 488 2103 Joannc
497 2061 649 2097 militaris
661 2061 842 2100 multitudo
852 2062 1040 2100 minabatur
1051 2063 1103 2096 in-

211 2107 372 2142 cendere:
400 2108 445 2144 Et
454 2109 523 2153 qud
534 2110 645 2146 minus
666 2110 851 2148 incenderit
864 2135 876 2152 ,
900 2112 981 2148 fecit
1001 2111 1102 2148 timor

210 2158 413 2193 excurrentis
426 2158 821 2197 Rusticaernultitudinis.
847 2161 943 2198 Hinc
965 2162 1104 2199 conclu·

211 2205 263 2241 dit
273 2218 334 2242 nec
344 2207 362 2240 a
373 2209 404 2241 se
414 2232 426 2248 ,
451 2220 513 2242 nec
524 2207 826 2245 aDolichiensibus
842 2211 1022 2254 exigendas
1036 2221 1099 2253 Ρω-

211 2266 274 2295 nas
295 2280 307 2297 ‚
334 2254 389 2289 sed
409 2257 429 2291 a
450 2256 522 2292 solo
544 2257 672 2302 Joanne
691 2281 699 2290 .
726 2257 771 2293 Et
792 2256 905 2293 denuo
925 2257 1100 2303 adjungit,

213 2305 304 2350 quod
315 2305 457 2348 Ioannes
475 2305 694 2343 Athanasium
715 2317 753 2342 ac
766 2307 1020 2347 Mariniauum,
1042 2305 1099 2343 ob-

213 2356 333 2391 scaenos
353 2367 391 2390 ac
411 2354 549 2392 infames
570 2353 722 2392 homines
740 2380 751 2398 ‚
777 2357 927 2402 publicos
946 2358 1096 2402 Lupana-

211 2403 300 2439 rium
329 2406 587 2446 frequentatores
610 2429 622 2446 ‚
658 2417 800 2449 quorum
821 2404 950 2451 flagitia
977 2406 1041 2441 ssnt
1063 2406 1099 2443 &

212 2453 512 2499 Constantinopoli
529 2454 563 2489 δε
576 2452 765 2490 Antiochia
784 2455 949 2491 notiffima
960 2479 973 2497 ,
995 2455 1096 2490 etiam

208 2501 450 2544 Praefestianis,
475 2503 726 2548 Magistrianis‚
752 2504 874 2542 acaliis
895 2505 1035 2550 publicis
1055 2506 1099 2542 ci·

209 2552 352 2588 vitatum
373 2551 535 2588 Ministris
558 2566 566 2586 ε
594 2552 699 2602 Qud
726 2577 737 2594 ,
763 2555 898 2600 inquam
915 2578 927 2595 ,
953 2555 1097 2600 Ioannes

209 2601 287 2639 istas
297 2600 435 2637 humani
443 2603 575 2648 generis
585 2603 679 2638 faeces
698 2603 734 2637 in
743 2603 925 2648 Episcopos
934 2606 1098 2642 consecra·

208 2651 267 2687 rit.
297 2652 373 2688 Nec
392 2652 493 2697 possit
514 2652 656 2697 allegare
674 2652 898 2698 ignorantiam
923 2678 933 2688 .
959 2653 1096 2692 Etenim

208 2700 292 2736 dum
304 2702 369 2737 una
378 2713 456 2738 cum
464 2700 687 2738 Theodoreto
707 2714 747 2738 ac
756 2702 829 2738 aliis
840 2702 1012 2748 Episcopis
1033 2706 1096 2747 [με

208 2748 385 2795 Ephesium
403 2750 570 2787 Faaionis
580 2752 725 2796 Legatus
738 2754 802 2788 fuit
811 2752 1096 2800 Constantinopo-

207 2800 235 2836 li
245 2825 256 2842 ‚
267 2799 467 2836 Praefeffiani
476 2811 516 2836 ac
525 2800 734 2847 Magistriani
745 2801 961 2842 Athanasium
971 2827 985 2846 ‚
1009 2812 1045 2840 tu
1050 2816 1092 2841 nc

206 2850 343 2886 forsitan
364 2850 432 2894 ejus
446 2850 677 2897 Presbyterum
700 2861 757 2888 aut
768 2853 980 2896 Diaconum,
1005 2855 1092 2900 apud

205 2900 316 2945 ipsum
326 2900 507 2936 accusarint
528 2901 571 2936 de
581 2901 649 2938 istis
670 2900 828 2948 flagitiis,
852 2902 1091 2941 &addiderunt

207 2949 383 2996 probantia
401 2951 610 2987 testimonia.
640 2954 686 2990 Et
710 2950 781 2988 haec
802 2976 814 2994 ,
836 2955 897 2991 sibi
920 2954 940 2990 a
962 2955 1090 3001 Ioanne

207 3001 475 3043 communicata,
500 2999 738 3039 Theodoretus
755 3003 893 3041 affirmat
917 3006 950 3042 se
972 3005 1087 3042 vidiffe

208 3060 249 3085 ac
260 3049 372 3095 legisse
383 3075 392 3084 .
417 3051 512 3087 Hinc
523 3050 638 3087 denuo
656 3051 828 3091 concludit
839 3054 975 3100 Ioannis
986 3055 1087 3091 Com·

206 3100 407 3135 munionem
424 3102 488 3136 effe
506 3100 693 3138 derelictam
711 3114 782 3140 non
794 3104 861 3141 siue
879 3104 1061 3142 rationibus
1081 3131 1090 3139 .

207 3147 318 3185 Porro
334 3146 403 3184 haec
413 3151 528 3186 omnia
544 3151 723 3189 consistunt
743 3153 781 3190 in
789 3155 873 3191 facto
883 3180 892 3191 .
918 3156 964 3192 Et
979 3156 1086 3191 omni«

206 3197 257 3233 no
267 3198 421 3236 credibile
429 3199 495 3241 est,
518 3200 608 3247 quod
620 3212 755 3249 utraque
775 3216 868 3249 pars,
895 3206 1087 3243 exsolemni

206 3245 360 3336 lsiaumanae
378 3249 413 3287 in
593 3263 686 3290 more
707 3276 720 3296 ‚
744 3253 907 3293 miscuerit
929 3257 1012 3294 veris
1030 3256 1087 3294 fal·

1873 197 1972 246 297

1309 341 1352 388 C
1367 336 1569 390 APUT
1603 339 1859 391 CXXXIV.
1894 307 2037 397 ”aaz

1161 475 1332 528 Libellus
1370 473 1701 543 Reverendffmt‘s
1734 481 1795 527 (ν’
1818 482 1898 526 Deo
1931 483 2043 528 Ami.

1229 544 1385 613 cffmis
1401 546 1618 619 Epifiopis‚
1637 546 1883 609 Alexandro,
1917 547 2046 599 Theo.

1231 617 1352 666 domo
1386 654 1401 680 ,
1435 625 1571 669 Marae
1594 654 1608 680 ‚
1642 619 1799 670 Davidt‘
1818 656 1834 681 ‚
1869 617 2015 674 Acilino
2031 652 2047 682 ‚

1231 688 1282 737 ab
1316 689 1460 736 Abbibo
1493 687 1678 758 Ep5fi0p0
1706 687 1872 740 Dolichii
1896 685 2041 755 mtffiss,

1227 772 1296 824 per
1341 776 1447 824 quem
1479 759 1667 810 indicavit
1715 778 1796 828 quae
1827 759 1879 811 ab
1913 764 2049 810 Antio-

1234 824 1342 876 cheno
1375 826 1494 894 iniqui
1529 827 1715 897 commrffir
1738 828 1859 898 firm·

1238 962 1372 998 Ervenit
1382 960 1423 997 ad
1435 972 1488 996 me
1499 987 1510 1003 ,
1537 962 1628 1007 quod
1647 973 1789 1007 apertam
1805 974 1921 1001 contra
1939 965 2051 1002 Sacer·

1260 1012 1347 1048 dotii
1370 1012 1502 1047 culmen
1522 1013 1756 1056 tyrannidem,
1779 1014 1915 1050 &suam
1937 1027 2051 1055 coram

1165 1064 1289 1098 cunctis
1299 1071 1480 1098 metuentes
1494 1060 1666 1099 infamiam
1677 1085 1688 1101 ,
1702 1063 1760 1106 qui
1771 1074 1825 1097 me
1837 1063 1880 1098 ab
1887 1065 1966 1101 urbe
1976 1078 2052 1102 mea

1167 1114 1358 1161 pepulerunt
1378 1137 1390 1152 ,
1414 1111 1614 1155 opinionem
1633 1110 1748 1148 falsam
1769 1111 1891 1154 ubique
1913 1116 2052 1151 semina·

1168 1164 1273 1199 verint
1285 1188 1295 1204 ,
1321 1159 1410 1207 quod
1434 1172 1503 1195 non
1516 1160 1604 1203 prius
1626 1160 1662 1194 in
1673 1161 1841 1197 Dolichio
1853 1162 2053 1208 Episcopum

1167 1214 1302 1251 fecerint
1314 1237 1326 1253 ,
1351 1222 1452 1255 quam
1463 1210 1671 1249 refutatorios
1681 1212 1700 1246 ἢ
1716 1223 1769 1247 me
1782 1210 1913 1248 libellos
1929 1215 2055 1258 accipe·

1169 1275 1259 1298 rent.
1286 1262 1464 1298 Innotesco
1483 1260 1584 1306 igitur
1605 1260 1698 1296 vobis
1711 1286 1723 1303 ,
1751 1273 1806 1307 per
1826 1263 1992 1299 orationes
2002 1275 2055 1300 ve·

1168 1314 1244 1349 stras
1261 1314 1370 1357 jurans
1381 1335 1393 1353 ‚
1408 1311 1485 1356 quia
1496 1323 1604 1356 neque
1622 1310 1750 1347 libellos
1759 1314 1972 1351 refutatorios
1983 1314 2055 1349 An·

1168 1362 1331 1399 tiocheno
1351 1361 1475 1400 direxi,
1504 1372 1611 1404 neque
1632 1373 1779 1407 unquam
1802 1363 1917 1398 volens
1935 1363 2055 1403 abhoc

1169 1415 1369 1460 Episcopatu
1379 1411 1526 1448 recedam
1538 1436 1551 1453 ‚
1575 1412 1609 1448 ἀ
1622 1412 1782 1448 violenter
1800 1413 1952 1458 expulsus
1964 1414 2055 1451 silere

1169 1476 1238 1501 non
1262 1464 1366 1508 patiar
1386 1485 1397 1501 ‚
1422 1462 1476 1498 sed
1497 1462 1600 1496 vestra
1634 1462 1855 1502 nihilominus
1874 1464 2056 1503 Sanciitate

1168 1527 1227 1560 pro
1250 1525 1304 1548 me
1322 1513 1388 1547 suis
1409 1511 1619 1550 orationibus
1637 1523 1847 1550 concertante
1868 1537 1881 1555 ‚
1907 1525 1978 1549 non
2000 1524 2055 1550 me

1169 1562 1314 1611 pigebit,
1341 1571 1377 1598 ut
1388 1563 1502 1605 spero,
1529 1573 1590 1598 nec
1602 1563 1707 1599 subire
1728 1563 1855 1598 itineris
1874 1563 2059 1608 longitudi-

1168 1624 1242 1648 nem
1255 1638 1267 1655 ‚
1292 1624 1354 1649 nec
1370 1611 1412 1648 ad
1431 1612 1572 1655 plurium
1596 1623 1792 1649 concurrere
1814 1612 2057 1656 Episcoporum

1167 1663 1380 1699 Concilium.
1407 1662 1509 1699 Talia
1527 1662 1620 1696 enim
1635 1661 1774 1696 sustinui
1784 1660 1872 1706 pacis
1883 1671 2030 1706 tempore
2042 1686 2056 1705 ‚

1166 1714 1274 1758 qualia
1288 1713 1399 1749 nullus
1407 1736 1420 1755 ,
1444 1711 1525 1748 dum
1538 1721 1652 1747 contra
1666 1711 1825 1756 pietatem
1845 1710 1949 1748 facere
1959 1723 2057 1758 coge-

1168 1774 1276 1804 retur,
1302 1762 1487 1798 sustinuisse
1498 1762 1713 1798 monstratur.
1741 1762 2058 1807 Nullumigiturlo·

1167 1825 1244 1847 cum
1254 1811 1341 1856 apud
1362 1811 1499 1846 vestram
1512 1811 1776 1856 Religiositatem
1797 1812 2056 1850 illorumfalsitas

1168 1862 1307 1902 habeat,
1332 1861 1390 1905 qui
1411 1861 1569 1894 excusant
1588 1861 1813 1896 excusationes
1830 1862 1865 1896 in
1892 1864 2052 1905 peccatis.

1168 1913 1214 1947 Et
1225 1923 1316 1947 nunc
1326 1908 1457 1954 quidem
1468 1909 1584 1944 dicunt
1593 1934 1606 1952 ‚
1631 1909 1722 1955 quod
1742 1911 1759 1945 a
1771 1923 1824 1947 me
1835 1911 1991 1947 defun-sto
2011 1913 2054 1948 ad

1166 1961 1298 1997 alterius
1317 1959 1575 1997 Ordinationem
1597 1959 1741 2004 perdum
1763 1962 1825 1996 sint
1844 1973 1854 2002 ;
1883 1973 1973 1996 nune
2000 1974 2055 1996 au-

1166 2020 1233 2046 tem
1245 2009 1336 2056 quod
1349 2009 1367 2044 a
1379 2020 1430 2044 me
1440 2009 1561 2044 fuerint
1572 2007 1641 2045 dati
1654 2010 1759 2045 libelli
1767 2032 1778 2050 ‚
1803 2021 1860 2056 per
1872 2020 1956 2053 quos
1970 2010 2054 2059 Epi·-

1165 2061 1314 2107 scopatus
1325 2057 1565 2105 repudiaverim
1574 2070 1615 2093 cu
1619 2068 1687 2094 ram
1693 2082 1702 2091 .

1352 2210 1861 2258 Scn0110N.

1270 2350 1340 2388 AEc
1353 2351 1501 2398 Epistola
1522 2353 1666 2389 omnino
1693 2358 1843 2400 praeceffit
1863 2359 2046 2403 praeceden-

1293 2412 1377 2438 tem.
1403 2402 1460 2440 Est
1472 2404 1588 2450 scripta
1603 2405 1711 2441 statim
1732 2407 1804 2452 post
1828 2408 1963 2453 ejectum
1976 2411 2046 2446 Ab·

1132 2483 1133 2486 ,
1160 2450 1291 2487 bibum.
1316 2451 1468 2490 Affirmat
1479 2455 1569 2500 quod
1583 2455 1725 2500 Joannes
1742 2457 1927 2494 patriarcha
1938 2460 2045 2504 ,suam

1157 2513 1255 2536 coram
1276 2503 1390 2539 cunels
1404 2502 1565 2549 infamIam
1584 2515 1717 2542 metuens
1735 2531 1747 2548 ,
1771 2508 1813 2543 ad
1837 2510 2043 2555 purgandum

1158 2551 1251 2586 suum
1262 2551 1386 2590 facinus
1398 2554 1542 2598 sparserit
1554 2555 1641 2591 varia
1653 2580 1665 2597 ,
1677 2556 1711 2593 ἀ
1721 2557 1856 2604 quidem
1872 2570 1940 2594 non
1948 2560 2044 2597 dum-

1158 2610 1248 2637 taxat
1258 2602 1356 2645 falsa,
1380 2601 1433 2640 sed
1442 2603 1542 2640 etiam
1552 2605 1714 2641 contraria
1725 2632 1733 2641 ,
1761 2606 1857 2644 Alibi
1868 2608 2042 2648 Abbibum

1156 2650 1346 2689 defunctum
1359 2676 1371 2694 ‚
1397 2651 1477 2688 alibi
1488 2655 1594 2698 sparsit
1605 2654 1647 2691 ab
1658 2655 1718 2691 illo
1726 2655 1943 2694 Antiochiam
1966 2661 2043 2695 fuis·

1157 2702 1189 2736 se
1209 2702 1318 2737 missos
1329 2701 1476 2739 Libellos
1490 2699 1734 2754 Refutatorios.
1759 2706 1822 2742 Per
1832 2706 1918 2744 hanc
1939 2709 2042 2756 igitur

1155 2751 1327 2795 epistolam
1353 2751 1507 2789 Abbibus
1527 2755 1719 2798 protestatur
1740 2755 1809 2793 haec
1837 2759 1953 2794 omnia
1975 2762 2041 2796 esse

1154 2801 1231 2836 salsa
1242 2826 1254 2844 ,
1279 2803 1411 2838 invocat
1425 2804 1487 2838 suae
1499 2803 1682 2842 Provincia
1697 2806 1949 2851 Metropolitam
1962 2833 1973 2850 ‚
1998 2820 2039 2844 ac

1153 2861 1268 2887 omnes
1279 2852 1478 2897 Episcopos,
1504 2865 1601 2899 rogat
1623 2855 1690 2891 fieri
1706 2856 1901 2900 Synodum,
1926 2858 1960 2892 δε
1974 2858 2037 2894 suae

1153 2901 1331 2937 calamitati
1350 2902 1421 2937 dari
1441 2904 1619 2939 remedium
1638 2930 1646 2937 .
1675 2904 1812 2949 Propter
1827 2905 1913 2941 hanc
1934 2907 2036 2952 igitur

1152 2950 1325 2995 epistolam
1355 2952 1544 2990 Alexander
1569 2955 1784 2999 Metropolita
1818 2957 1898 2992 fecit
1925 2959 2036 3001 Syno-

1151 3001 1253 3042 dum,
1279 3003 1366 3038 &ex
1387 3004 1454 3048 ipsa
1476 3004 1596 3049 scripsit
1616 3005 1707 3047 supra
1730 3004 1884 3042 adductas
1911 3006 2034 3045 litteras

1150 3050 1193 3087 ad
1215 3051 1396 3098 Episcopos
1414 3053 1534 3099 Syriae,
1560 3054 1707 3095 Ciliciae,
1732 3067 1771 3091 ac
1793 3056 1931 3093 aliarum
1952 3057 2033 3093 Pro·

1151 3102 1331 3137 vinciarum
1346 3127 1355 3138 ‚
1385 3103 1428 3138 Et
1453 3104 1584 3139 forsitan
1606 3103 1672 3140 haec
1691 3105 1828 3148 epistola
1851 3108 1947 3151 poslit
1966 3109 2031 3146 esse

1150 3154 1245 3188 causa
1258 3177 1270 3194 ,
1292 3164 1351 3188 eur
1359 3152 1592 3190 Theodoretus
1613 3155 1644 3189 se
1669 3153 1865 3194 Alexandro
1875 3157 2032 3202 adjunxe·

1149 3201 1191 3238 rit
1207 3226 1217 3238 .
1243 3204 1356 3250 Qare
1373 3203 1519 3240 debuerit
1539 3203 1574 3237 in
1595 3203 1774 3242 cassinensi
1797 3206 1926 3243 Codice
1947 3209 2030 3252 poni

1149 3261 1226 3288 ante
1236 3253 1417 3298 pluresJam
1430 3252 1599 3290 adductas.
1627 3253 1732 3292 Porro
1754 3256 1796 3291 de
1807 3257 2030 3295 Refutatoriis

1151 3301 1385 3350 Episcoporum
1406 3301 1524 3340 libellis
1535 3304 1683 3348 frequens
1700 3306 1745 3340 est
1759 3307 1844 3351 apud
1858 3307 2029 3352 Antiquos

1149 3353 1276 3390 mentio
1284 3379 1293 3390 .
1302 3353 1437 3392 Etenim
1448 3352 1490 3391 ad
1503 3353 1676 3391 Domuum
1690 3356 1880 3394 Antiochiae
1891 3358 2028 3392 Patriat-

1858 3406 1952 3441 cham
1963 3430 1976 3450 ,
