2320 3730
532 155 878 210 Seuerus,
917 168 979 196 ET
1015 152 1210 199 Norls
1246 164 1645 196 lttusTRArAE.

206 239 332 283 Apostoli
351 236 509 279 Bafilicam
524 238 691 280 praeclusit,
718 240 753 272 (9¹
765 250 801 271 ne
822 237 940 280 sacrum
963 239 1081 279 quidem

210 288 382 328 Penteccstes
402 288 480 321 diem
508 287 725 330 Religiostffimis
757 287 911 332 Episcopis
939 288 1084 322 celebrare

203 337 350 382 permifit.
379 338 423 371 Et
435 338 538 381 prima
558 339 706 372 factionis
726 339 766 373 ad
780 339 966 382 Principem
989 337 1086 371 Rela-

209 391 279 422 tio:
305 389 428 426 Cyrillus
451 389 674 423 Alexandrinus
697 390 732 422 (9·
757 393 898 423 Memnon
917 386 1086 429 Ephesius,

205 437 348 481 satellitio
369 446 539 480 comparato
553 464 562 480 ‚
588 450 756 483 magnaque
773 439 929 482 agrestium
937 437 1087 470 hominum

209 488 396 521 multitudine
417 489 514 521 coacYa
528 514 539 529 ‚
566 501 602 523 ne
624 490 742 522 sancite
764 489 882 530 quidem
909 486 1086 527 Pentecostes

210 537 328 577 Festum
346 539 509 578 celebrare,
535 540 744 578 matutinave,
769 547 822 570 aut
845 536 1018 579 vespertina
1031 536 1087 577 offi-

210 593 257 621 cia
267 588 344 621 obire
351 586 568 631 permiserunt.
597 593 754 631 Aspraeter
766 587 829 621 baec
846 587 973 620 sannas
994 593 1087 620 etiam

211 637 352 679 Ecclefias
364 663 375 678 ‚
386 636 519 682 Sanc‘las
515 651 568 682 que
578 643 739 677 Martyrum
749 639 852 671 AEdes
865 638 949 670 nobis
957 639 1091 680 praeclu-

210 689 317 721 dentes
327 713 338 729 ,
364 687 420 730 ipsi
425 701 489 722 cum
500 687 678 732 quibusdam
689 693 723 720 in
732 699 859 721 errorem
866 689 981 721 illorum
995 687 1090 720 abdu-

209 738 269 771 e‘lis
290 744 368 771 inter
385 738 419 782 se
441 737 592 782 conseffum
610 737 798 778 instituerunt
817 763 828 779 ‚
857 740 878 771 5
882 739 1092 780 annorumque

211 791 342 821 Patrum
353 789 526 822 canonibus
534 812 546 828 ‚
572 786 732 831 vestrisque
744 792 878 822 Decretis
887 789 1066 831 proculcatis
1080 813 1091 828 ,

207 835 351 883 sexcenta
366 837 506 882 scelerum
526 840 664 880 exempla
686 839 862 872 ediderunt.
891 840 936 873 Et
958 839 1092 873 Relatio

210 887 254 922 ad
264 889 416 922 Senatum
427 889 837 932 Constantinopolitanum
852 903 863 923 .·
889 893 1091 932 Comperimus

212 940 351 977 cyrillum
373 936 614 972 Alexandrinum
634 938 811 983 Episcopum
823 965 833 980 ,
860 940 1092 973 &Memnonem

212 985 423 1029 Ephesiorum,
446 987 588 1032 sexcenta
601 991 774 1033 gravifflma
795 998 898 1023 contra
916 993 972 1022 Dei
993 991 1092 1023 Eccle-

202 1035 280 1080 fiam
295 1038 416 1081 geffiffit,
439 1044 596 1072 civitatem
616 1039 815 1082 sancitamque
837 1041 978 1079 synodum
991 1039 1090 1073 turbis

211 1087 431 1121 &tumultibus
440 1088 584 1131 complesse
594 1114 604 1130 ‚
630 1100 719 1132 atque
740 1102 780 1124 ex
794 1096 896 1123 nautis
909 1093 1066 1134 AEgyptiis
1079 1115 1089 1131 ,

211 1147 247 1170 ac
258 1135 389 1179 Asiaticis
406 1138 516 1179 rusticis
531 1138 673 1182 satellitio
692 1140 826 1181 collecto,
853 1143 1019 1180 Tyrannidi
1028 1139 1093 1183 suae

211 1186 360 1228 minislros
372 1188 549 1232 quaefiviffe,
577 1191 696 1223 sacram
715 1191 835 1224 Sanc‘lae
849 1191 1030 1231 pentecostes
1041 1194 1060 1223 5
1061 1202 1093 1223 o-

213 1238 394 1272 lemnitatem
404 1239 544 1273 celebrari
555 1241 675 1282 vetuisse
686 1265 697 1281 ‚
718 1243 807 1273 sacra
822 1242 949 1282 Templa
966 1242 1000 1273 Θ
1013 1244 1093 1272 Mar-

212 1296 308 1326 tyrum
318 1288 421 1322 AEdes
427 1288 598 1333 praeelufiffe
609 1313 620 1329 ,
647 1294 692 1322 ita
705 1299 738 1322 ut
763 1301 799 1323 ne
810 1299 897 1323 orare⁴
909 1291 1026 1333 quidem
1043 1301 1093 1324 vo-

212 1337 341 1371 lentibus
351 1341 465 1373 licuerit
486 1339 678 1373 venientibus
700 1341 797 1373 e'locis
819 1339 910 1384 usque
922 1341 996 1374 adea
1006 1352 1093 1374 remo-

211 1393 253 1421 tis
266 1411 278 1428 ,
305 1389 532 1432 Sanz‘iorumque
552 1393 741 1430 Martyrum,
765 1392 898 1424 maxime*
919 1394 992 1424 vero
1017 1393 1095 1424 Bea-

212 1438 310 1478 tiffimi
312 1442 345 1483 J
348 1444 454 1471 oannis
467 1438 602 1483 Theologi
626 1450 660 1481 ac
671 1439 879 1484 Evangelistae
891 1465 901 1481 ,
929 1452 1096 1474 monumen·

213 1496 250 1521 ta
258 1494 358 1521 omnia
366 1488 574 1529 compleeendt
584 1489 720 1531 defiderio
727 1491 929 1533 flagrantibus
941 1516 949 1522 .
981 1492 1096 1526 Fastio

213 1537 397 1579 frequenter
417 1538 490 1572 urfit
502 1536 588 1572 hanc
610 1540 852 1583 querimoniam
865 1565 872 1572 .

263 1587 338 1622 Nec
351 1587 458 1623 solum
468 1587 662 1623 Nestorium
683 1589 728 1623 ita
741 1590 888 1626 trastavit
907 1591 1073 1626 Memnon
1085 1616 1095 1632 ,

211 1637 270 1674 sed
289 1637 395 1682 ipsum
411 1638 513 1673 etiam
535 1638 757 1674 Patriarcham
769 1642 929 1684 Joannetn
941 1666 952 1682 ‚
978 1653 1017 1676 ac
1039 1642 1094 1685 ipfi

211 1686 410 1724 adhaerentes
423 1689 616 1734 Episcopos.
635 1690 771 1725 Etenim
783 1690 816 1724 hi
832 1692 866 1725 in
879 1693 934 1728 sua
946 1692 987 1726 ad
1004 1692 1098 1726 Prin·

213 1740 346 1784 cipem,
370 1750 434 1784 pet·
448 1740 635 1775 Palladium
658 1741 915 1786 Magistrianum
939 1743 1097 1778 transmis-

215 1791 271 1830 sa,
298 1789 472 1825 Relatione
494 1790 657 1826 scribunt:
686 1791 816 1833 Profec‘it
832 1790 937 1835 sumus
958 1794 1002 1826 ad
1024 1796 1098 1827 San-

217 1840 404 1886 c‘liJoannis
424 1841 630 1885 Evangelistae
655 1842 846 1884 apostolicam
863 1842 1099 1888 Eeclefiamgra-

216 1894 278 1922 tias
290 1891 386 1922 ac‘luri
399 1915 410 1929 ‚
438 1895 589 1933 Deumque
607 1900 663 1933 pro
674 1893 772 1931 vestra
783 1893 939 1934 Majestate
948 1898 1097 1937 rogaturi.

218 1942 299 1970 Cum
318 1947 416 1971 autem
437 1941 481 1972 illi
504 1951 555 1973 nos
565 1943 723 1984 conspicati
746 1943 856 1985 essem,
882 1945 1005 1984 repente*
1015 1946 1098 1976 Tem·

212 1988 300 2030 plum
312 1988 396 2020 nobis
414 1988 608 2031 occluserunt.
635 1994 742 2031 Itaque
761 2001 825 2024 cum
839 1991 1006 2033 forinsecus
1029 1993 1100 2024 ado-

216 2037 390 2080 raviffemus
414 2062 426 2078 ,
445 2035 617 2082 filentioque
642 2049 857 2073 reverteremur
879 2064 890 2080 ‚
907 2041 1097 2083 famulorum

216 2089 411 2129 quorumdam
433 2090 589 2122 multitudo
606 2098 761 2132 erumpens
774 2115 785 2131 ,
812 2092 886 2124 alios
910 2093 1028 2134 quidem
1049 2103 1099 2126 no-

210 2137 339 2178 strorum
357 2139 571 2181 detinuerunt,
595 2142 747 2174 nonnullis
763 2143 907 2182 jumenta
924 2141 983 2185 sua
1009 2142 1099 2183 abstu-

220 2189 336 2227 lerunt,
363 2187 505 2232 quosdam
525 2196 619 2224 etiam
641 2193 881 2226 vulneraverunt
896 2217 907 2233 ‚
937 2205 988 2226 nos
999 2202 1099 2226 autem

213 2236 341 2279 fustibus
363 2240 561 2281 &lapidibus
579 2243 663 2284 longo
674 2244 834 2275 intervallo
859 2241 1075 2287 inse’Hatisunt
1088 2268 1099 2284 ‚

217 2293 264 2322 ita
301 2297 336 2322 ut
362 2312 374 2329 ,
395 2298 544 2333 tanquam
580 2292 732 2325 Barbaris
769 2291 1010 2335 insequentibus,
1036 2307 1100 2327 ma-

211 2349 279 2382 gna
303 2346 365 2371 tum
380 2339 574 2381 festinatione
601 2341 713 2386 sugam
738 2343 878 2386 capessere
903 2355 1068 2388 cogeremur
1088 2369 1095 2377 .

217 2388 330 2422 Etiam
354 2389 494 2433 Joannes
514 2392 769 2435 frequentiffime
792 2403 887 2438 urget
907 2392 994 2428 hanc
1017 2394 1101 2437 inju-

216 2439 320 2472 riam.
348 2439 420 2472 Nec
437 2441 525 2473 solus
544 2442 713 2475 Memnon
726 2466 738 2481 ,
763 2443 816 2476 sed
839 2443 939 2477 etiam
966 2443 1101 2477 Chalce-

217 2486 373 2520 donenfis
384 2488 563 2531 Episcopus
577 2489 639 2523 isto
653 2490 754 2524 modo
766 2492 914 2524 tractavit
924 2493 1099 2534 Joannem,

218 2548 257 2569 ac
282 2536 349 2578 ejus
370 2537 404 2569 in
427 2533 485 2571 ista
511 2538 695 2582 Legatione
715 2539 874 2584 Collegas
893 2567 901 2572 .
929 2542 1035 2575 Lucet
1059 2554 1101 2575 ex

219 2586 336 2620 litteris
358 2586 564 2621 Theodoreti
588 2589 741 2630 Cyrensis
763 2589 917 2633 Episcopi
942 2591 983 2624 ad
1005 2593 1099 2624 suurn

219 2637 474 2678 Metropolitam
501 2636 749 2680 Alexandrum,
777 2640 1022 2683 exponentibus
1041 2640 1100 2675 Le-

220 2686 365 2731 gationis
378 2686 459 2720 Asta
483 2688 568 2732 apud
580 2687 830 2725 Chalcedonem
850 2703 862 2723 .·
888 2692 1021 2733 Populus
1043 2703 1101 2724 om-

221 2742 270 2769 nis
284 2761 293 2776 ‚
310 2743 415 2780 gratia
435 2742 491 2771 Dei
513 2762 523 2778 ,
551 2734 627 2772 bene*
646 2738 735 2772 habet
758 2765 768 2780 ‚
794 2741 829 2774 (τ
844 2742 959 2785 jugiter
983 2743 1030 2775 ad
1046 2753 1099 2775 nos

221 2788 387 2830 egreditur.
412 2792 576 2829 Incepimus
586 2796 684 2822 autem
707 2789 775 2831 ipfis
787 2795 878 2825 etiam
888 2792 1038 2834 disserere,
1065 2794 1099 2826 (σ-

221 2837 433 2870 celebravimus
455 2839 606 2871 collectas
633 2846 784 2874 maximas
806 2864 818 2881 ,
852 2842 886 2875 e·
906 2851 1014 2884 quarto
1037 2842 1098 2875 illis

221 2896 397 2920 enarratum
408 2888 445 2928 est
465 2890 500 2921 de
506 2889 586 2930 fide.
614 2891 659 2924 Et
670 2898 758 2923 tanta
782 2892 941 2925 audierunt
964 2894 1099 2934 volupta-

222 2944 252 2968 te
264 2962 273 2976 ,
299 2945 331 2970 ut
343 2936 432 2980 usque
454 2939 497 2971 ad
516 2938 617 2971 horam
632 2938 794 2983 septimam
819 2953 877 2974 non
897 2941 1075 2985 disitederent
1088 2967 1098 2983 ,

217 2984 515 3029 sedperduravcrInt
535 2987 623 3032 usque
646 2992 691 3022 ad
710 2991 810 3031 aestum
832 2994 907 3025 Solis
931 3017 938 3025 .
965 2997 1002 3031 In
1024 2994 1099 3026 Aula

225 3041 303 3068 enim
313 3043 446 3070 maxima
457 3064 466 3079 ‚
488 3046 610 3081 quatuor
630 3039 757 3074 habente
765 3048 894 3083 porticus
905 3068 915 3083 ,
940 3045 1099 3076 multitudo

225 3095 398 3128 congregata
412 3088 479 3129 fuit
503 3113 515 3129 ‚
541 3091 574 3122 (π’
597 3101 647 3123 nos
669 3089 799 3133 superne
823 3094 1062 3127 concionabamur
1082 3096 1097 3127 ἑ

224 3132 354 3178 suggestu
372 3144 462 3178 prope
484 3140 590 3172 tellum
603 3165 610 3171 .
636 3145 777 3175 Noverat
802 3152 901 3176 autem
922 3148 987 3177 Rex
1009 3147 1100 3177 Pien-

224 3185 344 3224 tifflmus
356 3208 366 3223 ‚
391 3189 472 3227 quod
490 3191 647 3223 multitudo
667 3201 888 3236 congregaretur
911 3203 1013 3227 contra
1025 3206 1099 3233 nos,

226 3236 262 3268 <tt
272 3234 355 3267 nobis
368 3246 516 3269 occurrens
536 3240 617 3271 dixit
632 3253 642 3273 .·
666 3245 754 3276 Novi
767 3244 848 3285 quod
856 3244 935 3278 male
945 3256 1097 3289 congrega·

225 3289 320 3316 mint.
350 3286 493 3319 Dicebam
511 3298 611 3321 autem
640 3296 693 3324 ei:
721 3295 808 3336 ‚Quia
830 3294 934 3334 dedisti
957 3294 1097 3336 fiduciam

225 3335 359 3376 loquendi
381 3359 392 3375 ‚
417 3347 480 3368 cum
501 3343 593 3371 venia
610 3342 681 3373 audi
701 3367 708 3374 .
728 3343 853 3388 Justum
873 3344 912 3384 est
938 3351 1098 3379 Haereticos

226 3391 489 3419 excommunicatos
511 3393 544 3420 in
561 3389 695 3430 Ecclefiis
716 3405 802 3436 agere
817 3418 828 3433 ,
856 3406 909 3427 nos
929 3398 1019 3436 vero,
1046 3402 1096 3437 qui

219 3441 279 3477 pro
287 3434 348 3476 fide
359 3444 524 3476 certamus,
550 3439 714 3481 &propter
735 3442 786 3477 hoc
796 3443 905 3477 abillis
928 3452 1097 3479 communio·

323 3484 431 3527 chrisi.
445 3491 526 3531 Lupi
536 3493 632 3532 opera
646 3493 746 3526 Tmt.

1901 170 1961 214 37

1149 242 1197 270 nis
1208 244 1322 269 exortes
1327 236 1453 277 fadios,
1479 247 1536 268 non
1547 242 1664 270 intrare
1674 242 1705 270 in
1717 239 1897 282 Ecclesiam?
1923 245 1970 275 Et
1981 243 2031 276 ille

1153 286 1323 331 respondit:
1351 289 1395 318 Et
1406 298 1456 329 ego
1474 287 1554 327 quid
1562 284 1708 328 faciam?
1734 289 1882 332 Respondi
1893 296 1984 336 igitur
1995 293 2032 325 il-

1148 339 1171 370 li
1184 352 1195 372 .-
1223 336 1399 380 ,Quodfecit
1416 334 1554 379 Magister
1568 346 1659 378 tuus,
1685 341 1790 371 Comes
1802 345 2031 385 Largitionum,

1149 393 1181 420 in
1199 386 1334 431 Epheso.
1361 388 1413 420 Ille
1421 392 1501 420 enim
1514 395 1549 419 ut
1559 392 1680 420 invenit
1702 390 1855 421 nonnullos
1876 402 2033 439 congrega-

1151 443 1199 478 νὶ,
1227 450 1279 471 nos
1299 446 1398 470 autem
1421 447 1478 469 non
1493 444 1663 480 congregari
1683 462 1694 478 ,
1720 437 1893 481 compescuit
1912 452 1958 474 eos
1985 444 2034 475 di-

1149 498 1216 520 cens
1242 501 1249 521 z
1277 490 1306 520 51⁴
1329 500 1386 520 non
1401 486 1530 528 fueritis
1552 487 1668 529 pacifici
1686 510 1698 527 ‚
1722 500 1781 521 non
1802 491 1956 522 concedam
1979 494 2034 523 uni

1152 541 1243 571 Parti
1262 543 1446 582 congregari.
1474 538 1642 578 oportebat
1666 542 1758 571 etiam
1779 546 1862 572 tuam
1886 542 2034 573 Pietatem

1150 593 1310 629 praecipere
1322 589 1372 621 hic
1382 586 1543 630 Episcopo,
1572 600 1608 621 ne
1614 594 1801 630 permitteret
1813 614 1825 631 ‚
1842 601 1936 632 neque
1948 590 2011 623 illis
2023 615 2035 629 ,

1152 649 1244 679 neque
1269 638 1351 669 nobis
1372 644 1560 681 congregari,
1587 641 1679 672 donec
1709 644 1922 674 conveniamus
1946 664 1959 680 ,
1984 640 2037 674 vel

1143 687 1226 729 justa
1245 695 1296 719 tua
1312 685 1462 728 sententia
1486 687 1621 722 omnibus
1642 698 1713 722 nota
1720 688 1797 731 fiat.
1826 691 1879 723 Ad
1886 689 1949 724 haec
1960 691 2037 724 dice·

1153 738 1225 771 bat:
1254 737 1407 779 Equidem
1420 736 1564 779 Episcopo
1585 744 1729 781 imperare
1743 740 1939 783 nonpoffum.
1968 740 2037 774 Pro

1154 787 1261 821 verbis
1288 811 1299 826 ,
1336 790 1571 828 congregaretur
1595 799 1697 823 contra
1721 801 1773 823 nos
1800 814 1813 830 ‚
1845 790 2040 825 Caffinenfis

1153 836 1350 872 Translatio
1387 834 1505 869 rectius
1543 835 1642 872 habet
1678 854 1690 873 .-
1725 843 1961 886 congregaretur
1998 841 2043 874 ad

1159 900 1210 922 nos
1225 913 1233 920 .

1203 937 1256 974 Ex
1280 936 1333 971 his
1356 935 1513 971 discimus
1537 935 1624 970 varia
1639 960 1647 967 .
1675 936 1811 980 Primo,
1837 941 2044 985 quodetiam

1157 990 1299 1033 Ioannes
1320 989 1480 1022 sacrarum
1516 986 1753 1031 Largitionum
1776 988 1898 1023 Comes
1917 1014 1928 1030 ‚
1965 988 2047 1024 dum

1157 1038 1320 1083 Ephesum
1343 1037 1477 1072 advenit
1501 1061 1514 1077 ‚
1540 1037 1628 1071 solos
1655 1036 1767 1071 saneim
1788 1036 1916 1080 Synodi
1936 1040 2048 1076 Patres

1156 1089 1318 1124 invenerit
1350 1097 1540 1123 exercentes
1563 1086 1691 1121 Divina
1702 1086 1916 1128 Ministeria,
1942 1091 2049 1125 orien-

1157 1140 1256 1175 talem
1267 1148 1374 1174 autem
1389 1138 1582 1173 Fastionem
1593 1136 1711 1172 viderit
1735 1137 1803 1172 fine
1824 1137 1988 1179 Ecclefia,
2016 1140 2051 1172 fi-

1158 1203 1199 1225 ne
1237 1190 1333 1225 omni
1370 1190 1456 1224 sacra
1494 1188 1666 1227 funfflone
1693 1214 1700 1221 .
1740 1187 1896 1223 Secundo
1922 1212 1935 1229 ‚
1960 1189 2051 1232 quod

1158 1251 1328 1284 utramque
1351 1249 1478 1284 partem
1500 1238 1602 1282 usque
1628 1238 1670 1273 ad
1692 1238 1810 1273 initam
1823 1250 1937 1283 pacem
1948 1248 2052 1273 tenta-

1157 1292 1238 1327 verit
1259 1292 1277 1325 a
1299 1290 1422 1325 Sanctis
1444 1289 1659 1333 suspendere,
1686 1298 1784 1334 atque
1808 1292 1854 1324 ita
1866 1301 1986 1335 cogere
2010 1289 2053 1323 ad

1158 1340 1372 1376 concordiam
1402 1366 1409 1372 .
1437 1338 1486 1374 At
1505 1351 1574 1375 non
1597 1339 1764 1374 obtinuit.
1792 1338 1933 1381 Tertio,
1962 1338 2054 1384 quod

1158 1392 1257 1426 etiam
1280 1387 1565 1426 Chalcedonensis
1589 1390 1770 1434 Episcopus
1789 1390 1925 1425 faffiofis
1949 1390 2057 1435 Lega-

1158 1444 1198 1477 tis
1212 1466 1224 1483 ‚
1248 1443 1333 1476 inter
1356 1452 1440 1485 quos
1462 1452 1539 1475 cum
1562 1437 1781 1478 Theodoreto
1819 1450 1888 1476 etat
1909 1441 1975 1484 ipse
1997 1440 2056 1474 Pa-

1159 1490 1298 1527 triarcha
1324 1492 1468 1537 Jo'annes
1494 1516 1506 1532 ‚
1544 1502 1661 1525 omnes
1700 1491 1860 1526 Ecclefias
1885 1491 2056 1530 clauserit,

1159 1542 1318 1587 aperuerit
1345 1540 1422 1576 vero
1444 1541 1579 1585 Legatis
1602 1541 1711 1575 Sanffi
1730 1540 1876 1584 cyrilli.
1903 1540 2059 1587 Qarto,

1160 1593 1251 1638 quod
1262 1591 1324 1626 hac
1336 1592 1378 1627 de
1387 1591 1483 1627 causa
1494 1590 1730 1627 Theodoretus
1750 1590 1900 1624 debuerit
1926 1589 2057 1623 concio-

1161 1644 1231 1678 nari
1243 1643 1278 1676 in
1292 1642 1351 1676 suo
1365 1641 1511 1685 hospitio
1529 1664 1541 1681 ,
1566 1640 1678 1674 nescio
1693 1650 1757 1682 qua
1779 1639 1922 1674 saeculari
1935 1639 2039 1673 domo
2050 1665 2058 1671 .

1160 1691 1315 1741 Qinto,
1342 1689 1431 1736 quod
1451 1689 1538 1724 hanc
1564 1689 1632 1733 ejus
1642 1689 1816 1724 audaciam·
1835 1690 1938 1725 etiam
1960 1689 2060 1724 Chal-

1160 1742 1362 1779 cedonenses
1391 1740 1515 1775 Clerici
1541 1751 1579 1773 ac
1614 1739 1779 1775 Monachi
1802 1750 1896 1775 tanto
1931 1741 2059 1783 impetu

1162 1793 1341 1828 invaserint
1360 1817 1372 1833 ,
1398 1802 1435 1827 ut
1466 1801 1535 1825 tam
1558 1792 1620 1825 suae
1645 1802 1745 1836 quam
1773 1791 1890 1836 Regiae
1912 1790 2059 1825 civitatis

1162 1844 1328 1887 Populum
1351 1867 1362 1883 ,
1389 1854 1432 1876 ex
1464 1841 1647 1876 curiositate
1669 1841 1883 1876 accedentem
1905 1839 1946 1875 ad
1972 1840 2058 1880 istas

1161 1893 1340 1928 conciones
1362 1915 1373 1931 ‚
1399 1901 1437 1924 ac
1461 1891 1634 1932 praesertim
1659 1901 1701 1924 ex
1740 1892 1816 1934 ipfis
1844 1890 2032 1924 redeuntem
2047 1914 2059 1929 ‚

1163 1941 1327 1987 lapidibus
1351 1940 1546 1983 impeterent
1573 1964 1580 1971 .
1618 1939 1774 1986 Qorum
1797 1941 1950 1975 omnium
1973 1940 2060 1975 ratio

1161 1993 1229 2033 est,
1260 1989 1352 2036 quod
1372 1988 1482 2023 cuncti
1503 1987 1697 2022 orthodoxi
1723 1989 1881 2032 Episcopi
1906 1990 2061 2032 suspensi-

1163 2053 1241 2077 vum
1265 2041 1416 2077 effectum
1430 2063 1442 2079 ‚
1468 2047 1568 2082 quem
1591 2037 1798 2073 Nestorianae
1821 2038 1862 2073 ad
1884 2039 2061 2082 synodum

1162 2090 1377 2138 appellationi
1401 2090 1584 2133 Imperator
1596 2086 1807 2124 Theodosius
1828 2088 2061 2133 adscripscrat,

1164 2143 1321 2178 haberent
1345 2152 1404 2186 pro
1424 2138 1547 2175 frivolo
1571 2163 1584 2180 ‚
1610 2150 1648 2174 ac
1673 2140 1770 2175 sacris
1800 2139 1998 2175 Canonibus
2024 2141 2059 2175 &

1163 2194 1298 2230 Divinis
1326 2191 1529 2236 Apostolicae
1558 2189 1650 2225 Sedis
1687 2190 1866 2236 privilegiis
1902 2191 2058 2226 adverso.

1162 2245 1338 2279 Noverant
1360 2241 1556 2277 Nestorium
1577 2240 1736 2275 celestini
1772 2241 1870 2286 Papae
1907 2241 2060 2278 Decretis

1161 2294 1275 2331 dolose
1300 2306 1338 2329 ac
1367 2291 1574 2328 mendaciter
1596 2289 1776 2333 obediiffe‚
1801 2293 1836 2327 &
1858 2291 1931 2336 post
1958 2291 2059 2326 istum

1162 2345 1357 2380 obedientiae
1376 2345 1491 2378 fucum
1513 2342 1647 2386 patrasse
1676 2342 1786 2386 pejora
1812 2367 1824 2384 ‚
1849 2342 1993 2386 ideoque
2013 2352 2062 2376 et-

1158 2398 1230 2437 iam
1243 2406 1317 2430 ante
1328 2392 1665 2438 Synodisententiam
1675 2391 1840 2429 habebant
1862 2404 1922 2436 pro
1947 2392 2063 2437 degra-

1162 2446 1240 2478 dato
1269 2456 1307 2477 ac
1318 2443 1627 2476 excommunicato.
1657 2444 1750 2477 Ante
1761 2453 1923 2487 repertum
1943 2442 2060 2477 harum

1129 2508 1131 2536 j
1164 2489 1581 2537 Epistolarumthesaurum
1595 2491 1823 2534 ignoravimus
1833 2492 1983 2525 Nestorii
2007 2503 2061 2535 pa-

1165 2542 1327 2578 linodiam
1343 2567 1350 2574 .
1605 2568 1607 2571 Α
1788 2571 1790 2574 .

1213 2592 1262 2627 At
1284 2603 1382 2636 quare
1402 2589 1503 2626 etiam
1525 2591 1647 2634 Ioanni
1676 2589 1896 2631 Patriarchae,
1925 2592 2057 2636 ejusque

1163 2642 1334 2687 Episcopis
1355 2643 1489 2676 fuerunt
1510 2641 1623 2675 clausae
1636 2640 1800 2684 Bafilicae,
1826 2655 1865 2677 ac
1889 2642 2058 2677 interdieta

1162 2693 1291 2728 Divina
1303 2692 1447 2726 Officia?
1474 2691 1674 2735 Respondeo
1697 2691 1785 2736 quod
1800 2691 1853 2727 'ob
1876 2692 1957 2731 duas
1982 2704 2056 2727 cau-

1161 2744 1225 2778 sas.
1255 2743 1402 2777 Primam
1421 2742 1523 2776 edicit
1540 2742 1707 2777 Memnon
1731 2744 1767 2777 in
1778 2742 1893 2777 litteris
1917 2742 1958 2778 ad
1981 2742 2055 2777 Cle-

1161 2805 1235 2828 rum
1279 2792 1659 2836 Constantinopolitanae
1694 2793 1843 2828 Ecclefiae
1863 2805 1872 2825 :
1908 2797 2053 2839 Joannes

1161 2845 1291 2887 quotidie
1325 2844 1532 2878 venerandum
1552 2844 1694 2877 senatum
1705 2869 1717 2885 ,
1742 2842 1993 2886 Illustriffimosque
2014 2849 2055 2875 ci-

1162 2906 1215 2928 ves
1228 2892 1309 2937 adse
1320 2905 1463 2934 evocans,
1491 2905 1601 2937 magna
1620 2900 1850 2936 importunitate
1864 2893 2028 2937 flagitabat
2040 2917 2051 2933 ,

1162 2954 1195 2978 ut
1214 2955 1313 2979 eorum
1330 2943 1485 2988 suffragiis
1496 2945 1615 2978 aliusin
1636 2955 1733 2979 meum
1754 2946 1846 2978 locum
1858 2945 2065 2977 ordinaretur.

1161 2994 1342 3037 Episcopus.
1371 2999 1509 3036 Denique
1519 3000 1563 3027 ita
1597 2994 1644 3028 hic
1654 2994 1806 3036 itt-sabat,
1831 3003 1863 3027 ut
1874 3005 1974 3028 omnes
1997 2997 2052 3025 Or*-

1161 3045 1282 3078 thodoxl
1292 3050 1428 3079 civitatis
1451 3046 1551 3078 incolae
1564 3048 1704 3079 oratoria
1726 3053 1899 3088 occuparent
1915 3068 1927 3084 ,
1950 3043 2049 3086 ibique

1155 3094 1189 3138 se
1213 3101 1395 3129 continerent
1410 3119 1420 3135 ‚
1447 3107 1483 3129 ne
1504 3096 1585 3128 illius
1606 3101 1759 3131 temeritas
1787 3093 1973 3135 &nefarius
1995 3105 2049 3127 au-

1154 3144 1209 3188 sus
1230 3169 1241 3185 ,
1285 3146 1403 3188 publice
1416 3145 1578 3187 propositus
1602 3171 1612 3186 ,
1639 3147 1721 3188 quod
1736 3147 1820 3189 vulgi
1837 3143 1972 3188 sermone
1993 3148 2049 3178 cir·

1160 3196 1397 3237 cumferebatur,
1420 3194 1553 3236 effec‘lum
1571 3194 1743 3238 sortIretur.
1771 3197 1855 3230 Unde
1876 3196 1921 3229 aa
1944 3195 2049 3229 San&

1152 3249 1293 3290 joannis
1339 3245 1544 3289 Evangeliftae
1583 3245 1743 3288 Basilicam
1777 3244 1983 3286 adsimilem,
2009 3247 2044 3279 (5

1160 3298 1239 3339 quod
1255 3296 1366 3330 ibidem
1375 3297 1568 3335 ordinaturus
1587 3308 1655 3330 eum
1676 3298 1739 3340 esset
1754 3297 1936 3341 divulgans,
1963 3295 2045 3339 sedi-

1160 3352 1268 3380 tionem
1306 3348 1341 3382 &
1366 3347 1622 3380 tumultuationem
1656 3358 1687 3380 eo
1712 3353 1746 3380 ite
1769 3349 1826 3381 loco
1846 3351 2009 3380 concitavit
2035 3368 2044 3375 .

1162 3399 1262 3429 Tanta
1286 3408 1412 3439 namque
1444 3401 1630 3432 Armatorum
1653 3398 1844 3432 miltitudine
1881 3402 2040 3431 comitatus

1162 3445 1313 3489 adscendit
1325 3471 1336 3488 ‚
1363 3455 1398 3481 ut
1407 3446 1521 3490 aliquos
1530 3447 1573 3484 tbi
1593 3449 1827 3483 mendicantium
1844 3445 1942 3488 semt—
1955 3453 2040 3476 neces

1661 3498 1697 3531 D
1930 3493 1998 3527 reli-
