2320 3730
55 819 158 852 2.Tim·
154 831 189 856 ·4

593 167 908 221 Scrrorns,
946 161 1232 208 zr‘Nons
1268 175 1436 206 utus
1459 176 1682 207 TRATAE.

211 250 280 285 ium
294 252 405 286 eorum
417 270 428 287 ,
455 246 510 290 qui
534 246 576 280 fic
595 246 749 280 festinant
761 247 823 279 effe
835 270 845 286 ,
870 244 1072 289 propofitum
1088 266 1098 283 ,

211 302 247 334 &
264 297 410 343 aquibus
432 297 471 331 ad
486 296 550 330 hoc
578 297 640 331 lint
651 296 767 331 armati
780 321 791 337 ‚
817 295 1006 330 confilium.
1033 293 1097 328 Sed

211 348 276 383 hac
293 347 427 392 quidem
450 349 533 381 ficut
549 347 702 382 Domino
728 347 835 391 placet
857 371 869 388 ,
895 347 939 380 ita
980 351 1098 388 prove—

210 408 322 432 mant.

259 447 327 482 Pro
338 459 391 483 me
401 458 509 482 autem
522 450 628 491 quaeso
640 473 650 489 ,
676 448 734 491 qni
755 445 859 480 multa
872 444 1015 487 pericula
1042 443 1099 477 su·

211 496 309 543 stulij,
335 498 456 542 quique
482 500 516 533 ὅ(
536 498 601 541 jam
615 509 704 532 nunc
722 495 842 540 absque
861 494 1006 538 periculo
1027 504 1097 526 uon

209 548 281 581 sum
305 546 590 592 propterhostium
605 546 882 583 multitudinem,
908 554 978 588 quae
999 552 1098 586 auge·

210 607 263 632 tur
282 610 336 643 per
359 598 507 643 fingulos
516 598 605 639 dies,
633 594 842 631 intentiflime
854 594 1015 628 Sanctitas
1040 603 1098 626 ve·-

209 647 273 682 ssra
283 659 376 683 orare
392 648 569 694 dignetur.
596 647 708 682 Testis
718 646 808 680 enim
820 643 902 678 mihi
919 643 966 678 est
981 644 1097 682 Deus,

211 699 289 743 quia
302 698 382 733 dum
395 710 526 733 vocaret
538 698 579 733 ad
604 697 813 739 Imperatoris
825 693 1008 739 Iudicium,
1041 693 1096 727 ni·-

210 747 262 783 hil
285 748 375 783 aliud
396 749 540 788 credidi,
565 747 622 780 nifi
645 747 681 780 in
707 746 804 780 maris
822 755 988 780 mereuma
1003 743 1096 777 fuisse

210 799 418 844 jastandum.
445 803 589 832 Dominus
612 795 712 835 ver6,
738 797 817 830 ficut
839 796 995 840 scriptum
1022 793 1096 833 est,

212 849 325 891 adstitit
335 849 430 889 mibi,
455 850 618 889 &ereptus
637 846 704 890 sum
715 847 752 880 de
762 858 809 881 ore
826 849 955 880 Leoms.
985 843 1096 889 Magis

211 910 321 935 autem
356 900 398 934 de
424 897 606 932 multorum
634 895 776 932 millium
817 897 1002 932 catulorum
1025 894 1097 928 leo-

212 962 310 986 num.
1062 960 1066 962 v

397 1103 903 1155 SCHOLION.

1895 174 1958 218 ας

1158 239 1198 275 ad
1209 241 1394 276 scribendas
1413 250 1470 276 aut
1489 241 1657 276 dictandas
1679 252 1730 277 tot
1741 243 1930 279 RelatIones
1950 244 2034 279 indi-

1159 292 1232 337 guit
1252 302 1418 335 tempore.
1445 292 1624 339 Quidquid
1644 292 1682 325 sit
1697 316 1708 332 ,
1734 294 1896 335 Ioannes,
1923 295 2037 339 priori·

1161 342 1219 376 bus
1245 339 1477 379 Relationibus
1512 353 1582 376 non
1608 352 1782 376 contentus
1814 367 1826 383 ,
1856 345 1968 380 denuo
1994 343 2038 380 ad

1131 398 1135 403 ’
1160 392 1348 436 Principem
1359 392 1468 427 retulit
1484 393 1613 432 ,omni
1625 392 1658 426 vi
1668 392 1796 426 enitens
1817 403 1955 438 purgare
1965 396 2038 430 suas

1160 443 1379 484 temeritates,
1404 454 1444 477 ac
1463 441 1628 478 stabilire.
1655 442 1738 478 Haec
1759 442 1924 476 Relatio
1916 456 1951 477 m
1979 446 2037 487 Sy-

1160 492 1335 527 nodalibus
1355 491 1459 539 Auis
1472 489 1581 530 babet
1596 492 1687 527 hunc
1713 491 1879 530 titulum·
1897 495 2038 537 Joaennis

1160 542 1256 576 Archi·
1261 542 1415 586 Episcopi
1414 542 1618 585 ‘winberth
1642 550 1892 585 caeterorumque,
1919 548 1971 585 qui
1993 544 2039 576 illi

1159 592 1387 634 adhaerebant,
1399 594 1522 631 Μυῖα
1542 591 1686 637 rescripta
1697 594 1750 631 ,ad
1761 596 1975 635 Imperatorem
1980 600 2039 634 per

1161 642 1337 675 Palladium
1357 642 1607 688 Magssmnum·
1635 641 1838 695 Eornmdem
1857 642 1900 677 ad
1921 642 2038 678 Praefe·

1160 687 1248 726 eitum
1270 691 1308 726 δε
1327 690 1528 737 Magistrum
1548 719 1577 736 ,
1585 693 1677 733 item
1701 687 1753 728 ad
1764 692 1974 736 Praepofitutn
2000 704 2041 728 ac

1160 740 1601 814 scholasticumRelationes
1609 743 1766 784 videntur
1777 743 1876 778 miffae
1887 754 1943 788 per
1953 754 2040 779 eum·

1160 792 1236 827 dem
1253 790 1458 825 Palladium.

1209 841 1377 877 Palladius
1397 840 1540 877 omnino
1559 827 1722 882 festinavit
1732 818 1857 891 agredi
1866 842 1909 880 ad
1919 843 2045 881 Princi-

1162 903 1254 935 pem.
1281 892 1399 927 Lucet
1395 903 1449 927 ex
1468 889 1570 928 tot-ius
1589 891 1709 928 Sanstae
1728 894 1857 938 ,synodi
1865 906 1924 939 ,per
1934 895 2044 939 ipsum

1160 942 1260 977 etiam
1280 942 1373 977 missa
1399 939 1604 979 Relntione:
1629 941 1850 984 subscripsimus
1865 950 1957 988 pauci
1977 945 2044 978 bule

1161 995 1308 1027 Relationl
1315 991 1451 1028 omnibus
1460 989 1769 1035 tamenpraeseneibus
1778 1000 1867 1034 atque
1876 994 1938 1037 ads
1932 1001 2045 1029 entim-

1162 1043 1242 1078 tibus
1253 1067 1264 1084 ,
1280 1043 1394 1086 ebquxid
1402 1046 1537 1077 Devotus
1548 1041 1762 1085 Magistrianus
1773 1042 1933 1079 Palladius
1947 1050 2046 1081 mam.

1161 1095 1207 1128 m?
1224 1093 1311 1128 abire
1329 1100 1502 1136 properaret
1514 1116 1526 1133 ,
1552 1103 1646 1135 neque
1655 1093 1779 1127 tardam
1790 1096 1917 1125 omm'um
1922 1091 2046 1136 subscri.

1038 1170 1045 1177 ,
1072 1161 1076 1163 λ
1096 1172 1099 1176 Δ
1157 1151 1290 1187 ptionem
1299 1142 1569 1186 expediar-epam».
1597 1142 1691 1177 Hinc
1703 1141 1803 1181 etiam
1825 1141 1966 1185 Ioannes
1976 1142 2046 1178 An-

1092 1198 1094 1202 '
1160 1194 1335 1230 tiochenus
1348 1195 1476 1238 nequiit
1485 1195 1557 1228 suas
1573 1193 1766 1232 Relationes
1773 1191 1900 1235 explere
1912 1203 2048 1236 quapro-

293 1248 417 1284 Pistola
439 1247 507 1283 haec
519 1246 631 1283 Graec6
650 1259 688 1282 ac
699 1246 822 1283 Latine}
831 1246 935 1281 exstat
956 1244 991 1278 in
1005 1242 1098 1277 Astis

318 1297 473 1345 Ephefini
497 1298 673 1334 Concilii.
706 1298 831 1333 Censui
852 1306 963 1330 tamen
985 1292 1097 1328 denu6

211 1350 432 1395 vulgandam:
460 1349 518 1385 Ob
529 1349 610 1384 duas
619 1350 750 1383 causas.
775 1346 912 1387 Prim6,
929 1343 1018 1390 quod
1026 1343 1099 1378 haec

212 1401 251 1434 {it
266 1400 337 1434 alia
356 1399 543 1435 translatio.
572 1398 749 1438 Secund6‚
775 1396 867 1442 quod
879 1394 951 1434 haec
965 1395 1099 1430 transla

209 1451 267 1484 tio
283 1448 403 1484 habeat
419 1448 506 1483 hanc
531 1459 602 1483 non
634 1448 766 1484 modice
788 1447 943 1483 utilitatis
965 1445 1098 1490 Epigra-

213 1499 346 1544 phem:
372 1498 507 1540 Epistola
529 1502 660 1531 Comitis
683 1502 793 1531 Irenaei
813 1522 825 1538 ‚
850 1508 943 1540 quam
964 1496 1101 1536 cunffls,

213 1551 236 1583 a*
254 1548 362 1592 quibus
377 1547 486 1590 fuerat
506 1546 658 1588 dlrec‘lus,
686 1545 855 1590 Episcopis-
870 1556 943 1580 ante
972 1550 1097 1579 Comitis
1118 1549 1120 1552 '

214 1602 426 1643 Largitimum
435 1602 576 1644 Joannls
602 1596 744 1641 rescripfit
764 1599 932 1631 adventum
952 1622 960 1629 .
988 1597 1099 1630 Docet

214 1660 280 1685 nos
300 1659 429 1693 tempus
456 1649 579 1692 scriptae
601 1647 757 1692 Epistolae
776 1673 784 1680 .
811 1649 921 1682 Docet
947 1647 1100 1690 scriptam

214 1699 289 1744 post
306 1697 444 1734 Palladii
457 1698 690 1743 Magistriani,
718 1709 816 1742 quem
839 1709 917 1732 cum
937 1698 991 1732 sua
1003 1698 1098 1731 Sacra

216 1748 433 1784 Theodosius
460 1749 627 1793 Ephesum
651 1749 783 1784 miserat
809 1773 820 1790 ,
847 1750 1021 1794 regressum
1057 1745 1097 1782 ad

212 1800 357 1846 Regiam
370 1825 380 1841 ‚
406 1801 539 1834 &ante
548 1799 589 1834 e6
599 1800 797 1834 destinatum
811 1801 971 1844 Ioannem
986 1797 1099 1833 Comi·

211 1860 299 1885 tem.
328 1850 500 1884 Nestorius
523 1850 586 1883 fuit
604 1850 778 1884 damnatus
798 1850 931 1884 decimo
948 1847 1101 1882 calendas

213 1900 315 1943 Julii,
338 1900 428 1943 Junii
441 1899 496 1933 die
506 1898 657 1943 vigesima
678 1899 842 1939 secunda,
869 1899 940 1942 post
950 1898 1100 1932 occasum

214 1950 304 1984 Solis
324 1973 332 1980 .
359 1949 474 1996 Qare
496 1948 724 1983 Candidianus
756 1949 880 1982 Comes
907 1948 1036 1982 videtur
1058 1958 1100 1980 eo

211 1999 286 2042 ipso
308 1998 363 2032 die
374 2009 443 2032 non
466 1998 605 2041 potuisse
617 1999 732 2032 referte
755 1998 796 2031 ad
811 1997 998 2039 Principem
1009 2010 1023 2036 ’,.
1046 1996 1100 2029 sed

212 2047 388 2084 dumtaxat
409 2047 463 2082 die
483 2048 650 2092 sequenti.
679 2047 772 2082 lstins
792 2043 1018 2082 damnationis
1030 2046 1100 2080 dies

213 2108 282 2133 erat
294 2099 375 2132 feria
385 2097 543 2132 secunda:
572 2096 625 2131 Eo
636 2098 725 2131 enim
744 2109 835 2132 anno
848 2098 882 2131 D
904 2107 971 2131 erat
983 2096 1102 2130 Domi·

212 2148 331 2184 nicalis
341 2147 466 2183 Littera
479 2173 486 2180 .
510 2147 851 2192 JoaunesPatriarcha
861 2147 993 2182 advenit
1006 2146 1101 2190 quin-

213 2209 252 2234 to
264 2198 335 2243 post
357 2198 429 2232 die:
458 2199 538 2232 Erat
550 2197 776 2239 Sabbathum,
803 2198 857 2232 die
871 2199 961 2241 Junii
986 2197 1102 2242 vigeli-

215 2260 290 2283 mus
313 2249 487 2291 septimus.
515 2249 560 2282 Et
582 2248 653 2291 ipso
674 2248 729 2283 die
741 2247 933 2294 degradavit
945 2248 1100 2282 Sanstum

215 2298 385 2342 Cyrillum
406 2309 444 2332 ac
457 2299 679 2333 Memnonem
691 2324 701 2340 ‚
728 2299 1100 2342 excommunicavitque

215 2360 351 2383 omnem
376 2348 569 2392 Synodum.
599 2348 643 2382 Et
665 2349 716 2383 vel
735 2349 801 2384 isto
822 2349 915 2393 ipso,
942 2349 993 2383 vel
1016 2347 1101 2383 cert&

220 2399 368 2441 sequenti
394 2399 448 2432 die
474 2400 529 2433 sua
556 2398 639 2432 Asta
668 2399 781 2433 retulit
817 2400 872 2433 ad·
888 2398 1101 2442 Principem,

217 2449 362 2490 aliasque
382 2447 469 2489 regia
487 2448 620 2480 civitate
632 2447 832 2481 PotestateS.
861 2448 1102 2489 Litterae,quas

217 2496 387 2531 Palladius
404 2494 567 2538 Ephesum
582 2494 693 2529 attulit
707 2520 719 2536 ,
745 2497 821 2530 sunt
843 2496 929 2540 apud
942 2495 1103 2530 Constan-

216 2545 398 2589 tinopolim
417 2545 499 2579 data:
510 2545 607 2579 tertio
623 2545 774 2579 calendas
796 2546 918 2589 Julias,
944 2545 999 2579 die
1010 2546 1098 2590 vige·

217 2597 297 2630 {ima
319 2606 406 2629 nona
430 2595 519 2639 Junii
540 2618 550 2633 ‚
576 2594 716 2639 ideoque
737 2593 940 2629 Candidiani
964 2595 1102 2629 Relatio

218 2645 350 2680 deberet
361 2645 403 2679 e6
415 2644 569 2689 appulifle
581 2644 635 2678 die
646 2645 802 2689 vigesima
811 2644 947 2688 septima
961 2670 969 2677 .
996 2644 1102 2691 Qod

218 2697 361 2730 fiverum
381 2696 419 2728 fit
433 2721 443 2736 ,
470 2695 591 2730 Cursor
613 2695 781 2739 infigniter
803 2694 988 2730 festinavit.
1020 2697 1102 2742 Qio

219 2746 274 2780 die
284 2745 447 2780 Palladius
460 2745 625 2789 Ephesum
648 2744 839 2786 advenerit,
867 2746 1006 2791 ignoro.
1035 2743 1102 2780 Ad-

220 2797 342 2831 veniffe
361 2807 429 2830 non
455 2796 563 2839 potuit
586 2820 596 2835 ,
623 2795 679 2829 nifi
705 2796 791 2830 sexta
814 2806 871 2830 aut
892 2796 1029 2840 septima
1047 2796 1102 2831 die

221 2847 322 2890 Julii:
348 2846 381 2880 Si
394 2856 503 2879 tamen
517 2845 675 2889 potuerit.
703 2846 1102 2893 Qapropterconciliare

215 2908 290 2931 non
304 2896 419 2940 poffim
441 2895 526 2930 hanc
538 2896 790 2931 annotationem
812 2896 853 2931 ad
867 2896 1077 2931 Relationem
1091 2908 1114 2936 ,·-

220 2958 320 2990 quam
342 2946 487 2990 Principi
510 2957 566 2989 per
579 2946 764 2981 Palladium
786 2948 904 2981 remisit
916 2948 1032 2982 Sancta
1043 2948 1101 2990 Sy·

221 2997 347 3030 nodus:
374 2998 558 3039 Exemplum
572 2998 734 3029 Relationls
759 2998 861 3031 521th
873 2998 1000 3031 Consilii
1011 2998 1102 3040 mzffae

219 3053 276 3087 per
287 3047 459 3079 Palladium
474 3045 696 3090 Magistrianum
705 3048 837 3081 calendis
846 3052 879 3092 J
881 3049 951 3081 ulii.
982 3046 1100 3082 Anno-

221 3095 308 3129 tatio
333 3096 459 3130 videtur
493 3097 739 3141 correspondere
765 3097 896 3132 lectioni
924 3098 1100 3142 marginali

218 3144 355 3178 Divalis
375 3145 492 3180 Sacrae:
521 3150 635 3179 Datum
654 3153 743 3181 tertio
767 3149 876 3182 decimo
892 3150 1101 3192 calendasJu-

221 3197 299 3228 lias.
331 3194 387 3227 Est
399 3195 504 3238 palam
526 3196 639 3231 vitiosa
665 3197 782 3239 lestio,
810 3199 950 3242 ideoque
971 3199 1100 3242 quibus-

223 3245 301 3279 dam
322 3244 451 3278 videtur
473 3245 671 3288 legendum:
697 3253 799 3281 Nonis
816 3249 925 3294 Julii.
955 3249 1010 3283 Est
1022 3259 1099 3283 tem-

223 3307 284 3338 pus
306 3294 402 3328 valde
421 3295 621 3339 angustum.
648 3297 783 3332 Etenim
806 3298 996 3340 Palladius,
1022 3299 1099 3334 licet

222 3343 365 3379 omnin6
392 3344 589 3379 festinaverit
616 3370 627 3387 ,
662 3348 703 3382 ad
734 3348 910 3392 explendas
935 3349 1099 3394 Principis

222 3395 309 3440 apud
329 3393 491 3437 Ephesum
511 3396 690 3438 Juffiones,
714 3398 748 3431 &
760 3399 900 3441 Ioannes
910 3399 1096 3437 Patriarcha

324 3443 429 3486 Christ.
444 3449 522 3488 Lupi
535 3451 634 3489 opera
646 3450 678 3480 T.
684 3450 755 3480 VH.

1160 1255 1229 1289 pter
1251 1246 1324 1288 post
1347 1251 1469 1288 paucos
1484 1243 1554 1279 dies
1575 1244 1688 1278 denuo
1704 1242 1851 1288 proceffit
1870 1240 1910 1277 ad
1925 1253 2049 1283 novas,

1158 1295 1370 1338 easquemilit
1394 1306 1449 1338 per
1459 1294 1618 1330 lrenaeum
1645 1290 1837 1341 Comitem,
1863 1293 2050 1338 pertinacis-

1158 1346 1276 1380 fimum
1298 1346 1465 1380 fautorem
1488 1344 1636 1379 Nestorii
1658 1369 1668 1383 2
1695 1345 1828 1379 Harum
1855 1355 1922 1379 una
1942 1345 2049 1379 exstat

1160 1398 1196 1431 in
1210 1394 1430 1439 synodalibus
1444 1394 1538 1430 Astis
1562 1406 1639 1430 cum
1651 1393 1713 1429 hac
1727 1393 1935 1440 Epigraphe:
1963 1395 2049 1428 Rela-

1161 1453 1202 1480 tio
1214 1449 1438 1488 orientalium,
1450 1480 1452 1482 ,
1464 1457 1556 1490 quam
1575 1457 1641 1480 cum
1660 1454 1732 1480 ante
1751 1443 1867 1488 scripta
1892 1447 2048 1479 Relatione

1162 1497 1440 1542 magnificennffimo
1449 1498 1562 1530 comiti
1576 1501 1688 1531 Irenaeo
1699 1497 1847 1529 dederunt
1859 1521 1866 1528 .
1895 1496 1939 1529 Et
1949 1506 2049 1539 expo-

1163 1551 1214 1583 nit
1237 1548 1285 1582 sui
1309 1549 1492 1593 rationem:
1521 1551 1588 1580 Viri
1616 1546 1683 1587 illi,
1711 1546 1826 1588 utique
1849 1545 1999 1587 Cyrillus
2015 1546 2050 1580 δε

1163 1599 1310 1633 universa
1323 1608 1399 1632 cum
1411 1598 1482 1641 ipso
1493 1596 1648 1641 Synodus
1658 1621 1669 1637 ‚
1695 1593 1821 1638 vesama
1831 1594 1954 1635 affifibl
1965 1596 2050 1636 qiud·

1162 1655 1212 1684 vis
1223 1650 1307 1683 licere
1318 1648 1526 1692 arbitrantur.
1555 1651 1665 1689 Neque
1674 1646 1719 1678 ad
1728 1645 1892 1678 Concilium
1912 1649 2049 1678 conveni-

1162 1712 1214 1740 re,
1239 1705 1332 1741 neque
1355 1695 1619 1739 controwrfiarum
1631 1694 2020 1739 dlscufflonempererallare
2036 1718 2048 1733 ‚

1163 1760 1255 1793 neque
1280 1750 1318 1783 de
1330 1752 1490 1782 Haerettcis
1511 1748 1612 1786 cmm
1636 1745 1798 1788 Capitibus
1823 1751 1969 1779 rationem
1981 1747 2050 1778 red-

1163 1802 1234 1834 dere
1257 1799 1414 1833 voluerunt
1431 1821 1442 1837 ,
1465 1796 1531 1841 sola
1553 1805 1654 1831 autem
1675 1797 1801 1830 audacia
1826 1807 1859 1829 ac
1882 1801 2050 1830 temeritato

1159 1849 1222 1892 sese
1233 1849 1380 1890 efferunt.
1408 1852 1460 1881 Ea
1480 1856 1603 1889 propter
1613 1846 1928 1890 Magnificentiffimum
1951 1850 2052 1878 Comi·

1164 1908 1226 1933 tem
1243 1902 1391 1931 Irenaeum
1410 1902 1597 1938 preminere
1617 1894 1750 1937 compulfi
1762 1894 1866 1938 sumus
1880 1919 1891 1935 ,
1917 1904 1951 1928 ut
1964 1901 1991 1928 εἰ·
2015 1896 2051 1929 ό·

1165 1947 1296 1988 vestram
1309 1951 1458 1981 Pietatem
1466 1952 1625 1980 conveniat
1636 1970 1648 1987 ‚
1672 1947 1707 1979 Θ
1719 1951 1808 1979 totius
1825 1951 1937 1990 negoti)
1943 1944 2052 1987 seriem

1163 1999 1305 2039 explanet
1334 2022 1341 2029 .
1367 1996 1520 2037 siquidem
1544 1994 1623 2028 nibil
1645 1995 1745 2027 aelam
1769 1994 1807 2034 est
1831 2018 1843 2034 ,
1869 1996 1948 2037 quod
1966 1996 2052 2026 illum

1162 2050 1259 2081 lateat
1281 2071 1289 2079 .
1317 2050 1434 2087 Accepit
1459 2045 1539 2079 idem
1565 2048 1585 2079 ἃ
1607 2043 1690 2078 nobis
1711 2044 1862 2087 plurimos
1885 2042 2051 2087 praesentis

1162 2098 1255 2131 morbi
1274 2098 1404 2131 curandi
1425 2096 1549 2137 modos,
1574 2094 1683 2139 quibus
1700 2103 1769 2138 pax
1793 2095 2051 2137 &tranquillitas

1161 2147 1297 2190 Ecclefiis
1312 2151 1370 2182 Det
1383 2146 1495 2187 restitui
1504 2147 1606 2189 poffit.
1635 2146 1768 2180 Sacrum
1790 2145 1831 2180 ad
1844 2144 2051 2180 Candidiani

1141 2202 1146 2242 ί
1163 2199 1308 2233 Comitis
1331 2198 1549 2233 Relationem
1571 2195 1709 2238 datum,
1736 2196 1771 2231 δε
1783 2195 1800 2230 ὲ
1813 2194 1964 2231 Palladio
1978 2196 2053 2230 Ma-

1141 2247 1146 2281 l
1162 2248 1320 2295 gistriano
1333 2248 1472 2282 allatum
1483 2247 1695 2291 Rescriptum
1716 2246 1758 2281 ab
1769 2245 1931 2290 Ephefina
1945 2246 2053 2288 Cyril-

1141 2296 1147 2367 ι
1164 2302 1187 2334 li
1199 2298 1338 2342 synodo
1351 2299 1468 2332 fastam
1480 2297 1627 2332 Nestorii
1639 2297 1910 2336 damnationem,
1921 2296 2053 2340 aliaque

1163 2350 1277 2384 omnia
1300 2348 1434 2385 istorum
1460 2348 1701 2392 Episcoporum
1726 2347 1808 2382 Atta
1827 2347 2054 2382 circumduce·
2086 2347 2089 2349 ’

1164 2400 1249 2439 bat,
1282 2398 1480 2442 jubebatque
1503 2401 1620 2437 cuncta
1640 2397 1681 2433 ab
1703 2399 1870 2442 utriusque
1896 2397 1994 2441 partis
2015 2398 2052 2431 in

1164 2458 1270 2482 unum
1281 2448 1493 2482 conventuris
1508 2472 1519 2486 ,
1543 2448 1578 2482 δε
1590 2448 1721 2489 plenam
1733 2448 1906 2490 Synodum
1930 2446 2052 2481 consti-

1164 2497 1282 2531 tuturis
1298 2522 1310 2539 ‚
1338 2496 1512 2539 Episcopis
1521 2496 1640 2530 resumi
1661 2495 1703 2530 ab
1714 2495 1852 2530 exordio
1865 2520 1875 2536 ,
1902 2495 2001 2539 idque
2015 2497 2050 2530 in

1164 2547 1327 2591 praesentia
1349 2545 1550 2581 Candidiani
1570 2545 1721 2580 Comitis
1776 2547 1820 2580 Et
1842 2545 1930 2579 haud
1949 2545 2050 2580 dubie

1164 2596 1334 2632 ambarum
1357 2595 1498 2639 partium
1513 2594 1670 2638 Episcopi
1687 2591 1839 2629 Palladio
1854 2595 2051 2631 addixerant

1164 2648 1277 2682 saltem
1299 2645 1426 2689 aliquid
1453 2644 1652 2680 obedientia:
1671 2645 1876 2680 reverentiae.
1905 2646 1954 2680 At
1977 2646 2050 2690 post

1164 2697 1232 2741 ejus
1251 2696 1377 2731 abitum
1400 2707 1461 2731 nec
1475 2696 1610 2730 sanctus
1633 2694 1782 2738 Cyrillus
1805 2696 1969 2740 Ioannem
1992 2706 2051 2731 aut

1163 2750 1232 2792 ejus
1245 2747 1446 2790 Episcopos,
1473 2757 1535 2781 nec
1547 2747 1688 2790 Joannes
1708 2745 1861 2781 Sanctum
1882 2746 2050 2789 Cyrillum

1163 2807 1219 2832 aut
1242 2798 1311 2841 ejus
1334 2797 1491 2842 Collegas
1515 2796 1623 2831 videre
1646 2795 1753 2831 voluit
1776 2821 1787 2836 ‚
1812 2794 1912 2840 longe
1938 2796 2050 2830 minus

1164 2848 1377 2891 synodaliter
1398 2847 1597 2883 convenire.
1626 2847 1768 2890 Ioannes
1780 2846 1970 2890 cyrillum,
1998 2846 2048 2880 uti

1165 2898 1403 2932 Haereticorum
1425 2897 1657 2941 Capitulorum
1681 2896 1878 2935 authorem,
1904 2895 2048 2940 ideoque

1163 2948 1467 2985 &Haeraefiarcham
1487 2947 1719 2988 damnaverat,
1747 2947 1880 2981 Sanetus
1899 2945 2047 2987 Cyrinus

1164 2999 1326 3043 Joannern
1351 2997 1504 3036 censebat
1516 2998 1720 3032 Nestotianae
1741 3009 1812 3032 non
1833 2996 2046 3032 solummodo

1163 3050 1302 3094 personae
1324 3073 1335 3089 ,
1362 3049 1414 3083 sed
1440 3049 1472 3084 &
1495 3047 1634 3093 perfidie
1658 3048 1818 3082 fautorem
1836 3072 1848 3088 ,
1875 3055 1975 3090 atque
1998 3046 2046 3082 ita

1161 3102 1246 3134 inter
1263 3099 1350 3143 ipsos
1377 3101 1412 3134 ὅ(
1437 3110 1553 3134 eorum
1576 3098 1758 3142 Episcopos
1784 3107 1851 3133 erat
1877 3097 2045 3132 summum

1159 3150 1329 3185 discordiae
1347 3148 1448 3184 chaos
1469 3174 1476 3181 .
1505 3149 1599 3183 Hinc
1627 3148 1730 3193 igitur
1756 3149 1897 3193 Joannes
1921 3158 2045 3182 novam

1159 3201 1370 3235 Relationem
1389 3199 1559 3234 transmifit
1571 3224 1582 3240 ,
1609 3198 1774 3242 Cyrillum
1798 3195 1980 3243 graviffim6
1992 3209 2045 3232 ac·

1158 3251 1271 3285 cusans
1293 3250 1334 3285 de
1348 3262 1435 3285 nova
1457 3250 1492 3283 in
1506 3248 1670 3294 Augustas
1690 3249 1844 3292 jussiones
1871 3256 2042 3284 contuma-

1157 3302 1232 3342 cia,
1256 3301 1290 3335 &
1305 3299 1463 3344 pertinaci
1473 3299 1591 3335 duritia
1611 3299 1645 3333 in
1659 3301 1724 3334 suis
1735 3297 1894 3334 haereticis
1906 3298 2042 3342 Capitu-

1158 3351 1216 3385 lis.
1242 3352 1336 3385 Hinc
1359 3350 1537 3394 Principi,
1560 3349 1636 3385 licet
1655 3349 1724 3393 ejus
1745 3349 1954 3394 Rescriptum
1979 3357 2040 3382 nec

1157 3401 1225 3444 jota
1245 3410 1302 3437 aut
1323 3400 1451 3447 apicem
1471 3399 1602 3437 haberet
1621 3400 1662 3435 de
1674 3400 1767 3444 illis,
1793 3401 1860 3446 ipsa
1873 3408 1983 3483 taimen
1994 3406 2039 3431 re-

1595 3450 1623 3485 F
1674 3461 1696 3499 3
1920 3454 1990 3482 uxxt
