2320 3730
594 201 1017 253 Senot1ls,tr
1051 194 1681 241 Nor1slttusrRATAE.
1898 209 1963 254 79

213 284 457 334 legitime-rdine
468 306 480 324 ‚
504 294 572 326 quae
580 283 729 326 proposita
736 282 810 327 sunt
819 308 830 324 ‚
854 282 1068 322 constituantur
1082 274 1107 334 ,Ι

212 335 377 381 ηὶβῦιβνα
394 333 562 378 Maje’flatis
591 334 768 370 Autboritas
791 335 973 367 intercedat.
1000 333 1105 374 ,Quadi

206 387 236 430 fi
248 385 299 419 boc
309 387 473 421 Serenitati
496 383 601 424 vestrae
623 397 681 418 non
694 381 840 427 pr‘obatur
853 408 864 423 ,
886 382 1105 425 supplicamus'

210 436 421 472 Nicomediam
433 433 560 476 accersiri
571 459 581 475 ‚
607 446 642 468 ut
654 436 816 477 expedite,
841 445 909 476 quae
919 433 988 465 aaa
994 429 1066 474 sunt
1079 455 1090 471 ‚

209 488 413 521 Dominationi
423 484 725 530 vestraefignificemus
736 508 748 525 ,
775 482 939 524 vestraeque
959 485 1090 514 Pietatis

209 536 378 570 suniitones
398 541 592 578 accipiamus.
620 536 665 571 Et
677 536 712 571 in
731 533 848 567 litteris
871 530 913 565 ad
924 531 1012 566 Sacri
1024 530 1091 564 Cu-

211 586 314 621 biculi
334 585 523 622 Praefectum
547 600 557 618 :
584 584 775 628 obsecramus
799 580 928 622 vestram
949 580 1089 624 Magnifi-

208 642 340 672 centiam
353 660 365 676 ‚
391 647 428 669 ne
451 647 502 669 nos
517 642 614 669 tantis
634 632 711 676 bifie
720 633 811 667 malis
832 634 963 674 undique
981 630 1089 664 eindlos

211 687 342 730 negligat
363 710 374 726 ,
395 684 452 728 fi’d
471 687 606 719 evidenti
631 689 735 716 mortis
759 680 922 725 discrimini
949 688 1066 720 eximat
1080 705 1090 720 ,

210 732 374 779 efficiatque
393 745 426 769 ut
435 737 480 770 ad
488 740 614 779 Regiam
623 739 780 767 civitatem
792 737 892 765 accitis
899 731 974 775 fidei
984 731 1088 771 nostrae

210 793 356 821 rationem
374 787 498 821 reddere
521 808 533 825 ,
555 795 592 818 ac
607 783 820 825 praedmorum
841 788 976 816 virorum
996 781 1087 815 baere-

205 835 263 879 fim
281 859 292 876 ‚
317 835 566 876 incredibilemque
576 839 767 876 iniquitatem
788 835 878 866 liceat
888 831 1091 872 commonstra-

212 898 263 920 re.
291 891 379 923 Nam
397 883 508 926 nifiboc
515 883 575 925 fiat
595 908 607 924 ,
630 884 790 925 peribimus
802 883 950 924 funditus
964 907 975 923 ,
1002 891 1092 924 atque

209 936 327 973 illorum
340 935 437 976 furiis
455 934 600 976 pabulum
616 934 717 976 futuri
733 932 837 977 sumus
868 960 874 966 .
901 934 968 966 His
991 933 1090 977 igitur

209 980 340 1021 cunctis*
355 995 520 1028 permotus
531 984 710 1028 Imperator
729 995 770 1018 ex
782 985 896 1027 quavis
917 993 1006 1026 parte
1016 993 1089 1016 evo-

208 1036 299 1072 cavit
320 1036 396 1069 osto
415 1059 423 1067 .
453 1034 521 1072 Per
545 1045 666 1068 novam
690 1036 820 1069 Sacram
838 1059 845 1066 .
877 1034 920 1066 Et
932 1030 1000 1067 haec
1027 1033 1089 1066 fuit

208 1093 324 1129 quarta
344 1084 413 1126 ejus
424 1083 465 1117 ad
477 1082 653 1124 synodum
666 1082 815 1129 Epistola
826 1108 834 1115 .
861 1083 930 1119 Eos
941 1082 1091 1122 evocavit

209 1133 541 1178 Constantinopolim
553 1158 563 1166 .

205 1214 209 1218 .
260 1183 479 1217 Evocationis
499 1193 628 1226 ternpus
648 1182 801 1218 disci-mus
821 1195 863 1217 ex
875 1182 1005 1217 laudata
1016 1182 1092 1216 San-

209 1235 268 1269 &ae
290 1234 420 1280 Synodi
445 1233 486 1268 ad
508 1235 583 1268 suos
609 1233 904 1277 Constantinopoli
928 1233 1093 1276 Legatos,

211 1295 252 1319 ac
261 1283 405 1326 ejusdem
425 1284 567 1320 civitatis
577 1282 714 1319 Clerum
729 1284 875 1326 Epistola
891 1294 898 1314 :
927 1284 1032 1315 Pietas
1043 1293 1093 1314 ve-

203 1329 273 1381 stra
285 1331 364 1375 stlat
380 1332 533 1376 Ephesum
546 1357 557 1373 ,
578 1335 708 1374 perinde
730 1345 764 1366 ac
776 1344 923 1366 carcerem
936 1356 946 1371 ‚
968 1330 1091 1373 prorsus

210 1394 266 1418 no:
277 1382 470 1423 inhabitare,
496 1389 530 1416 in
540 1394 599 1425 qua
603 1385 675 1423 jam
684 1383 829 1422 trimestre
847 1382 980 1426 spatium
1003 1380 1093 1424 usque

211 1434 287 1467 adeo
298 1432 654 1474 arc‘leinclufitenemur·‚
678 1443 714 1467 ut
728 1443 820 1476 neque
839 1442 896 1474 per
919 1443 1018 1471 mare,
1044 1443 1092 1465 ne—

211 1494 272 1527 que
285 1490 340 1525 per
359 1492 460 1520 terras
475 1483 569 1519 libere
577 1507 594 1523 ‚1
613 1485 651 1516 (5
670 1482 782 1526 absque
798 1482 969 1526 discrimine
993 1494 1092 1525 quem-

208 1538 298 1578 piam
318 1535 435 1565 omnine
454 1534 512 1565 vel.
524 1534 571 1565 ad
582 1537 669 1573 pium
680 1537 866 1566 Comitatum
877 1557 889 1573 ,
916 1533 970 1567 vel
990 1538 1024 1565 in
1035 1534 1092 1565 ali-

212 1593 301 1625 quem
327 1582 420 1615 alium
438 1583 531 1616 locum
550 1583 719 1616 amandare
738 1585 881 1626 queamus
904 1607 912 1615 .
938 1583 1093 1625 Synodus

211 1631 319 1669 fuerat
338 1631 460 1668 indicta
480 1633 626 1668 inditur
647 1632 856 1668 pentecostes
876 1644 885 1664 :
913 1631 957 1666 Et
978 1643 1093 1665 omnes

211 1692 325 1727 praeter
348 1682 509 1726 Ioannem
531 1681 721 1720 Antiochiae
731 1681 956 1718 Patriarcham
978 1695 1015 1717 ac
1027 1682 1093 1725 ejus

211 1732 371 1777 collegas
394 1732 547 1776 Episcopi
563 1733 734 1769 adfuerant
757 1735 792 1769 in
815 1734 956 1768 exordio
978 1733 1094 1767 mensis

212 1781 327 1830 Junii.
353 1782 500 1818 Proinde
521 1783 610 1822 istud
637 1784 796 1819 trimestre
816 1785 954 1828 spatium
981 1808 991 1823 ‚
1018 1783 1093 1817 licet

212 1844 286 1868 non
307 1834 527 1877 completum,
556 1836 620 1868 effe
643 1847 711 1869 non
726 1834 836 1878 potuit
858 1845 935 1868 ante
949 1833 1095 1867 medium

214 1882 359 1927 Augusti
369 1908 378 1918 ,
407 1883 507 1918 Missa
529 1893 608 1917 tunc
621 1884 660 1917 ad
674 1884 860 1926 Principem
876 1884 940 1916 fuit
952 1882 1097 1925 synoda-

214 1932 258 1969 lis
268 1931 463 1975 supplicatio
478 1956 486 1964 .
513 1933 626 1979 Qare
642 1934 829 1968 evocatoria
837 1933 971 1966 Sanffio
985 1932 1098 1974 nequit

214 1981 382 2018 advenisse
395 1981 578 2025 Ephesum,
604 1982 663 2019 nisi
684 1984 768 2017 circa
790 1982 937 2021 medium
961 1981 1100 2024 Septem·

218 2031 307 2066 bris,
352 2041 357 2055 ³
492 2042 499 2056 2
684 2040 686 2042 ·

269 2083 319 2115 At
338 2079 390 2115 his
410 2081 587 2125 plurimum
608 2081 700 2117 obest
724 2082 870 2125 Epistola
884 2106 894 2122 ,
920 2091 1019 2125 quam
1043 2081 1100 2113 Fa-

214 2131 338 2171 aionis
349 2132 467 2177 Legati
486 2131 701 2167 Chalcedone
722 2133 916 2177 scripserunt
933 2129 1101 2175 Ephesum

215 2181 286 2226 ipsa
296 2179 372 2222 die,
398 2193 462 2226 qua
477 2182 646 2226 sperabant
666 2181 773 2219 audiri
791 2184 809 2217 a
822 2182 992 2226 Principe.
1022 2180 1099 2214 Scri·

217 2240 274 2276 pta
285 2231 331 2266 est
340 2232 515 2271 undecima
528 2234 644 2267 menfis
656 2233 800 2276 Gorpiaei
811 2257 822 2274 ,
848 2230 881 2267 id
894 2232 960 2271 est,
987 2241 1100 2275 quarta

217 2279 273 2315 die
294 2281 442 2319 Romani
461 2282 676 2326 Septembris.
705 2284 750 2318 Et
771 2293 852 2317 tunc
870 2282 921 2317 isti
932 2292 985 2326 per
996 2281 1101 2325 piures

219 2331 290 2366 dies
310 2332 437 2369 fuerant
449 2332 682 2367 Chalcedone.
716 2331 901 2380 Quomodo
914 2333 1015 2378 igitur
1025 2342 1101 2366 evo-

219 2383 343 2416 catoria
355 2382 484 2419 Sannio
508 2394 577 2417 non
589 2384 655 2418 nili.
668 2383 710 2419 ad
732 2383 930 2427 Septembris
954 2382 1101 2420 medium

222 2431 368 2474 pervenit
389 2432 581 2474 Ephesum?
611 2434 665 2465 Est
681 2445 749 2467 non
762 2432 891 2466 modica
904 2431 1079 2466 difficultas
1094 2455 1101 2462 .

222 2481 301 2523 Ego
322 2479 412 2512 aliud
435 2481 546 2514 nescio
560 2504 571 2519 ‚
597 2482 654 2514 nisi
667 2481 756 2523 quod
770 2482 896 2523 praefata
907 2478 1103 2513 Catholico-

221 2539 295 2564 rum
306 2529 499 2571 supplicatio
511 2541 577 2562 non
591 2531 688 2565 fuerit
701 2530 843 2574 ipsorum
858 2530 981 2573 prima:
1001 2528 1104 2573 Qod

222 2577 258 2611 &
268 2578 365 2614 aliam
378 2579 517 2621 priorem
541 2580 699 2619 fecerint,
727 2580 760 2614 δε
773 2579 864 2622 quod
892 2579 933 2613 ad
945 2578 1029 2613 hanc
1043 2579 1108 2613 Im·

222 2637 351 2671 perator
369 2629 453 2672 ipsos
476 2629 636 2663 evocarit·
666 2629 757 2664 Nam
778 2628 871 2672 quod
891 2629 1046 2664 evocatio
1068 2628 1108 2662 ad

224 2679 368 2721 ipsorum
391 2690 499 2722 preces
520 2679 726 2723 provenerit,
752 2689 832 2713 mox
844 2679 1014 2713 audiemus
1029 2703 1036 2711 .
1065 2678 1108 2712 Et

224 2728 269 2762 fic
290 2728 457 2766 ambarum
482 2731 624 2772 partium
640 2729 757 2774 Legati
781 2729 900 2775 poffint
910 2728 953 2764 ad
965 2728 1109 2774 Augusti

224 2778 326 2812 finem
350 2779 528 2822 pervenisse
541 2779 790 2814 chalcedonem
802 2806 809 2812 .

277 2828 417 2871 Ioannes
437 2829 603 2865 Sacrarum
622 2830 855 2875 Largitionum
884 2830 1008 2865 Comes
1030 2838 1111 2863 tunc

226 2877 336 2915 adhuc
369 2880 508 2924 degebat
541 2878 658 2923 Ephefi
684 2903 695 2920 ‚
720 2880 861 2924 ideoque
885 2881 921 2915 &
947 2879 1112 2924 utriusque

227 2929 327 2972 partis
357 2930 539 2973 Episcopos
570 2929 696 2964 videtur
726 2930 896 2966 deduxisse
922 2929 1112 2965 Chalcedo-

228 2989 324 3012 nem.
351 2979 432 3013 Hoc
455 2980 566 3014 suadet
591 2980 788 3022 synodalis,
815 2993 870 3025 per
882 2982 959 3015 osto
969 2981 1035 3024 ejus
1045 2980 1112 3014 Le·-

227 3038 323 3071 gatos
345 3030 548 3070 transmissa,
573 3029 614 3063 ad
634 3029 819 3074 Principem
841 3031 998 3066 Relatio.-
1024 3034 1111 3075 ,Quo-

229 3082 314 3110 niam
342 3081 442 3111 Ptetas
462 3080 561 3120 vestra
575 3103 586 3119 ‚
611 3091 685 3114 nunc
694 3086 786 3117 etiam
796 3082 890 3123 nostra
896 3079 1112 3126 supplicatione

229 3127 340 3168 inflexa
367 3151 377 3167 ‚
400 3137 453 3169 per
459 3131 613 3172 joannem
634 3131 940 3175 Magnificentiffimum
968 3137 1113 3165 Comitem

228 3176 350 3210 hortata
368 3176 407 3215 est
419 3202 429 3217 ,
454 3189 488 3212 ut
511 3187 681 3214 oecumenica
692 3184 821 3220 synodus
847 3194 885 3217 ex
895 3184 1027 3224 piiffimis
1039 3185 1113 3224 Epi-

222 3225 322 3271 scopis
337 3251 347 3267 ‚
375 3239 446 3269 quos
471 3230 705 3271 approbaverit,
731 3233 775 3264 ad
782 3232 912 3273 vestram
924 3233 1114 3274 Maiestatem

228 3283 354 3317 mittat,
383 3283 435 3319 qui
461 3277 628 3322 universum
648 3292 745 3315 rerum
768 3283 929 3324 nostrarum
946 3282 1062 3324 statum
1071 3294 1112 3316 co·

228 3338 297 3359 ram
317 3336 446 3369 exponat
470 3353 480 3368 ,
500 3337 662 3373 -propterea
685 3338 797 3374 gratiis
830 3334 936 3374 vestrae
962 3333 1113 3374 Majestati

231 3377 328 3418 adlis,
355 3376 510 3421 selegimus
523 3381 580 3413 &a
596 3379 754 3416 Notanda
768 3383 839 3418 sunt
855 3383 948 3418 verba
964 3398 974 3417 .·
1002 3384 1113 3423 Nostra

224 3425 441 3474 supplicatione
462 3429 593 3470 inflexa.
621 3429 809 3467 Ostendant
820 3437 1052 3469 evocationem
1066 3435 1115 3468 fa-

1151 280 1233 313 uam
1247 278 1287 313 ad
1299 289 1406 321 preces
1429 276 1635 313 Orthodoxae
1647 278 1771 320 Synodi
1787 306 1794 313 .
1821 279 1975 315 Praeterea
1989 280 2031 317 de

1153 327 1324 364 mendacio
1348 329 1557 362 convincunt
1584 329 1722 371 primam
1756 331 2032 374 postulationem,

1152 391 1249 421 quam
1261 379 1424 419 Orientali
1435 379 1603 418 Fastionis
1616 378 1733 423 Legati
1746 378 1960 420 Chalcedone
1973 382 2033 420 mi-

1155 431 1259 464 serunt
1271 430 1311 465 ad
1321 430 1527 473 Principem:
1555 437 1672 472 Horum
1692 428 1772 468 testis
1791 430 1829 468 est
1842 431 2033 473 Magnificen-

1155 482 1271 520 ttffimus
1294 479 1449 524 Magister,
1475 486 1528 523 qui
1552 480 1633 512 nobis
1657 481 1690 513 (9·
1709 480 1769 513 illis
1780 487 1866 512 tertto
1883 483 2031 521 &quarta

1152 536 1316 564 convocatis
1329 554 1339 569 ‚
1365 532 1398 565 (θ’
1419 529 1482 565 haec
1507 542 1558 563 nec
1576 531 1766 572 praetendere
1781 531 1897 566 audens
1909 539 2032 572 propter

1152 581 1267 614 illorum
1300 581 1529 615 inobedientiam
1552 605 1562 620 ‚
1589 589 1685 621 operae
1704 585 1835 622 pretium
1865 582 1954 614 duxit
1971 581 2035 622 post

1151 630 1207 662 hac
1219 642 1270 663 nos
1282 631 1336 663 huc
1348 642 1467 670 evocare
1476 657 1483 664 .
1515 631 1566 663 Ex
1578 629 1666 669 hisce
1680 630 1783 664 verbis
1803 631 1958 665 discimus
1971 633 2037 674 plu-

1152 691 1185 715 ra
1206 705 1213 711 .
1244 680 1359 712 Primd
1378 706 1387 720 ‚
1418 676 1507 724 quod
1536 682 1676 724 Joannes
1710 680 2039 725 Constantinopolim

1153 729 1255 763 redux
1267 729 1377 762 statim
1399 730 1417 763 ἐ
1443 731 1672 776 Largitiouum
1694 731 1829 767 Comite
1849 731 1946 765 fuerit
1970 743 2040 774 pro-

1154 781 1261 813 vestus
1272 779 1311 812 ad
1324 779 1535 822 Dignitatem
1548 780 1702 826 Magistri
1715 782 1901 821 officiorum
1913 807 1920 815 .
1935 782 2040 816 Haud

1152 829 1250 863 dubie
1271 828 1315 862 ob
1341 826 1521 871 Ephefinos
1557 830 1682 865 labores
1706 857 1712 864 .
1737 832 1890 867 Secundo
1909 845 1928 873 ‚·
1947 832 2039 876 quod

1155 879 1267 923 Ephesi
1280 890 1356 913 cum
1371 878 1542 921 Episcopis
1558 890 1697 921 quatuor
1709 881 1903 923 Conventus
1913 884 2016 927 egerit
2028 907 2036 919 ⁹

1155 929 1297 970 Tertio,
1325 929 1416 972 quod
1427 928 1594 973 utriusque
1615 932 1714 971 partis
1728 933 1907 977 Episcopos
1917 944 2039 967 evoca·

1154 980 1238 1015 verit
1262 980 1301 1014 ad
1324 978 1528 1022 Principem.
1559 977 1714 1025 Qarrd,
1745 984 1835 1021 quod
1856 983 1942 1018 istud
1953 983 2041 1022 fece-

1154 1032 1195 1065 rit
1216 1030 1405 1074 compulsus
1425 1030 1443 1063 a
1468 1029 1588 1072 Cyrilli
1612 1030 1836 1063 contumacia.
1865 1032 1906 1065 Et
1920 1033 1984 1068 hoc
1995 1034 2043 1067 est

1153 1081 1285 1116 evidens
1312 1080 1541 1119 mendacium.
1571 1078 1726 1123 Utraque
1752 1079 1852 1123 igitur
1874 1082 2043 1123 parsesuo

1155 1131 1284 1177 gremio
1304 1131 1405 1175 elegit
1432 1132 1509 1164 osto
1522 1129 1684 1164 dostiores
1698 1154 1709 1170 ,
1734 1130 1865 1174 &ipsos
1882 1130 2045 1174 ablegavit

1157 1181 1489 1225 Constantinopolim
1511 1206 1518 1213 .
1545 1181 1630 1215 Item
1655 1191 1792 1224 utraque
1810 1192 1881 1224 pars
1901 1181 1966 1214 suis
1987 1181 2047 1215 Le-

1155 1234 1241 1277 gatis
1263 1231 1357 1266 dedit
1383 1241 1486 1266 certas
1506 1232 1679 1265 facultates
1699 1256 1710 1272 ,
1737 1231 1989 1271 instructiones,
2015 1232 2047 1265 &

1156 1283 1336 1317 Mandata.
1368 1283 1411 1315 Et
1432 1281 1499 1316 hoe
1520 1282 1565 1316 est
1598 1282 1793 1317 facultatum
1820 1281 2050 1317 acMandato·

1157 1343 1230 1365 rum
1257 1331 1534 1373 instrumentum,
1560 1333 1649 1376 quod
1668 1332 1732 1366 suis
1753 1332 1846 1367 dedit
1867 1331 2049 1367 orientalis

1157 1382 1290 1416 Faffio.
1321 1382 1434 1416 Exstat
1453 1382 1488 1415 in
1511 1383 1602 1416 Astis
1625 1381 1861 1426 Synodalibus2
1890 1383 1984 1422 Duxi
2004 1392 2050 1417 ta-

1160 1444 1235 1467 men
1261 1433 1295 1466 &
1307 1429 1393 1466 hanc
1407 1432 1634 1472 Caffinensem
1646 1434 1895 1468 translationem
1914 1434 2051 1477 vulgan-

1158 1483 1235 1516 dam
1262 1507 1270 1514 .
1299 1482 1419 1517 Habet*
1432 1483 1523 1517 enim
1545 1484 1652 1528 aliqua
1675 1484 1822 1518 notanda
1845 1483 2050 1517 discrimina.

1159 1532 1309 1567 Primum
1331 1533 1377 1567 est
1398 1557 1409 1573 ,
1445 1533 1536 1577 quod
1561 1532 1693 1577 vulgat'a
1716 1534 1885 1568 translatio
1910 1533 2054 1566 Paulum

1162 1584 1359 1617 Emesenum
1373 1583 1572 1627 Episcopum
1586 1583 1686 1617 solius
1698 1583 1839 1617 absentis
1850 1582 1965 1616 Aeacii
1979 1582 2053 1615 Ber·

1160 1632 1303 1670 rhaeenfis
1318 1657 1329 1673 ,
1353 1633 1668 1671 Caffinenfisautem
1683 1633 1802 1666 Codex
1825 1633 1932 1675 ipsum
1951 1632 2055 1665 etiam

1161 1684 1243 1726 Cyri
1254 1683 1341 1725 Tyri
1380 1683 1628 1728 Metropolitae,
1656 1681 1817 1726 praesentis
1839 1682 1924 1726 apud
1946 1681 2055 1725 Ephe·

1161 1735 1251 1774 sum,
1278 1733 1580 1767 faciatVicarium.
1610 1733 1765 1776 Ejusdem
1780 1733 1862 1776 Cyri
1890 1733 1977 1766 vices
1999 1732 2055 1766 dat

1160 1784 1261 1818 etiam
1275 1783 1424 1818 Macatio
1446 1784 1661 1822 Laodicensr.
1690 1783 1794 1819 Poffit
1811 1784 1875 1817 esse
1897 1783 2056 1817 mendum

1162 1834 1334 1876 scriptoris
1346 1857 1356 1873 ,
1382 1834 1439 1877 qui
1453 1834 1533 1876 Cyri
1548 1844 1671 1868 nomen
1686 1832 1736 1867 bis
1748 1846 1804 1877 per
1814 1845 1955 1868 errorem
1982 1830 2057 1866 scri-

1163 1885 1277 1926 pserit.
1304 1884 1394 1916 Nam
1413 1883 1585 1924 quomodo
1611 1883 1721 1926 Cyrus
1732 1884 1885 1926 posuisset
1896 1883 1981 1917 duos
1994 1882 2059 1916 Vi-

1164 1932 1268 1967 carios
1297 1932 1314 1964 ‚2
1340 1931 1443 1966 Poffit
1466 1942 1577 1966 tamen
1602 1933 1738 1976 posuisse
1759 1959 1766 1965 .
1795 1932 1973 1980 Qidquid
1998 1933 2057 1974 fit,

1165 1983 1297 2026 vulgata
1323 1981 1492 2015 translatio
1514 1982 1597 2015 reste
1608 1981 1784 2026 distinguit
1807 1984 1893 2015 inter
1906 1983 1963 2016 has
1980 1983 2058 2023 Epi-

1166 2031 1309 2075 scopales
1331 2032 1438 2064 vices.
1468 2031 1521 2065 De
1543 2032 1652 2065 Paulo
1674 2032 1840 2065 Emeseno
1860 2032 1963 2065 dicit.-
1992 2034 2058 2075 ,Qui

1163 2083 1247 2118 idem
1265 2080 1609 2123 AcaciiBerrhaeenfium
1629 2080 1769 2125 Episcopi
1786 2080 1941 2125 personam
1964 2087 1995 2115 in
2020 2082 2058 2114 lo-

1165 2132 1281 2177 quenda
1286 2137 1370 2176 gerit
1383 2156 1390 2163 .
1418 2132 1467 2166 At
1483 2130 1557 2167 vero
1568 2132 1609 2166 de
1621 2133 1772 2166 Macario
1790 2133 1984 2166 Laodicenfi
2000 2133 2059 2166 ali-

1168 2182 1397 2225 terloquitur:
1425 2184 1492 2225 ,Qui
1514 2188 1608 2215 etiam
1623 2190 1680 2224 pro
1699 2186 1772 2222 Cyro
1793 2182 1938 2226 Episcopo
1962 2182 2058 2217 verba

1160 2232 1305 2275 facVurus
1316 2231 1355 2271 est
1372 2256 1378 2263 .
1405 2232 1537 2275 Nempe
1549 2232 1670 2268 Paulus
1681 2233 1782 2268 etiam
1793 2234 1878 2277 apud
1891 2232 2059 2277 Ephesum

1169 2284 1202 2316 in
1217 2281 1355 2324 Synodo
1368 2282 1612 2325 repraesentabat
1624 2281 1791 2319 absentem
1814 2283 1975 2318 Acacium
1989 2308 2000 2323 ,
2025 2294 2058 2317 at

1170 2331 1245 2367 vero
1258 2331 1424 2366 Macarius
1435 2333 1622 2378 praesentem
1642 2332 1759 2376 Ephefi
1775 2334 1901 2377 Cyrum
1927 2344 1995 2368 erat
2017 2344 2064 2367 re-

1170 2384 1414 2426 praesentaturus
1435 2383 1607 2418 dumtaxat
1633 2384 1930 2428 Constantinopoli
1952 2410 1958 2417 .
1996 2384 2064 2418 Eo·

1169 2434 1246 2465 dem
1270 2432 1373 2465 modo
1399 2432 1580 2475 Apringius
1604 2433 1828 2467 Chalcidensis
1855 2434 2064 2468 &Theodo—

1172 2491 1256 2514 retus
1279 2480 1431 2521 Cyrenfis
1451 2490 1545 2513 erant
1567 2484 1823 2524 repraesentaturi
1846 2484 1920 2516 suos
1943 2482 2062 2525 Ephesi

1172 2530 1340 2574 praesentes
1364 2529 1598 2574 Metropolitas
1617 2555 1624 2563 .
1662 2530 1771 2574 Cyrus
1807 2531 1842 2564 &
1873 2532 2064 2567 Alexander

1172 2591 1230 2624 pro
1250 2579 1415 2613 Fauionis
1433 2581 1529 2614 causa
1541 2590 1635 2614 erant
1656 2580 1894 2622 ardentissimi,
1923 2582 2064 2626 ideoque

1172 2629 1347 2666 voluissent
1357 2629 1419 2663 effe
1432 2629 1570 2674 Legati.
1598 2630 1646 2663 At
1658 2631 1733 2674 quia
1745 2631 1981 2667 exrationibus
1994 2643 2064 2666 non

1173 2690 1344 2724 poterant,
1373 2680 1442 2718 suas
1466 2681 1551 2719 vices
1573 2680 1748 2719 voluerunt
1770 2681 1864 2715 dictis
1895 2682 2064 2727 Episcopis

1173 2730 1383 2774 superaddere
1394 2756 1401 2768 .

1223 2780 1375 2814 Alterum
1409 2780 1587 2816 discrimen
1621 2782 1668 2816 est
1696 2806 1709 2823 ‚
1742 2780 1833 2824 quod
1873 2783 2065 2818 Caffinenfis

1172 2831 1344 2865 translatio
1373 2832 1507 2867 omittat
1532 2832 1716 2867 Alexandri
1743 2833 1990 2876 Hierapolitani
2028 2834 2064 2867 <Sc

1173 2881 1339 2916 Dorothei
1363 2882 1679 2925 Martianopolitani
1705 2881 1999 2925 subscriptionem,
2028 2884 2063 2918 &

1172 2932 1480 2975 fimpliciterdicat:
1506 2935 1551 2968 Et
1558 2931 1794 2976 subscripserunt
1814 2933 1880 2966 huic
1897 2935 2065 2966 Mandata-

1171 2988 1215 3017 rio
1227 2981 1357 3024 univerfi
1363 2985 1533 3029 orientales
1546 2982 1689 3026 Episcopi
1706 3009 1713 3015 .
1741 2982 1842 3017 Haud
1850 2982 1949 3017 dubie
1959 2985 2062 3018 etiam

1172 3033 1383 3076 Cappadoces
1410 3058 1421 3074 ‚
1445 3035 1480 3070 ἀ
1505 3033 1616 3067 Pifidae
1639 3057 1650 3073 ‚
1677 3034 1711 3067 δε
1734 3034 1883 3067 Thraces
1903 3056 1913 3071 ‚
1941 3034 2063 3076 aliique

1171 3095 1288 3119 omnes
1312 3083 1510 3119 adhaerentes
1529 3082 1771 3118 Orientalibus.
1802 3084 1935 3118 Etenim
1954 3085 2066 3118 Doro-

1173 3134 1267 3168 theus
1293 3135 1398 3178 palam
1421 3146 1489 3169 erat
1507 3146 1549 3168 ex
1569 3132 1733 3169 Thracica
1755 3134 1896 3169 Dioecefi
1922 3159 1927 3166 .
1957 3133 2063 3168 Porro

1174 3185 1324 3228 vulgatus
1334 3186 1530 3220 Translator
1542 3196 1610 3218 non
1624 3185 1691 3218 sine
1701 3187 1793 3219 causa
1809 3186 1958 3227 expreffit
1981 3186 2062 3219 duas

1174 3235 1248 3269 istas
1260 3235 1527 3280 subscriptiones.
1555 3235 1699 3268 Forsitan
1714 3235 1803 3278 quod
1817 3236 1936 3278 scriptae
1960 3236 2062 3268 essent

1173 3297 1248 3320 cum
1262 3286 1414 3330 singulari
1432 3287 1556 3328 impetu
1570 3310 1577 3317 .
1604 3285 1783 3321 Praesertim
1805 3295 1918 3320 contra
1942 3284 2062 3328 Cyl-illi

1174 3336 1330 3379 Capitula
1343 3361 1350 3368 .
1378 3336 1531 3370 Aliorum
1544 3335 1737 3379 subscriptio
1750 3335 1836 3370 haud
1848 3335 1945 3370 dubie
1960 3334 2062 3378 posset

1175 3398 1233 3420 nos
1243 3386 1360 3420 docere
1372 3384 1515 3430 aliquid:
1543 3385 1670 3421 Verum
1689 3387 1754 3421 huc
1767 3388 1867 3428 usque
1880 3398 1939 3419 nos
1963 3386 2041 3417 latet
2052 3407 2059 3414 .

1175 3436 1331 3471 Notanda
1355 3438 1429 3471 sunt
1450 3435 1568 3473 verba:
1598 3436 1790 3480 Posteaquam
1811 3441 1844 3470 in
1864 3444 2007 3516 magnlam
2027 3433 2062 3471 il·

1960 3494 2010 3520 am
