2320 3730
345 166 441 225 328

259 545 306 580 Et
318 546 401 581 nibil
420 548 538 582 horum
552 567 563 583 ‚
587 555 658 588 quae
671 544 846 587 scripturus
869 544 939 578 sum
951 567 961 584 ,
988 545 1148 586 dicerem,

258 597 338 632 sicut
348 599 437 632 testis
447 598 491 631 est
506 595 657 636 veritas,v
671 595 728 628 nisi
746 594 824 629 talia
850 594 971 634 nobis,
996 595 1084 638 quasi
1096 606 1149 629 ex-

257 648 373 691 quisita
397 657 526 691 propter
544 655 609 680 nos
628 645 865 686 satisfactione,
896 656 951 690 per
966 645 1148 690 Epistolam

255 697 311 732 tua
324 697 482 732 Sanctitas
506 696 676 731 indicasset
691 719 699 727 .
893 721 895 723 ,

302 749 462 782 Arbitror
471 756 579 786 autem
593 745 685 789 quod
699 755 764 791 ego
780 745 890 792 potius
903 745 1014 781 locum
1028 745 1147 781 habue-

253 798 319 833 rim
341 808 404 831 tuae
428 796 567 831 scribere
591 796 762 831 sanctitati
778 821 789 839 ,
813 797 995 841 deposuisse
1012 796 1145 841 quidem

253 858 309 882 me
319 847 418 882 talem
431 857 651 891 proventum,
678 847 886 893 investigasse
907 858 1017 883 autem
1027 849 1145 884 verita-

253 905 321 932 tem
350 921 358 929 .
387 898 452 932 Pro
473 897 596 932 talibus
615 898 718 933 causis
738 898 838 932 saneii
863 898 1027 935 Monachi
1047 922 1058 939 ,
1087 898 1143 942 qui

252 948 330 982 sunt
347 948 557 989 Alexandriae
568 973 580 990 ,
609 948 774 993 Epistolas
784 947 975 985 direxerunt
988 960 1044 993 per
1057 947 1145 983 Cho-

250 1009 378 1033 metum
401 996 476 1038 his,
503 998 560 1041 qui
580 1000 615 1034 in
636 998 794 1044 AEgypto
824 1001 959 1036 fuerunt
979 1025 991 1041 ,
1017 1000 1143 1034 Acacio

250 1049 537 1094 Reverendiffimo
569 1050 723 1083 Diacono
753 1050 788 1084 δε
825 1049 1040 1084 Xenodocho
1063 1074 1074 1089 ,
1110 1049 1143 1083 ἀ

247 1100 415 1144 Scyllacio
443 1099 618 1144 Religioso
641 1098 838 1141 Presbytero
863 1100 897 1135 &
922 1098 1142 1132 Archi-Man-

246 1149 359 1192 dria,
386 1150 421 1184 &
434 1149 570 1193 Agnpio
583 1147 864 1182 Reverenaiffimo
888 1148 1086 1191 Presbytero
1108 1148 1142 1182 ὅ(

246 1198 481 1243 Gazophylaci
504 1220 515 1237 ,
540 1207 727 1232 execrantes
766 1197 969 1241 impietatem
997 1198 1141 1242 Cyrissi,

245 1249 283 1284 &
315 1247 536 1293 pestilentiam
573 1259 645 1290 quae
671 1248 924 1291 comprehendit
962 1248 1138 1283 Ecclesiam

245 1300 337 1339 Dei,
363 1298 398 1332 &
418 1298 476 1332 fibi
500 1298 639 1332 indicari
672 1309 825 1342 rogantes
846 1323 856 1340 ,
890 1300 912 1333 si
934 1299 1034 1344 aliqui
1063 1300 1139 1334 Deo

245 1347 530 1383 Amiciffimorum
547 1348 783 1391 Episcopoxum
805 1361 860 1393 per
883 1350 1058 1385 Orientem
1072 1349 1139 1383 reli-

243 1400 395 1441 ffisunt‚
422 1399 565 1443 quinon
579 1399 652 1432 sunt
678 1397 774 1441 hujus
786 1400 943 1444 temporis
954 1400 1053 1434 faeti:
1082 1400 1138 1434 Ut

242 1449 266 1485 ss
297 1449 512 1484 remanserint
533 1474 544 1490 ,
581 1448 758 1484 scriberent
789 1450 906 1483 iisdem
934 1446 1138 1489 Monachis,

241 1506 280 1534 ut
303 1497 452 1534 venirent
473 1524 485 1540 ,
507 1499 544 1537 &1
568 1497 752 1538 &bitarent
778 1499 836 1533 sub
861 1499 976 1534 umbra
1000 1510 1135 1534 eorum.

243 1551 303 1583 Hic
316 1561 444 1592 namque
454 1573 465 1589 ,
495 1549 650 1592 inquiunt
663 1573 675 1590 ,
702 1548 740 1582 ab
753 1550 825 1583 altis
834 1551 961 1584 Sedibus
975 1553 1058 1584 Deus
1064 1549 1136 1593 pas-

237 1598 333 1643 fibilr's
352 1600 557 1641 praedicatur.
583 1600 661 1640 Deo
690 1600 917 1637 Amiciffimus
938 1599 1111 1642 Presbyter
1125 1625 1134 1640 ‚

243 1651 281 1685 ἀ
304 1647 600 1695 Archi-Mandrita,
613 1646 818 1685 Parthenius
847 1651 883 1686 ὅ(
904 1649 989 1686 mihi
1016 1651 1051 1686 δε
1071 1660 1135 1684 tuae

239 1699 466 1746 Religiofitati
478 1697 794 1743 direxitEpistolam
804 1726 815 1743 ,
829 1701 904 1743 quia
918 1713 996 1736 cum
1011 1701 1132 1738 fiducia

238 1761 332 1787 nunc
354 1751 389 1784 in
403 1750 781 1795 Constantinopolitana.
798 1751 1060 1795 dogmatizantes
1071 1752 1128 1786 Eo

239 1800 334 1835 clcfia
356 1800 475 1835 dicunt
494 1823 506 1840 ,
531 1799 610 1843 quia
629 1799 684 1835 Ille
705 1803 886 1834 immortalis
920 1801 959 1840 est
981 1810 1129 1835 mortuus.

237 1851 284 1885 Et
294 1861 372 1886 ante
385 1849 521 1894 paulum
536 1874 548 1890 ‚
575 1859 676 1894 quam
688 1850 881 1894 susciperem
906 1862 970 1886 tuae
983 1851 1130 1896 Religio·

239 1900 341 1937 fitatis
363 1900 546 1946 Epistulam
560 1923 572 1942 ,
596 1898 777 1938 undecimo
798 1901 933 1947 quidem
959 1901 1015 1937 die
1040 1926 1052 1942 ,
1079 1912 1129 1936 ve-

239 1953 338 1987 niens
349 1952 534 1993 indicavit,
561 1950 796 1995 quodpropter
819 1951 906 1987 hanc
930 1950 1072 1988 haerefim
1088 1951 1129 1987 ab

241 2002 312 2045 ipsa
325 2000 470 2035 Ecclesia
491 2000 629 2035 infinitae
640 2001 870 2038 multitudines
890 2004 923 2037 se
936 2002 1126 2046 separarint.

239 2050 395 2086 Andreas
415 2048 492 2084 vero
503 2051 580 2084 Deo
600 2049 827 2084 Amiciffirnus
849 2051 1034 2094 Episcopus
1052 2060 1128 2085 ante

239 2100 305 2137 hos
316 2099 402 2136 mihi
413 2099 483 2135 dies
494 2109 548 2142 per
559 2097 742 2142 Epistulam
755 2099 893 2142 scripsit,
922 2100 1013 2144 quod
1034 2100 1070 2134 in
1081 2106 1129 2134 to-

240 2161 275 2188 ta
285 2151 429 2188 Pontica
450 2149 609 2193 Regione
629 2149 721 2183 Deus
742 2149 898 2191 passibilis
917 2149 1125 2193 praedIeetur.

241 2203 322 2237 Deo
346 2198 574 2235 Amiciffimus
594 2197 629 2230 &
646 2196 869 2231 Sanc'tiffimus
888 2198 1068 2241 Episcopus
1088 2208 1130 2231 ex

245 2251 405 2296 AEgypto
425 2257 488 2282 tuae
501 2245 724 2291 Religiositati
735 2256 790 2290 per
801 2246 987 2289 Epistolam
1001 2245 1130 2281 indica-

244 2302 318 2336 vit:
346 2297 499 2333 Rabbulas
520 2297 558 2331 de
570 2296 658 2330 vobis
681 2297 800 2339 quidem
805 2294 890 2340 sapit
902 2320 913 2336 ,
939 2298 1023 2342 quod
1036 2303 1132 2339 pieta-

247 2361 310 2386 tem
320 2353 516 2395 cognoveritis
527 2359 542 2390 ;
568 2348 605 2381 de
628 2345 711 2379 nobis
732 2349 806 2381 vero
829 2347 934 2388 ubique
947 2345 1054 2390 scribit
1071 2352 1132 2382 evi—

248 2403 353 2442 denter
364 2412 417 2435 nos
430 2398 581 2434 baerericos
601 2401 781 2430 nominans.
950 2424 957 2431 ,

269 2452 271 2455 “
298 2451 370 2497 Qi
386 2452 460 2485 sunt
472 2449 491 2484 a
503 2446 643 2483 secunda
655 2447 775 2482 Cilicia
788 2471 799 2487 ,
825 2444 908 2482 mihi
927 2447 1135 2491 synodicum

249 2502 462 2542 direxerunt,
490 2499 526 2534 in
537 2510 605 2544 quo
621 2498 656 2533 δε
668 2497 801 2542 Cyrillo
819 2497 981 2533 dederunt
991 2497 1135 2532 Anathe·

255 2564 309 2588 ma
320 2575 332 2592 ,
357 2550 687 2593 excommunicantes
696 2558 752 2583 eos
763 2573 776 2589 ,
800 2549 948 2591 quicum
956 2558 992 2582 ut
1003 2547 1136 2592 Episco-

251 2614 332 2648 pum
359 2600 511 2637 habent.'
541 2599 649 2645 Simili
680 2596 766 2633 mibi
800 2598 948 2645 Epistola
978 2598 1137 2632 indicavit

251 2650 451 2691 Heluidius,
477 2649 569 2693 quod
590 2644 683 2683 simul
704 2647 738 2683 &
751 2646 816 2691 ipse
837 2647 1016 2691 decreverit
1036 2659 1137 2683 unam

252 2701 452 2738 sententiam
476 2697 578 2733 in'his
589 2722 601 2739 ‚
616 2699 777 2742 'quaeDeo
789 2697 1002 2733 Amiciffimis
1023 2698 1139 2733 secun-

252 2750 309 2789 δἐ-
323 2747 452 2786 Ciliciae
477 2747 647 2792 EpiscopIs
658 2747 864 2791 placuerunt.
893 2748 937 2783 Et
958 2748 1035 2793 quia
1057 2761 1139 2783 non-

254 2801 340 2838 nulli
354 2800 443 2834 illius
456 2798 618 2843 Regionis
632 2797 786 2842 Episcopi
798 2798 897 2832 altera
909 2800 1038 2842 sapiunt
1051 2823 1062 2840 ‚
1084 2797 1139 2833 esui

257 2850 504 2897 permutatione
524 2847 665 2891 tempori
689 2848 876 2887 servientes,
902 2851 1050 2893 quinque
1061 2848 1139 2892 Epi-

255 2902 355 2938 stolas
365 2899 472 2935 habeo
484 2898 562 2933 Deo
575 2897 856 2941 Amicisiimorum
874 2897 1137 2943 presbyterorum

255 2951 373 2987 Photii
397 2960 497 2992 atque
518 2946 697 2992 Martyrii:
721 2947 816 2982 Duas
835 2948 972 2992 quidem
991 2960 1138 2984 commu-

257 3004 343 3037 niter
353 3002 486 3045 scriptas
497 3022 508 3039 ,
517 2998 553 3034 in
565 2997 683 3044 quibus
689 2996 924 3035 orthodoxam
936 2999 1115 3043 Epistulam
1127 3023 1139 3040 ,

256 3061 322 3087 tres
337 3051 416 3087 vero
426 3051 444 3085 a
458 3050 620 3085 solovDeo
633 3048 842 3084 Amiciffimo
850 3046 974 3084 Photio
984 3074 995 3091 ,
1022 3050 1056 3084 in
1069 3049 1139 3093 qui-

258 3101 320 3136 bus
329 3113 402 3136 earn
424 3100 611 3137 nominavit
630 3100 844 3135 Haereticam.
868 3100 949 3135 Deo
971 3100 1140 3134 Amicim-

260 3161 334 3187 mus
354 3150 497 3186 Zebinas
517 3176 528 3194 ,
554 3152 613 3197 qui
635 3150 672 3185 in
693 3147 878 3186 Antiochia
897 3150 960 3185 fuit
975 3173 993 3190 .,
1017 3150 1140 3193 Propo-

677 157 1015 210 'VARIORUM
1050 163 1303 207 PArRuM
1339 158 1706 225 ErusrpLAEs

266 256 435 280 conterere
458 255 535 280 vos.
559 244 641 291 Ego
663 247 755 282 enim
777 258 846 281 non
872 244 1042 291 quomodo
1056 252 1157 287 agant

265 295 570 337 Cilices&1sauri·,
593 295 754 337 intendo,
780 297 865 331 sediti
891 293 1075 336 omnesqui
1091 293 1156 327 fue.

262 355 340 381 runt
359 347 377 380 a
400 346 514 385 seculo
534 370 548 388 ‚
572 345 726 382 homines
748 348 768 380 a
791 343 932 378 mortuis
954 343 1156 387 resurgentes

264 394 438 440 AEgyptiae
457 395 716 436 abominationis
738 393 940 437 impietatem
953 417 964 434 ‚
990 392 1152 428 Pietatem

261 456 417 489 vocent,
444 448 612 492 digniores
633 455 690 478 eos
720 441 787 476 fide
812 443 1001 477 nullatenus
1024 444 1111 478 duco
1136 444 1152 479 i

260 496 394 531 stientia
408 522 418 537 ,
445 500 516 540 qua‘e
537 494 621 530 mihi
643 494 722 527 Deo
748 492 907 538 largiente
933 493 1055 529 donata
1080 494 1126 528 est
1145 520 1151 527 .

1218 241 1263 276 est
1277 266 1285 274 .
1312 241 1415 276 Potui
1435 253 1475 277 ex
1487 242 1538 278 his
1549 268 1561 285 ,
1587 257 1624 280 ut
1640 247 1794 292 praedixi,
1821 258 1884 287 tute
1895 252 2102 299 Religiosita·

1218 292 1244 326 ti
1257 292 1492 337 investigandae
1503 295 1646 329 veritatis
1658 298 1733 333 dare
1744 302 1914 338 consilium
1928 328 1939 344 ,
1961 305 2015 339 sed
2026 317 2103 349 prm

1219 343 1302 377 senti
1314 352 1460 387 ternpore
1469 343 1612 388 judicavi
1623 353 1728 380 tacere
1738 370 1746 380 .
1776 350 1821 383 Et
1834 362 1885 394 per
1896 355 2017 390 sanetas
2027 366 2100 393 ora-,

1218 394 1326 428 tiones
1337 403 1429 434 ωας,
1454 406 1572 430 omnes
1593 393 1628 429 hi
1641 397 1698 441 qui
1718 398 2018 440 condemnaverunt
2037 406 2100 440 im-

1218 443 1308 487 pium
1333 444 1521 489 Cyrilsum,
1546 445 1646 481 sicubi
1670 447 1815 484 dixerint
1837 449 2072 491 orthodoxum
2087 481 2099 497 ,

1217 497 1390 537 permutati
1401 497 1495 531 sunt:
1522 497 1621 532 Circa
1633 495 1718 534 hanc
1730 508 1853 544 partem
1872 500 2001 538 illorum
2013 507 2098 542 sorte

1214 555 1381 628 ponentur
1401 546 1419 581 a
1440 557 1518 589 me,
1543 559 1686 592 quorum
1705 550 1838 586 Sanetus
1847 553 2002 588 meminit
2013 553 2097 592 Pam,

1229 604 1265 632 us
1279 621 1293 633 .,

1264 646 1366 693 Rogo
1388 648 1488 694 igitur
1502 649 1763 695 Religiositatem
1791 661 1882 688 tuam
1897 678 1909 695 ‚
1936 655 2014 699 quia
2037 645 2097 692 nec

1213 695 1347 732 insanus
1369 699 1438 734 sum
1457 724 1469 742 ,
1497 712 1559 735 nec
1574 700 1726 742 destrux,
1752 713 1789 738 ut
1810 715 1920 747 parcas
1939 707 2097 744 senestuti

1212 757 1291 781 rneae
1305 760 1312 780 :
1340 748 1373 784 Si
1385 751 1472 785 enim
1486 751 1559 787 vere
1571 754 1680 787 noscet
1691 753 1850 788 Sanstitas
1861 764 1916 789 tua
1929 756 1963 789 in
1973 758 2096 794 oratio·

1211 797 1310 833 nibus
1330 798 1377 834 ita
1391 811 1463 834 mea
1486 812 1595 846 genua
1617 803 1795 845 laborasse,
1821 816 1857 839 ut
1877 804 1946 850 ipse
1962 806 2074 841 dixisti
2087 832 2096 840 .

1211 846 1287 891 Ego
1307 850 1397 885 enim
1423 850 1501 885 ante
1523 852 1660 897 triginta
1684 865 1790 890 annos
1809 880 1822 896 ‚
1848 855 1928 893 dum
1949 856 2098 900 Julianus

1211 898 1345 941 quidam
1371 925 1382 941 ,
1410 901 1474 937 vita
1499 902 1696 949 Evangelica
1720 905 1834 939 vivens
1855 929 1867 945 ,
1892 905 2098 950 Apollinaris

1210 948 1328 986 morbo
1340 951 1506 997 langueret
1515 975 1526 992 ,
1554 954 1587 988 ὅ(
1601 956 1827 990 nominaretur
1839 957 1932 1000 super
1946 955 2099 992 Oblatio-

1211 1008 1285 1050 netn
1307 1001 1344 1035 in
1368 1001 1510 1036 Ecclesia
1533 1002 1689 1043 Chalenti
1700 1029 1712 1045 ‚
1738 1005 1772 1039 δε
1787 1006 1900 1042 vicino
1927 1007 2100 1051 Monaste:

1208 1047 1258 1083 rio
1267 1073 1279 1090 ,
1306 1052 1409 1093 usque
1420 1052 1560 1087 laboravi
1572 1077 1583 1094 ,
1609 1055 1684 1089 dum
1694 1055 1870 1091 auferretur
1882 1068 2005 1092 nomen
2018 1081 2029 1097 ,
2041 1057 2100 1092 sci·

1208 1108 1254 1132 ret
1266 1099 1366 1133 etiam
1382 1101 1466 1139 illud
1479 1125 1491 1141 ‚
1517 1105 1595 1144 quia
1610 1103 1725 1138 decem
1738 1106 1845 1140 millia
1868 1118 1990 1142 mortes
2001 1107 2099 1142 susti·

1206 1157 1240 1201 re
1251 1157 1380 1234 pzratsus
1401 1151 1493 1192 sum,
1518 1161 1621 1196 quam
1644 1152 1704 1188 tali
1714 1156 1946 1192 communituri
1955 1157 2097 1202 rpraebere

1207 1207 1271 1233 con
1290 1211 1330 1235 en
1347 1210 1403 1235 um
1415 1225 1423 1233 .

1391 1353 1907 1405 ScHoLtoN.

1201 1496 1382 1584 HAEc
1395 1500 1531 1546 epistola
1543 1514 1607 1539 nos
1617 1502 1715 1538 docet
1726 1503 1837 1549 primo
1847 1528 1860 1546 ,
1885 1505 1975 1550 quod
1984 1505 2099 1543 Theo·

1333 1549 1467 1587 doretus
1498 1564 1557 1595 pro
1581 1553 1777 1589 deducendo
1797 1556 1838 1590 ad
1860 1567 1975 1599 pacem
2003 1559 2098 1601 fisum

1198 1598 1453 1644 Metropolitam
1463 1602 1562 1637 suerit
1573 1602 1793 1646 Zelosiffimus
1805 1629 1817 1646 ‚
1843 1617 1881 1639 ac
1895 1607 2098 1644 nullislabo-

1197 1648 1285 1693 ribus
1306 1650 1486 1697 pepercerit
1514 1675 1524 1684 .
1549 1650 1704 1688 Secundo
1728 1675 1740 1692 2
1763 1654 1853 1696 quod
1874 1655 2098 1699 Metropolim

1196 1711 1267 1736 non
1277 1711 1316 1735 ex
1328 1701 1532 1746 simplicitate
1549 1713 1608 1738 aut
1618 1703 1810 1738 infirmitate
1823 1704 2016 1749 deliquerim
2041 1705 2098 1742 sed

1194 1759 1236 1784 ex
1248 1750 1343 1794 plena
1356 1752 1494 1786 malitia.
1521 1752 1602 1787 Hoc
1612 1752 1839 1789 demonstrant
1849 1753 1918 1790 haec
1931 1754 2035 1790 verba:
2063 1758 2098 1795 st

1193 1811 1293 1834 omnes
1305 1825 1317 1842 ‚
1327 1801 1510 1844 quisuerunt
1519 1804 1540 1836 a*
1545 1801 1656 1846 seculo
1666 1826 1678 1844 ,
1689 1801 1820 1838 homines
1832 1807 1854 1838 ἃ
1866 1811 1993 1840 mortuis
2001 1804 2099 1849 resurr·

1188 1859 1297 1895 gentes
1308 1852 1466 1896 AEgyptlae
1478 1851 1708 1888 abominationis
1718 1858 1904 1897 impietatem
1914 1880 1926 1897 ,
1945 1859 2097 1892 Putarem

1193 1903 1460 1947 vocent,dign1‘ores
1469 1915 1516 1938 eos
1522 1903 1586 1946 fide
1597 1904 1766 1939 nullatenus
1779 1907 1851 1940 duco
1862 1905 2099 1951 risclentienquae

1191 1950 1265 1986 mibi
1275 1954 1337 1987 Deo
1345 1954 1490 1998 largiente
1501 1954 1664 1995 donata-est
1673 1980 1682 1988 .
1711 1954 1768 1990 Est
1777 1965 1892 1991 natura
1901 1955 2018 2001 privati
2026 1957 2097 2000 spi-

1190 2001 1282 2051 ritus,
1292 2003 1392 2047 quiin
1403 2003 1576 2040 animabus
1586 2007 1710 2051 semper
1719 2005 1892 2042 Haereticis
1902 2006 2097 2046 dominatus

1189 2051 1254 2083 fuit
1265 2074 1278 2091 ‚
1289 2053 1325 2085 δε
1337 2052 1438 2087 hodie
1446 2054 1637 2088 dominatur
1648 2057 1685 2089 in
1697 2053 1896 2093 Lutheranis
1903 2081 1915 2098 ‚
1925 2069 1963 2092 ac
1974 2058 2097 2100 praesen·

1189 2099 1250 2133 tim
1261 2098 1468 2135 calvinistis.
1496 2101 1644 2144 Epistola
1656 2104 1754 2137 tertio
1764 2104 1861 2139 docet
1871 2129 1882 2146 ,
1905 2105 1996 2146 quod
2010 2106 2090 2140 item

1187 2149 1224 2183 S.
1238 2148 1388 2192 Cyrillus
1397 2174 1409 2191 ,
1423 2150 1493 2194 ejus
1506 2151 1676 2195 Capitula,
1685 2151 1721 2185 &
1734 2153 1817 2188 inita
1827 2154 1869 2188 ab
1879 2155 1952 2198 ipso
1964 2166 2027 2198 pax
2040 2153 2095 2189 ha·

1190 2196 1323 2232 buerint
1335 2199 1370 2232 in
1384 2200 1523 2244 Egypto
1533 2199 1693 2235 Inimicos
1708 2213 1716 2233 ε
1743 2201 1855 2236 Etiam
1875 2204 1960 2238 inter
1971 2204 2092 2241 Moriar

1191 2245 1292 2290 chos.
1319 2247 1404 2282 Non
1417 2249 1588 2284 dumtaxat
1599 2251 1674 2285 sunt
1683 2248 1838 2286 aduersati
1852 2251 2027 2297 Capitulis,
2039 2253 2093 2291 sed

1194 2298 1422 2333 execratisunt
1446 2309 1563 2334 eorum
1573 2299 1777 2344 impietatem
1804 2302 2090 2349 &pestilentian1,

1194 2357 1266 2390 quae
1275 2347 1323 2381 eis
1337 2346 1511 2383 videbatur
1522 2359 1582 2393 per
1592 2349 1658 2394 ipsa
1673 2349 1821 2386 invasisse
1833 2352 2020 2389 Ecclesiam.
2047 2353 2094 2389 Et

1183 2396 1239 2432 -ad
1259 2396 1446 2440 Orientales
1459 2397 1651 2435 Monachos
1669 2401 1818 2443 scripsere
1831 2401 1890 2444 fibi
1908 2404 2038 2437 indicari
2049 2414 2094 2438 ro,

1182 2450 1185 2461 ¹
1195 2455 1305 2492 gantes
1313 2446 1345 2490 fi
1347 2450 1444 2492 aliqui
1452 2449 1538 2493 Epis
1533 2458 1669 2492 caporum
1673 2458 1731 2493 per
1745 2455 1894 2486 orientem
1903 2453 1996 2486 relidi
2007 2451 2093 2496 fiant,

1199 2503 1252 2540 qui
1264 2509 1321 2531 non
1328 2496 1403 2542 sunt
1413 2498 1502 2541 hujus
1513 2507 1657 2544 temporis
1669 2500 1773 2542 faffl:
1801 2501 1867 2544 Uefi
1872 2501 2068 2545 remanserint
2079 2527 2093 2545 ‚

1199 2545 1360 2590 scriberent
1369 2547 1475 2593 iisdem
1486 2549 1644 2585 Monacbis
1655 2557 1689 2584 ut
1702 2557 1842 2586 venirent
1867 2547 1902 2588 ὁ
1919 2552 2094 2587 babitarent

1199 2596 1257 2641 sub
1267 2597 1372 2632 umbra
1380 2611 1487 2633 eorum.
1514 2599 1665 2635 Oderant
1677 2601 1847 2643 praesertim
1858 2602 2094 2637 duodecimum

1204 2647 1412 2691 Capitulum·
1438 2648 1545 2682 Lucet
1555 2659 1597 2682 ex
1607 2648 1669 2683 hac
1679 2649 1886 2692 querimonia
1899 2664 1907 2684 :
1919 2655 1974 2684 Hic
1984 2663 2089 2696 namq;

1203 2697 1242 2731 ab
1252 2697 1323 2731 altis
1334 2695 1457 2731 Sedibus
1468 2701 1552 2732 Deus
1561 2698 1702 2740 paffibtlls
1721 2700 1911 2741 predicatur
1923 2725 1931 2733 .
1958 2701 2011 2734 Ex
2023 2713 2092 2745 quo

1203 2747 1302 2782 etiam
1313 2746 1467 2782 discimus
1477 2771 1489 2788 ,
1514 2749 1604 2791 quot!
1618 2748 1677 2783 ista
1686 2747 1871 2792 Propositio
1888 2760 1943 2794 per
1958 2761 2094 2787 omnem

1205 2798 1379 2833 Orientem
1399 2795 1550 2832 habuerit
1569 2795 1783 2834 Adversarios
1805 2800 1840 2834 ὅ(
1860 2800 2091 2838 Execratores.

1206 2848 1340 2883 Etenim
1352 2847 1452 2882 etiam
1465 2846 1663 2884 Parthenius
1672 2873 1687 2890 .,
1701 2849 2098 2897 Constantinopolim&

1208 2898 1356 2934 Ecclefiae
1376 2895 1548 2941 Presbyter
1568 2899 1603 2934 &
1620 2897 1926 2942 Archi-Mandrita,
1953 2900 2036 2938 daris
2054 2901 2091 2937 δε

1207 2949 1249 2984 ad
1263 2947 1490 2983 Alexandrum
1503 2949 1587 2985 &ad
1598 2948 1853 2985 Theodoretum
1864 2949 1980 2986 litteris
1993 2976 2005 2992 ,
2015 2943 2092 2996 ‹iue-

1207 2998 1346 3040 stusest',
1373 2997 1463 3044 quod
1485 2999 1592 3044 plures
1601 3009 1681 3036 tunc
1690 2999 1761 3036 illic
1783 3000 1990 3044 praedicarent
2000 2999 2092 3036 hune

1208 3047 1416 3085 Articulum.-
1441 3051 1624 3086 Immortalis
1645 3050 1685 3093 est
1707 3060 1857 3085 mortuus.
1884 3051 1929 3087 Et
1956 3050 2092 3096 quidem

1210 3111 1287 3135 cum
1307 3098 1428 3134 fiducia
1441 3125 1449 3133 .
1477 3100 1608 3147 Nempe
1626 3101 1672 3138 ob
1692 3100 2005 3138 SanstiPatriarchae
2015 3101 2094 3137 Pro-

1204 3150 1249 3186 cli
1269 3148 1536 3194 Authoritatem,
1563 3152 1622 3197 qui
1639 3153 1737 3188 illum
1758 3153 1818 3187 suo
1839 3153 1882 3188 ad
1911 3152 2095 3188 Armenios

261 3201 381 3236 nianus
394 3201 564 3244 Eurethz,
592 3200 807 3236 Eustolianus
825 3201 860 3236 in
872 3199 1044 3235 Anazarbo
1065 3211 1141 3235 cum
1210 3201 1349 3242 Tomo,
1374 3210 1519 3237 auttunc
1531 3213 1588 3238 aut
1598 3202 1706 3238 statim
1715 3204 1787 3248 post
1799 3203 1951 3238 Inseruit.
1979 3200 2098 3238 Etiam·

262 3250 397 3293 reliquis
410 3251 582 3295 Episcopis
603 3262 715 3286 coram
730 3252 871 3287 Ecclesia
893 3249 1143 3287 anathematiza-

263 3300 312 3336 vit
321 3300 508 3346 CyriIlum,
535 3301 877 3343 &Communicantes
898 3301 1029 3347 Cyrillo
1044 3326 1052 3334 .
1080 3301 1144 3335 Ve-

1211 3250 1595 3288 Andreas-Samosatenfis
1606 3253 1996 3298 Episcopusaversabatur
2007 3277 2018 3294 ,
2045 3250 2090 3291 lh*-

1205 3311 1356 3337 mentans
1374 3301 1470 3336 illurn
1492 3303 1604 3339 doceri
1634 3304 1670 3340 δε
1694 3302 1857 3349 praedicari
1877 3314 1934 3348 per
1953 3308 2087 3339 omnen

265 3361 450 3394 rumtamen
471 3351 507 3387 ὅ(
527 3349 674 3398 comperi
695 3361 784 3388 nunc
805 3365 814 3386 :
840 3351 993 3392 Aurelius
1013 3352 1144 3395 Flavius
1213 3352 1389 3391 Ponticam
1406 3353 1596 3396 Dioecefim.
1621 3354 1752 3401 Nempe
1775 3353 1821 3391 ob
1841 3352 2091 3390 Authotitaoem

1936 3398 2041 3437 Firmi
