2320 3730
627 172 937 227 Scn01115‚
979 187 1038 216 ετ
1074 170 1266 217 Norls
1305 184 1701 221 ILLUSTRATAE.

272 255 349 292 scio
361 254 437 290 istos
447 261 508 288 tres
532 236 624 288 fuifl'e
634 252 803 289 haereticos
813 280 822 295 ,
854 255 1019 297 Principes
1031 254 1103 287 Mo·

222 305 423 342 notheliticae
435 302 638 346 blasphemiae
649 329 659 345 ,
677 303 816 349 ideoque
828 306 957 340 locutos
967 315 1007 338 ex
1018 315 1105 339 com-

222 356 315 390 muni
325 355 476 388 omnium
491 355 776 399 Eutychianorum
792 357 883 390 sensu
896 380 907 397 ,
934 355 991 389 ista
1009 354 1105 398 Capi·

222 407 290 441 tuln
309 403 546 438 adsumendum
571 415 607 439 ut
628 404 768 449 palmare
779 406 1031 439 fundamentum
1046 406 1106 437 suae
1149 427 1152 432 -

220 454 381 501 perfidiae.
407 453 496 488 Nam
518 455 553 489 ἅς
575 455 753 499 Imperator
775 456 945 497 Zenoipsa
960 454 1106 497 probavit

218 506 256 540 in
271 504 330 540 suo
341 505 510 541 Henotico
523 505 703 549 diplomate
714 530 722 538 .
750 504 793 538 Et
806 504 847 539 de
857 504 916 538 fibi
928 515 1039 538 coaevo
1055 501 1107 544 Jo-

215 563 309 589 anne
328 554 574 595 Grammatico,
600 555 793 598 Presbytero
805 553 1023 589 Antiochense
1040 554 1107 587 Ec·-

218 604 319 639 clesiae
337 630 348 647 ,
376 604 484 640 scribit
519 606 554 640 in
586 605 760 640 illustrium
786 605 931 640 virorum
954 603 1107 648 catalogo

219 654 426 691 Massiliensis
439 655 653 692 Gennadius:
670 660 812 701 joannes
825 661 980 698 impugnat
990 656 1107 696 aliquas

219 705 323 742 cyrilla·
346 706 541 741 Alexandriae
560 705 700 749 Eplssopt
719 704 908 748 sententias,
936 706 1034 739 dicens
1062 710 1108 738 tn·

218 756 306 788 caut?
325 755 364 787 ab
377 756 426 789 illo
441 758 590 792 adversas
610 754 778 794 Nestorium
799 756 937 799 prolatas
949 780 960 796 ,
986 762 1057 799 quin
1059 754 1108 796 fo-

218 813 353 838 mentum
375 806 504 839 &robur
517 805 636 838 addam
655 805 858 841 Timotbeam's
869 832 877 839 .
904 808 997 849 ,Quod
1013 806 1107 839 valde*

217 859 350 887 inaniter
361 857 450 889 dicit.
478 856 523 889 Et
536 855 773 890 Gennadius&
793 857 937 901 Joannes
956 857 1106 890 vixerunt

216 902 278 938 sub
298 903 422 947 Papam
445 906 553 939 Sancti
575 905 696 942 Gelafii
709 931 716 938 .
745 907 789 941 Et
808 907 850 940 fic
860 906 938 940 hinc
951 906 1104 940 discimus

217 954 285 988 duo
297 979 304 986 .
332 953 446 988 Primo
456 979 467 996 ‚
479 956 568 997 quod
583 956 644 990 isto
654 955 762 990 adhuc
774 964 917 999 ternpore
927 954 1107 991 Orientalis

217 1004 379 1039 Dioecefis
390 1007 582 1040 aversaretur
592 1004 713 1047 Cyrilli
726 1004 880 1047 Capitula
894 1030 902 1038 .
930 1005 1025 1040 Licet
1036 1016 1105 1039 non

215 1054 358 1096 amplius
379 1053 526 1086 haeretica
541 1077 552 1093 ,
577 1053 707 1087 dicebat
727 1062 838 1088 tamen
858 1056 1010 1096 incauta,
1037 1065 1107 1098 quae

216 1100 454 1136 Timotheanis
466 1124 477 1141 ‚
503 1103 651 1144 adeoque
671 1103 706 1137 δε
725 1103 984 1147 Eutychianistis
997 1105 1106 1149 praebe—

212 1161 285 1186 rent
308 1153 496 1187 fomentum
514 1163 553 1187 ac
574 1153 671 1187 robur
693 1177 700 1185 .
729 1155 833 1190 Erant
851 1156 995 1199 reliquiae
1016 1155 1108 1195 odii,

213 1201 306 1245 quod
319 1200 503 1237 Patriarcha
523 1204 664 1247 Joannes
677 1228 688 1244 ,
715 1204 885 1246 Andreas,
912 1205 1106 1239 Theodore-

213 1261 289 1293 ως,
316 1263 354 1285 ac
378 1252 433 1286 alii
455 1253 643 1288 Orientales
664 1254 820 1299 Episcopi
842 1256 973 1291 suorum
986 1256 1106 1291 animis

210 1300 437 1346 impresserant
449 1327 456 1334 .

263 1352 416 1387 Secundo
434 1351 613 1394 discimus,
640 1353 731 1398 quod
755 1355 875 1390 Latina
902 1355 1047 1390 Ecclesia
1059 1366 1102 1390 ex

213 1410 295 1436 tunc
319 1402 468 1446 probaret
489 1404 548 1437 issa
571 1404 743 1448 Capitula.
776 1406 866 1440 Nam
886 1418 955 1440 non
979 1407 1024 1440 ita
1046 1406 1103 1440 diu

213 1451 286 1496 post
308 1462 346 1486 ea
369 1453 579 1487 canonizavit
597 1477 608 1494 ‚
634 1463 691 1488 aut
713 1454 800 1489 certe
821 1455 868 1491 eis
888 1466 924 1490 ut
937 1455 1105 1489 canonicis

213 1502 291 1535 usus
310 1501 357 1536 est
380 1503 522 1548 Joannes
542 1503 701 1538 secundus
711 1504 886 1540 Pontifex.
913 1505 1103 1540 Porrolicet

212 1551 471 1596 EutychianIstae
480 1553 541 1587 sint
552 1554 624 1597 ipsis
645 1554 774 1596 pessime
785 1554 871 1588 abusi
884 1577 895 1593 ,
920 1554 1102 1588 Monothe-

210 1601 278 1636 litae
299 1611 408 1635 tamen
429 1601 584 1636 videntur
606 1614 642 1636 ea
661 1603 729 1646 quo
749 1603 790 1637 ad
804 1603 975 1646 aliquidin
989 1605 1102 1638 sanum

209 1652 341 1687 sensum
351 1652 508 1694 accepisse
519 1675 527 1684 .
557 1651 728 1687 Videndus
740 1652 784 1687 est
800 1652 962 1687 Romanae
974 1654 1101 1696 Synodi

211 1701 348 1745 quintus
358 1702 549 1736 secretarius
562 1726 572 1741 ,
600 1698 634 1736 in
648 1713 715 1744 quo
726 1703 761 1737 <Sc
781 1704 914 1737 Sanctus
936 1705 1104 1738 Martinus

211 1750 392 1792 Pontifex,
419 1752 453 1785 &
467 1751 677 1786 Deus-Dedit
688 1753 896 1787 Calaritanus
908 1753 941 1786 in
954 1755 1102 1789 Sardinia

211 1800 396 1846 Episcopus
407 1812 520 1835 eorum
538 1813 578 1835 ex
589 1802 655 1836 illis
667 1803 755 1837 sensa
767 1804 889 1838 mature
900 1804 1083 1838 cribrarunt
1095 1830 1102 1838 .

212 1851 309 1897 Quid
320 1851 400 1895 quid
412 1852 450 1885 sit
460 1874 471 1890 ‚
496 1851 620 1886 eisdem
631 1861 667 1885 ut
677 1854 848 1887 canonicis
859 1855 934 1887 usus
944 1854 989 1888 est
1002 1853 1038 1887 in
1052 1865 1103 1888 ea·

211 1900 289 1935 dem
301 1901 440 1944 synodo
450 1911 565 1936 contra
576 1901 705 1936 eosdem
718 1902 869 1937 laudatus
879 1902 966 1947 Papa
987 1902 1102 1938 Marti·

211 1962 291 1985 nus.
319 1951 456 1985 Etenim
477 1949 512 1984 in
535 1952 634 1986 tertio
646 1953 825 1987 Secretario
838 1963 978 1988 errorem
989 1953 1102 1988 Theo·

213 2000 289 2035 dori
300 1998 678 2045 PharanitaniEpiscopi
692 2004 831 2039 revincit
854 2015 893 2038 ac
904 2004 1039 2039 damnat
1060 2016 1102 2039 ex

210 2051 322 2095 primo
341 2049 499 2095 Capitulo
512 2075 520 2083 .
546 2053 696 2098 Qartus
717 2054 910 2088 secretarius
921 2055 962 2088 ad
974 2054 1098 2087 Mono-

210 2098 396 2135 theliticam
417 2099 620 2143 impietatem
642 2100 738 2144 plene
762 2102 984 2137 damnandam
1006 2101 1101 2147 religi

209 2148 270 2183 fibi
286 2149 372 2194 juffit
394 2151 547 2184 omnium
569 2151 716 2194 quinque
728 2152 932 2195 generalium
950 2152 1102 2194 synodo-

210 2210 284 2234 rum
306 2199 464 2241 Symbola
490 2200 544 2232 seu
555 2200 595 2232 de
605 2198 668 2233 fide
679 2201 819 2235 Decreta
834 2226 845 2241 ,
872 2203 1015 2235 &tertio
1025 2202 1102 2236 loco

208 2248 346 2282 adducit
359 2248 472 2282 omnia
483 2245 658 2282 duodecim
672 2249 780 2282 83ηὲὶί
790 2250 911 2290 Cyrilli
922 2251 1077 2293 Capitula
1092 2274 1103 2289 ‚

211 2299 246 2331 ἃ,
268 2297 494 2342 ipsispraefigit
512 2296 602 2331 hunc
625 2296 797 2334 sublimem
810 2299 944 2333 titulum
958 2324 966 2331 .
992 2299 1101 2338 symbo-

210 2349 273 2381 lum
297 2349 382 2389 apud
400 2345 553 2389 Ephesum
576 2347 766 2382 ducentorum
795 2352 926 2383 Parrum
946 2375 954 2382 .
990 2349 1100 2384 Etiam

210 2394 278 2430 hoc
304 2398 349 2430 est
375 2408 452 2431 cum
472 2396 544 2430 salis
563 2408 669 2441 grano
688 2399 937 2442 accipiendum.
964 2400 1099 2435 Interim

210 2444 308 2478 nobis
330 2445 550 2486 demonstrat,
577 2447 668 2489 quod
690 2447 748 2480 ista
775 2448 930 2492 Capitula
962 2448 1098 2492 pleniffi·

208 2504 301 2579 ἓέετῖι
310 2493 555 2578 sauthoritatem
578 2505 660 2531 tunc
681 2495 869 2534 obtinerent
886 2499 972 2543 apud
982 2511 1098 2538 omnes

291 2554 309 2579 e
321 2555 382 2580 ras.

1879 189 1974 226 261

1391 386 1650 438 CAPUT
1688 392 1810 439 CIII.
1876 413 2032 450 —--191

1168 586 1365 655 Epistola,
1405 592 1579 657 inquit,
1615 590 1772 640 Andreae
1787 629 1801 653 ,
1837 611 1950 659 quam
1976 585 2049 659 fiiss

1233 674 1302 725 per
1347 657 1402 706 his
1450 660 1639 728 refiripfit·
1683 668 1763 711 Deo
1812 661 2050 730 Amiciffimo

1238 726 1420 797 Epifiopo
1455 730 1675 780 Alexandro
1698 771 1711 795 ‚
1745 734 1881 783 itert'cm
1917 755 2049 804 rogam

1241 817 1347 860 eum,
1384 815 1426 846 ut
1461 807 1596 849 caeteris
1630 802 1851 871 adfiatiret.

1286 998 1412 1035 Ultum
1433 1001 1607 1036 contristor
1628 1002 1668 1037 de
1679 1003 1856 1038 Sanctitate
1876 1015 1932 1040 tua
1945 1029 1955 1046 ,
1982 1006 2052 1040 Do-

1310 1051 1421 1092 mine,
1448 1052 1602 1096 cogitans
1611 1063 1767 1095 quantam
1789 1054 2053 1096 festinationem,

1170 1098 1516 1144 machinationemque
1551 1101 1688 1138 instruat
1711 1103 1852 1138 Daetnon
1873 1105 1914 1138 ad
1934 1115 2055 1146 pertur-

1168 1149 1310 1185 bandam
1332 1151 1399 1186 Dei
1421 1152 1594 1187 Ecclesiam
1608 1176 1621 1194 ‚
1647 1163 1717 1196 quae
1738 1159 1797 1187 tuo·
1819 1153 1864 1188 est
1886 1155 2056 1188 commissa

1169 1196 1344 1244 regimini,
1370 1201 1524 1236 invidens
1538 1202 1568 1236 ei
1582 1225 1594 1242 ,
1620 1202 1791 1245 quod‘sub
1815 1212 1847 1237 te
1866 1203 1961 1238 valde
1984 1213 2055 1246 pro-

1167 1251 1299 1284 fecerit.
1328 1251 1396 1285 Pro
1420 1263 1484 1295 qua
1512 1264 1546 1287 re
1567 1264 1632 1298 ego
1643 1253 1766 1287 vineias
1790 1253 1824 1288 in
1839 1253 1922 1288 lecto
1943 1253 1984 1287 ad
1997 1252 2056 1288 has

1168 1301 1290 1335 litteras
1312 1301 1459 1345 prosilivi
1483 1327 1490 1335 .
1518 1303 1563 1336 Et
1595 1314 1678 1348 rogo
1706 1304 1918 1339 Sanctitatem
1938 1314 2056 1345 tuam,

1165 1351 1318 1396 &tango
1339 1352 1496 1397 vestigia,
1523 1362 1559 1386 ut
1577 1355 1832 1389 accommodum
1856 1355 1921 1389 five
1941 1363 2057 1397 aptum

1170 1411 1233 1435 tuae
1252 1401 1324 1436 vitae
1335 1403 1500 1446 praeterita:
1521 1403 1623 1438 etiam
1634 1415 1725 1439 nunc
1735 1405 1835 1440 facias
1849 1406 2031 1450 cogitatum
2044 1427 2057 1444 ,

1169 1451 1379 1487 committens
1390 1453 1468 1488 Deo
1488 1455 1615 1489 exitum
1637 1466 1764 1490 rerum.
1796 1455 1880 1490 Non
1900 1456 1990 1490 enim
2010 1455 2058 1488 ita

1171 1499 1278 1534 vixisti
1292 1525 1304 1542 ‚
1330 1512 1391 1535 nec
1402 1503 1479 1536 talia
1492 1505 1567 1538 sunt
1578 1517 1648 1548 quae
1669 1517 1725 1548 per
1735 1517 1871 1540 omnem
1892 1506 1995 1539 vitam
2006 1515 2058 1547 pe-

1171 1550 1280 1594 registi
1293 1576 1304 1591 ,
1329 1562 1365 1586 ut
1378 1550 1800 1596 despiciatis'abonoDeo.
1829 1556 1903 1589 Nec
1923 1556 1967 1588 fic
1977 1565 2056 1588 eum

1171 1600 1319 1640 coluisti,
1348 1611 1385 1636 ut
1397 1601 1438 1636 de
1450 1612 1483 1636 te
1492 1604 1635 1637 omnino
1647 1613 1717 1638 non
1738 1605 1882 1648 cogitet.
1911 1604 1973 1638 Sed
1992 1603 2058 1636 val-

1170 1649 1212 1684 de
1231 1649 1367 1685 confido
1389 1675 1400 1691 ‚
1428 1653 1505 1695 quia
1523 1651 1648 1686 exitum
1673 1652 1849 1696 quemdam
1872 1652 2058 1688 mirabilem.

1170 1699 1447 1744 inopinatumque
1469 1701 1630 1745 praestabit
1653 1700 1705 1736 his
1728 1700 1824 1745 hujus
1836 1704 1992 1747 temporis
2003 1705 2058 1737 tri-

1170 1749 1290 1792 stibus,
1317 1761 1417 1792 quem
1442 1763 1504 1786 nos
1533 1752 1667 1787 interim
1690 1754 1837 1798 cogitare
1858 1765 1929 1788 non
1955 1754 2058 1797 possu-

1170 1811 1263 1833 mus.
1290 1802 1381 1847 Qia
1403 1801 1493 1844 ipse,
1517 1802 1600 1836 ficut
1622 1803 1728 1842 solet,
1753 1803 1826 1846 post
1840 1812 2057 1848 augmentum

1169 1850 1378 1891 pessimorum
1400 1851 1505 1893 potest
1529 1851 1683 1887 solatium
1706 1853 1802 1888 suum
1823 1864 1899 1898 erga
1911 1852 2057 1897 proprios

1170 1899 1324 1935 Cultores
1332 1899 1521 1935 ostendere.
1548 1901 1669 1948 Qaeso
1680 1902 1801 1946 igitur,
1825 1911 1861 1937 ut
1874 1914 1980 1948 neque
1992 1913 2058 1937 tur-

1169 1948 1273 1990 beris,
1299 1961 1405 1992 neque
1427 1950 1471 1985 ab
1499 1950 1643 1985 Ecclesia
1664 1953 1756 1986 exire
1774 1952 1948 1995 disponas.
1976 1954 2058 1988 Hoc

1167 1999 1257 2032 enirn
1277 2000 1377 2034 nimis
1399 2000 1445 2034 est
1468 2000 1630 2044 impium,
1667 2000 1702 2033 ὅ(
1723 2001 1921 2035 Mercenarii
1946 2002 2057 2044 potius

1168 2046 1266 2088 quarn
1287 2049 1431 2083 Pastoris
1450 2060 1554 2092 opus.
1582 2051 1655 2084 Nec
1677 2050 1823 2085 inultum
1848 2060 1899 2086 tot
1921 2051 2057 2095 prodere

1166 2098 1313 2137 animas,
1338 2098 1392 2133 sed
1413 2099 1612 2135 eversionem
1632 2101 1823 2135 cunctorum
1838 2126 1848 2142 ,
1875 2114 1946 2146 quae
1969 2102 2058 2146 prius

1167 2148 1359 2183 mirabiliter
1382 2158 1533 2192 operatus
1557 2161 1614 2191 es,
1641 2148 1787 2186 habens.
1814 2152 1939 2197 Cogita
1959 2153 2059 2194 vero,

1165 2206 1203 2231 ut
1224 2197 1323 2238 dixi,
1349 2200 1534 2240 potentiam
1557 2199 1650 2232 Dei:
1677 2200 1723 2232 Et
1744 2201 1822 2243 quia
1833 2201 1911 2242 ille,
1939 2203 1997 2244 qui
2021 2204 2056 2238 δε

1164 2256 1202 2279 ea
1223 2257 1294 2289 quae
1317 2246 1356 2279 in
1377 2245 1499 2285 Coelo,
1524 2247 1557 2279 δε
1571 2256 1640 2289 quae
1661 2246 1697 2279 in
1717 2256 1797 2282 terra
1819 2249 1917 2290 sunt,
1944 2262 2057 2285 recon-

1164 2294 1292 2328 ciliavit
1317 2293 1358 2329 ad
1381 2305 1495 2338 pacem
1517 2319 1528 2335 ‚
1557 2295 1591 2329 δε
1610 2296 1757 2333 membra
1778 2298 1935 2334 Ecclesiae·
1950 2300 2055 2336 divisa

1164 2344 1368 2389 conjunget,
1392 2344 1532 2380 &dabit
1555 2353 1617 2380 tuae
1630 2347 1774 2382 satisfieri
1787 2350 1957 2386 Sanffltati
1974 2376 1986 2392 ,
2015 2360 2052 2386 ut

1164 2395 1237 2428 aliis
1247 2394 1477 2429 Sacerdotibus
1487 2397 1714 2433 communices
1732 2407 1832 2443 atque
1842 2401 2031 2436 consentias
2040 2426 2050 2435 .

1163 2445 1254 2492 Qia
1275 2446 1382 2479 &nos
1403 2455 1474 2479 non
1495 2444 1704 2490 simpliciter,
1732 2460 1794 2484 nec
1817 2451 1906 2485 velut
1927 2452 1948 2484 si
1975 2453 2050 2494 quis

1162 2496 1271 2536 dicat,
1298 2493 1398 2538 impie
1420 2495 1461 2530 ad
1473 2492 1559 2530 hanc
1581 2496 1805 2534 intentionem
1827 2501 2049 2546 respeximus,

1163 2544 1214 2582 sed
1225 2547 1411 2592 cogitantes
1422 2545 1502 2589 quid
1523 2548 1691 2590 expediret
1702 2549 1851 2586 Ecclesiis
1860 2573 1868 2584 .

1235 2674 1239 2677 ’
1300 2674 1423 2724 Idem
1458 2677 1641 2726 Irenaeus
1677 2678 1741 2727 ait
1756 2711 1771 2725 .

1343 2859 1847 2904 SCHOLION.

1258 3003 1328 3038 AEc
1338 3003 1473 3048 epistola
1486 3016 1547 3039 nos
1557 3005 1654 3040 docet
1665 3006 1757 3049 plura
1769 3031 1776 3039 .
1800 3005 1915 3041 Primo
1924 3032 1934 3049 ,
1945 3011 2037 3052 quod

1282 3054 1471 3090 Alexander
1499 3057 1531 3089 se
1551 3055 1570 3087 a
1604 3055 1653 3089 sui
1673 3054 1869 3091 Patriarchae
1898 3058 2034 3101 Ioannis

1145 3104 1594 3146 communionedistreverst,
1619 3116 1658 3140 ac
1680 3105 1834 3141 manserit
1847 3109 2033 3151 pertinacis-

1144 3153 1238 3188 simus
1250 3154 1284 3189 in
1297 3155 1358 3189 isto
1370 3154 1540 3189 schismate
1550 3180 1557 3188 .
1585 3156 1758 3199 Secundo,
1770 3157 1859 3202 quod
1870 3157 1912 3192 ab
1922 3160 2032 3204 Impe-

1143 3204 1274 3239 rialibus
1286 3206 1448 3239 Ministris
1457 3206 1556 3240 fuerit
1574 3206 1712 3249 pressus,
1741 3217 1779 3242 ut
1789 3218 1900 3251 pacem
1912 3210 2029 3245 admit-

1143 3263 1242 3297 teret,
1268 3266 1325 3290 aut
1343 3255 1540 3299 Episcopatu
1562 3255 1708 3300 deposito
1718 3257 1896 3293 discederet
1910 3259 2030 3296 Hiera-

1142 3304 1234 3346 poli.
1259 3305 1381 3340 Tertio
1408 3329 1419 3345 ,
1444 3305 1534 3349 quod
1558 3307 1647 3341 exire
1672 3306 1767 3342 fuerit
1792 3309 2025 3353 paratiffimus.

1144 3353 1295 3402 Quarto,
1320 3354 1411 3401 quod
1431 3357 1527 3392 fuerit
1551 3356 1665 3404 magni
1692 3358 1799 3395 meriti
1821 3358 1999 3404 Episcopus
2013 3383 2024 3401 ‚

1939 3417 1975 3442 ac
