2320 3730
126 2506 187 2543 ,Sap-
195 2515 239 2541 10·

352 153 411 207 18

277 391 428 430 Zeloras,
455 400 494 429 ac
513 388 676 431 studiosos
698 388 803 433 nostri
821 388 937 432 seipsos
956 385 1151 427 desiderant«.

276 440 391 475 Soluta
401 439 446 473 est
456 437 549 482 ,enim
559 450 615 482 per
624 439 763 484 gratiam
772 438 869 483 ¹Fid-ei
879 435 1026 472 universa
1039 432 1151 477 dubie-

269 501 324 532 tas
343 513 354 529 ‚
380 490 414 524 &
434 489 655 532 contradictio
680 488 722 523 de
742 488 982 532 dispensatione
1006 483 1151 528 Domini

272 539 453 583 secundum
465 539 623 582 Carnem:
653 539 698 573 Et
712 538 913 584 quicumque
926 535 1045 580 volunt
1071 545 1150 581 con·

272 590 423 634 tendere,
450 589 613 624 manifesti
627 589 721 630 sunt,'
749 588 839 633 quod
855 589 932 631 ‘non
946 584 1011 620 hoc
1031 584 1050 618 a
1062 584 1151 629 prin-

272 640 361 685 cipio
382 639 643 683 vindicaverint,
668 639 722 678 sed
745 637 963 682 Ecclefiarum
989 634 1054 670 Dei
1066 647 1147 670 con-

269 686 391 735 cordiae
400 690 580 734 inviderint
587 714 599 735 γ.
624 685 741 734 Aliqui
752 688 841 733 enim
851 698 893 721 ex
904 685 1040 729 yeritate
1053 684 1147 720 Chri·

270 740 356 785 stum
366 740 541 785 praedicant
550 765 562 783 ,
587 740 689 783 aliqui
700 736 776 781 vero
784 736 1071 781 eaecontentione-
1100 735 1145 771 Et

268 791 330 835 scit
348 790 416 836 hoc
436 791 510 834 plus
530 785 552 834 a
573 800 627 823 me
645 787 857 831 Religiosiras
874 785 1012 829 Vestra.
1041 786 1144 832 Erant

264 841 359 881 enim
381 841 417 875 δε
435 841 520 874 inter
529 837 760 878 Adversarios,
785 837 845 880 qui
862 837 901 877 in
915 846 1053 885 utraque
1076 847 1145 880 par·

266 901 302 925 te
311 881 347 925 in
360 889 453 934 Fidei
464 888 664 933 expositione
674 885 835 933 nutabant
850 911 857 919 .
884 886 1038 939 Qorum
1050 898 1143 930 mens

264 939 399 984 quidem
426 937 554 972 veritati
580 937 806 980 acquiescebat
829 961 841 979 ‚
868 937 981 985 lingua
1004 937 1082 982 vero
1107 938 1142 972 δε

264 988 409 1023 studium
420 985 494 1033 his,
520 997 592 1030 quae
601 986 806 1033 sentiebant,
834 998 883 1022 res
902 988 1142 1022 contrariasin-

260 1037 459 1081 *tendebant-
471 1036 658 1082 inimicitiae
668 1038 760 1081 enim
770 1038 805 1085 §c
813 1038 926 1085 gratiae
938 1037 1118 1072 serviebant
1130 1062 1141 1080 ,

262 1098 301 1134 ut
310 1086 521 1128 noSInventis
531 1087 762 1131 occasionibus
782 1089 1016 1133 impugnarent
1031 1113 1040 1121 .
1128 1084 1133 1092 '

267 1159 273 1161 -
310 1136 440 1181 Omnia
452 1135 518 1182 haec
528 1136 593 1180 jam
605 1139 661 1182 per
672 1139 735 1184 Dei
746 1140 888 1184 gratiam
901 1140 976 1172 sunt
986 1138 1137 1173 extincta.

261 1188 348 1234 Qae
367 1188 457 1222 enim
478 1186 541 1222 no's
560 1188 775 1234 dietavimus,
802 1189 948 1235 quaedam
958 1187 1091 1232 quidem
1104 1189 1138 1222 in

263 1236 397 1281 Epheso
408 1237 450 1272 de
462 1239 546 1272 recta
559 1240 624 1286 side
638 1249 880 1284 componentes
891 1262 903 1279 ,
928 1237 1075 1283 quaedam
1090 1249 1140 1272 ve-

261 1287 301 1325 ro
311 1286 367 1322 hic
377 1313 389 1330 ‚
417 1288 451 1331 id
461 1287 507 1333 est
516 1312 527 1329 ‚
547 1290 583 1323 in
598 1287 784 1334 Antiochia
794 1314 805 1330 ,
833 1291 969 1325 trasiatu
983 1288 1068 1332 inter
1078 1299 1139 1322 nos

259 1334 381 1382 iiabito‘
391 1337 457 1373 haec
470 1350 538 1373 non
550 1337 657 1386 solum
666 1340 802 1383 suscepit
815 1338 966 1386 Cyrillus
978 1339 1138 1385 83ηᾷἰῶ-

260 1398 336 1431 mus
345 1414 355 1430 ,
368 1389 422 1423 sed
434 1389 468 1423 &
481 1390 710 1436 praeveniendo
723 1386 892 1434 laudavit,
906 1399 1001 1430 voces
1015 1389 1151 1430 nostras,
1176 1396 1180 1399 ⁴

261 1439 483 1478 sacratissimas
493 1441 674 1487 nominans
684 1465 696 1482 ,
711 1441 745 1475 dc
758 1439 940 1487 approbans
951 1449 1047 1483 atque
1058 1450 1138 1473 con-

258 1489 392 1534 ]firmans
414 1513 421 1521 .
450 1490 550 1533 Juxta
571 1501 652 1531 quas
676 1491 711 1531 ,δε
733 1491 801 1534 ipse
823 1491 940 1534 similia
960 1490 1136 1534 exposuit,

259 1548 442 1581 contexens
455 1538 554 1578 nobis
565 1538 739 1574 Paternam
761 1540 996 1584 traditionem,
1023 1540 1136 1583 paulo·

258 1587 370 1629 minus
380 1587 484 1631 perire
495 1588 537 1635 ab
547 1587 743 1624 hominibus
754 1613 765 1630 ,
789 1601 827 1624 ut
839 1591 883 1625 ira
896 1591 1037 1634 dixerim
1047 1614 1058 1630 ,
1085 1601 1137 1634 pe-

264 1633 456 1681 riclitatam:
484 1638 672 1686 Secundum
685 1639 785 1683 ipsam
796 1641 968 1675 nobiscum
981 1664 993 1681 ‚
1018 1639 1052 1682 id
1066 1641 1112 1674 est
1124 1665 1135 1682 ,

258 1699 335 1722 cum
347 1687 575 1736 Orientalibus
584 1690 792 1724 consentiens
804 1715 816 1731 ‚
841 1691 874 1725 &
886 1692 993 1725 sensus
1004 1690 1038 1724 δε
1049 1692 1136 1736 resia:

258 1738 355 1781 fidei
368 1739 608 1783 expositionem
618 1754 633 1783 ;
645 1738 730 1774 nihil
741 1741 889 1786 medium
901 1765 913 1782 ,
927 1751 1033 1786 neque
1046 1741 1134 1786 quod

257 1789 311 1829 ,vel
324 1789 542 1837 parviffimam
563 1791 807 1838 dubitationem
829 1793 936 1837 facere
957 1787 1073 1835 p'offit',
1100 1792 1136 1825 in

257 1839 323 1880 suis
343 1839 385 1880 ad
399 1851 461 1880 nos
472 1840 589 1888 litteris
611 1842 830 1886 interponens
841 1853 856 1883 ;
882 1841 936 1881 sed
956 1841 1081 1884 docens
1102 1841 1136 1885 ,δε

258 1888 355 1930 illos,
380 1889 437 1934 qui
458 1888 568 1930 adhuc
593 1887 722 1931 veritati
744 1887 913 1928 resistunt,
940 1890 1027 1927 clara
1054 1900 1135 1924 voce

257 1939 411 1979 confiteri
423 1938 558 1982 quidem
569 1939 788 1985 differentiam
812 1949 1002 1972 naturarum
1014 1962 1025 1977 ,
1053 1938 1138 1971 divi·

258 1988 333 2027 dere
354 1985 441 2028 vero'
455 1987 599 2034 Divinas
621 1998 718 2028 voces
743 1987 890 2021 similiter
913 1996 949 2021 ut
983 1995 1114 2021 naturas
1125 2011 1135 2028 ,

259 2037 401 2075 confessa
414 2036 526 2082 utique
539 2036 581 2072 ab
601 2038 756 2073 omnibus
769 2037 955 2083 Unigeniti
968 2037 1048 2071 Filii
1068 2036 1133 2081 Dei

258 2088 435 2132 identitate
445 2086 610 2133 Personae.
649 2083 652 2086 ’
787 2084 790 2085 ’

309 2139 355 2181 Et
366 2137 465 2173 credo
475 2163 486 2180 ‚
495 2138 574 2174 Deo
586 2139 783 2175 Amiciffimi
796 2140 925 2174 Fratres
933 2163 945 2181 ,
957 2148 1033 2173 cum
1044 2136 1134 2173 char-

259 2199 293 2231 ta
306 2187 373 2231 haec
388 2189 485 2234 fuerit
503 2188 661 2234 destinata
673 2215 685 2231 ,
710 2192 788 2224 sicut
808 2190 877 2234 ipse
889 2189 1034 2234 promisit
1047 2213 1058 2229 ,
1083 2186 1135 2222 his

260 2240 318 2286 qui
330 2239 455 2291 ubique
469 2239 589 2274 suntin
608 2240 689 2275 orbe
701 2240 875 2285 fidelibus,
900 2240 979 2287 qnia
1002 2237 1054 2273 his
1065 2237 1134 2283 qui·

259 2291 336 2325 dem
349 2314 361 2331 ,
387 2290 444 2334 qui
458 2289 552 2334 bonae
561 2291 740 2335 voluntatis
752 2292 827 2325 sunt
841 2315 853 2330 ,
876 2289 1008 2323 satisfiet
1019 2313 1031 2330 ‚
1056 2299 1135 2323 con-

259 2340 343 2382 fusio
353 2336 432 2374 vero
444 2341 773 2384 nasceturincredulis
781 2364 792 2381 ,
816 2341 851 2375 &
861 2339 1063 2383 conviffioni
1087 2340 1135 2372 ul-

258 2391 348 2431 rimae
358 2390 582 2435 subjacebunt.
610 2392 740 2431 Efficiet
753 2391 829 2432 vero
849 2391 882 2434 ὃς
895 2390 977 2424 illud
991 2387 1135 2433 Prophe-

258 2441 362 2482 ticum
373 2440 510 2483 Didium
522 2440 728 2484 praesentibus
746 2451 877 2485 quoque
887 2439 1046 2481 compleri
1056 2448 1134 2480 tem-

257 2489 393 2541 poribus
404 2513 415 2529 ,
443 2488 527 2533 ‚Quia'
544 2491 653 2534 linguae
662 2499 810 2524 mutorum
821 2487 937 2533 discunt
949 2489 1028 2531 loqui
1041 2486 1134 2530 disier-

258 2542 288 2573 τέ·
300 2564 310 2580 ,
334 2533 459 2583 quibus
472 2541 517 2572 est
528 2538 694 2580 festinatio
721 2539 774 2572 vel
793 2537 937 2574 studium
949 2562 960 2577 ,
985 2536 1025 2575 ut
1045 2537 1131 2571 abusi

258 2589 431 2624 occasione
442 2586 518 2629 Viri
531 2587 725 2629 Sanffiffimi
737 2587 850 2630 omnia
872 2587 969 2628 facile
980 2586 1113 2626 credant
1123 2612 1133 2628 ‚

265 2640 300 2673 &
311 2638 366 2672 illa
375 2636 525 2671 universa
536 2637 745 2680 confundant
757 2662 768 2677 ‚
795 2648 1010 2681 quaecumque
1028 2636 1069 2670 ad
1081 2637 1132 2680 pia

260 2689 418 2732 dogmata
429 2687 593 2730 pertinent
606 2710 616 2725 ‚
642 2688 675 2729 §c
685 2696 843 2730 renovent
862 2686 1024 2729 immundi
1036 2694 1134 2730 atque

261 2737 382 2782 polluti
395 2734 595 2780 Apollinarii
606 2737 741 2781 impiam
753 2734 893 2777 ¹haeresim
909 2761 917 2777 ‚
941 2737 1003 2771 Sed
1016 2746 1053 2771 ut
1065 2747 1132 2770 non

261 2787 442 2832 prolixiora
463 2786 571 2821 dicam
581 2811 592 2828 ‚
618 2787 723 2831 ipsum
746 2787 851 2828 direxi
875 2786 970 2823 vobis
981 2786 1134 2831 Epistolae

262 2838 385 2873 librum
412 2861 424 2877 ‚
449 2837 485 2871 in
507 2837 734 2871 satisfaffionis
764 2837 978 2879 similitudine
1004 2836 1046 2880 ab
1071 2837 1132 2879 illo

262 2887 478 2932 compositum
491 2911 503 2927 ,
528 2886 546 2928 a
557 2886 655 2922 nobis
664 2887 741 2921 vero
752 2899 828 2928 cum
839 2888 1076 2928 communione
1086 2887 1135 2927 in-

264 2936 414 2979 dubitate
428 2938 630 2981 susceptum:
656 2938 768 2985 Qem
781 2962 792 2978 ‚
817 2937 908 2989 quod
930 2937 976 2971 est
995 2937 1134 2980 amplius

265 2989 300 3022 ὃ(
313 2988 450 3029 animati
464 2984 574 3029 sumus
583 2998 640 3031 pro
654 2988 846 3029 rectitudine
866 2987 982 3029 Fidei,
1008 2988 1041 3022 &
1051 2986 1136 3030 adja-

266 3047 317 3071 cet
335 3037 451 3079 vobis,
475 3037 668 3079 dilectissimi
688 3038 836 3079 Fratres,
862 3034 990 3087 legere,
1017 3038 1136 3071 &satis

267 3088 373 3121 facere
384 3086 615 3130 vobismetipsis
625 3112 636 3129 ,
647 3087 683 3127 ἀ
695 3088 837 3133 gloriam
849 3086 925 3128 dare
933 3087 1136 3129 Sanffiffimo

267 3136 360 3175 Deo*
386 3137 424 3171 ln
435 3148 475 3171 eo
486 3137 657 3184 AEgyptus
677 3136 810 3182 quidem
820 3148 857 3172 ea
869 3162 880 3178 ,
905 3148 976 3186 quae
987 3137 1137 3179 Orientis

268 3186 344 3219 sunt
356 3209 367 3226 ,
395 3187 515 3222 Oriens
525 3187 603 3228 vero
612 3198 650 3222 ea
659 3212 670 3228 ‚
690 3187 767 3231 'quae
778 3187 926 3233 AEgypti
939 3187 1014 3227 sunt
1027 3211 1038 3226 ,
1055 3186 1138 3229 sapit

268 3245 367 3277 arque
378 3235 602 3278 complectitur
615 3262 623 3276 ,.
647 3236 929 3279 Generationibus
938 3237 1027 3278 enim
1041 3261 1052 3277 ,
1072 3247 1141 3280 (μζ

268 3284 339 3329 post
372 3296 434 3319 nos
454 3287 549 3319 erunt
570 3309 582 3326 ‚
616 3286 670 3330 pia
692 3287 850 3328 confessio
883 3287 1141 3325 transmittetur,

267 3345 367 3380 quam
377 3335 508 3379 proprio
520 3336 681 3381 sanguine
691 3360 702 3377 ,
714 3348 753 3371 ac
764 3337 875 3372 multis
889 3335 982 3370 valde
993 3335 1142 3380 paffioni-

268 3384 329 3419 bus
348 3384 480 3427 nostris,
508 3396 564 3429 per
585 3386 726 3431 gratiam
748 3387 835 3427 Dei,
866 3385 984 3421 mundi
1007 3385 1144 3420 servabi-

269 3443 340 3474 mus
353 3460 361 3468 .
387 3434 565 3474 Permanfit
574 3435 718 3474 scintilla
737 3436 856 3481 Fidei,
879 3436 914 3474 ἀ
930 3436 1006 3472 Deo
1017 3435 1143 3472 denan-

692 150 1025 203 Varuoauu
1059 146 1308 197 PArnuM
1343 145 1672 206 Eprsrorffi,

325 236 544 281 Suscipiarnus
563 245 642 283 ergo
662 236 724 281 piae
748 235 842 272 Fidei
869 234 1123 272 consonantiam
1140 256 1151 273 ,

272 292 395 332 ⁴§tcum
418 287 479 322 hac
493 289 585 332 super
607 299 679 322 eam
691 287 838 322 Ecclesiae
859 298 995 331 pacem,
1022 295 1091 319 non
1103 295 1153 338 ce-

273 342 389 377 dentes
398 337 439 373 de
448 338 576 382 reliquo
591 338 676 379 illis,
702 339 761 382 qui
775 349 816 381 ex
839 337 1011 372 occasione
1022 336 1149 379 pietatis

1218 242 1250 267 te
1260 233 1416 280 temporis
1436 235 1708 278 permutationem
1728 259 1740 277 ‚
1766 234 1933 275 flammam
1959 235 2089 284 pietatis

1217 283 1321 317 erexit
1339 307 1351 325 ,
1376 282 1424 324 ita
1441 293 1479 318 ut
1500 283 1626 320 lumine
1639 285 1772 324 Divinae
1792 287 1976 332 agnitionis
1996 289 2091 323 efful-

1216 342 1336 378 geant,
1362 343 1430 368 tarn
1442 332 1579 377 quiillic
1590 335 1686 376 sunt,
1711 346 1779 371 tam
1802 337 1859 380 qui
1870 337 1924 372 hic
1940 351 1951 372 .-
1976 339 2086 374 Immo

1216 383 1318 424 vero,
1338 383 1376 428 ³&
1385 383 1486 428 quiin
1495 393 1568 422 toto
1581 385 1653 426 sunt
1665 386 1791 423 mundo
1802 386 1935 427 fideles,
1967 388 2088 431 quibus

1215 435 1346 475 oratio,
1371 446 1408 470 ut
1420 433 1580 477 arbitror,
1607 444 1807 477 votumque,
1832 449 1870 472 ac
1891 436 2088 475 desiderium

1214 484 1278 519 fuit
1289 508 1301 525 ,
1326 496 1427 519 unam
1439 486 1641 530 eandemque
1651 484 1824 529 impetrare
1835 488 2085 532 confeffionem,

1214 546 1285 579 quae
1307 535 1648 582 ppstdesperationem
1668 538 1861 579 cunsiorum
1883 548 2009 578 mentes
2028 541 2089 579 eri-

1214 595 1323 631 geret·
1443 585 1446 590 ’

1239 629 1379 681 ¹Direxi
1415 635 1493 675 ‚vero
1516 633 1698 681 Epistolam
1725 636 1968 681 conjunctionis
1985 639 2088 675 etiam

1209 697 1285 725 cum
1297 686 1431 732 Litteris
1446 684 1528 728 meis
1539 709 1551 727 ,
1581 697 1662 730 quas
1673 688 1778 731 scripfi
1805 687 1847 729 ad
1878 689 1984 733 ipsum
1998 690 2089 724 Reli-

1209 737 1340 783 giosum
1363 736 1533 783 ,Cyrillum
1570 736 1770 781 Episcopum
1795 760 1806 776 ‚
1840 748 1877 773 ut
1900 741 2087 784 agnoscatis

1208 784 1286 833 quia
1307 799 1377 824 non
1410 787 1545 830 turpiter
1564 811 1575 828 ,
1603 799 1708 831 neque
1733 788 1894 823 serviliter
1917 790 2086 826 intellestu

1209 838 1337 882 pietatis
1348 838 1393 871 usi
1404 837 1445 871 ad
1460 835 1544 881 hanc
1555 836 1797 882 beatitudinem
1809 839 1958 877 venimus
1969 840 2087 885 pactio·

1184 925 1186 927 ,
1207 899 1307 930 num.
1335 887 1439 933 Rogo
1465 887 1568 932 igitur
1591 889 1692 922 etiam
1718 899 1808 922 nunc
1830 890 1941 923 Deum
1963 913 1975 929 ,
2001 898 2089 934 rogo

1207 938 1306 981 etiam
1319 949 1377 972 vos
1392 961 1403 978 ,
1417 947 1454 972 ut
1464 939 1494 972 ei
1506 938 1646 982 gloriam
1657 938 1740 973 detis
1751 961 1762 978 ,
1787 938 1822 971 &
1833 938 1977 973 laborem
1992 940 2092 974 nobis

1208 988 1318 1023 nullus
1329 986 1372 1033 de
1383 991 1508 1023 caetero*
1518 989 1645 1032 ingerat
1655 1013 1667 1030 ‚
1693 999 1776 1031 quos
1788 989 1882 1023 decet
1902 999 1938 1023 ut
1951 988 2089 1024 aedifice-

1206 1050 1279 1073 mus
1301 1063 1314 1081 ,
1339 1049 1410 1073 non
1430 1048 1468 1073 ut
1488 1050 1526 1073 ea
1549 1037 1617 1083 iluae
1641 1039 1812 1078 voluntate
1835 1039 1978 1080 Domini
2005 1039 2089 1083 bene

1207 1089 1300 1135 sunt,
1329 1095 1572 1134 pervertamus.

1390 1177 1888 1237 scuoisom

1315 1286 1384 1322 AEc
1407 1285 1498 1333 Epist
1524 1288 1554 1323 la
1571 1300 1648 1332 ‘non
1668 1289 1714 1325 est
1737 1290 1795 1324 suo
1816 1289 1934 1331 ordine
1957 1291 1992 1326 ὃ(
2012 1290 2091 1328 loco

1339 1338 1442 1381 posita
1456 1364 1463 1371 .
1524 1339 1549 1373 st
1561 1340 1676 1383 scripta
1687 1364 1699 1382 ,
1717 1341 1751 1374 δε
1762 1351 1959 1384 peromnem
1972 1342 2093 1377 Orien-

1203 1389 1302 1423 talem
1316 1388 1491 1422 Dioecefim
1503 1383 1685 1431 transmissa
1707 1390 1778 1433 posi
1789 1391 1987 1433 completam
2009 1391 2094 1434 ejuss

1202 1438 1278 1472 dem
1302 1437 1462 1472 Dioecefis
1484 1448 1561 1472 curn
1574 1438 1781 1484 AEgyptiaca
1795 1439 1936 1474 Ecclesia
1957 1450 2092 1483 pacem,

1203 1488 1272 1533 post
1286 1487 1383 1532 Pauli
1396 1488 1550 1522 Emeseni
1564 1488 1719 1533 Episcopi
1732 1488 1873 1530 reditum
1885 1512 1893 1527 ,.
1919 1488 2025 1524 Tunc
2038 1490 2093 1533 Jo-

1202 1549 1303 1573 annes
1324 1537 1513 1580 Antiochiae
1535 1538 1723 1582 Patriarcha
1737 1564 1747 1580 ‚
1774 1549 1887 1583 pacem
1907 1539 2093 1583 publicatu-

1202 1599 1256 1623 rus
1268 1612 1280 1630 ,
1304 1588 1420 1623 omnia
1434 1589 1530 1632 ipfius
1545 1588 1630 1634 Asta
1639 1614 1651 1631 ,
1677 1599 1795 1633 nempe
1806 1589 1877 1624 suas
1888 1589 1929 1630 ad
1939 1589 1969 1624 S.
1980 1589 2090 1634 Cyri!-

1202 1637 1272 1673 lum
1282 1638 1465 1688 Synodales
1478 1638 1600 1677 litteras
1610 1663 1621 1680 ,
1644 1640 1679 1681 ἀ
1690 1639 1957 1675 Pacificatorium
1969 1639 2091 1683 Cyrilli

1202 1690 1410 1735 Rescriptum
1423 1714 1434 1730 ‚
1460 1688 1525 1723 una
1537 1701 1612 1725 curn
1627 1691 1771 1734 praesenti
1783 1690 1932 1735 Epistola
1942 1690 2093 1725 trasmifit

1201 1740 1243 1785 ad
1253 1751 1371 1780 omnes
1394 1740 1445 1781 sni
1464 1739 1707 1782 patriarchatus
1727 1740 1942 1783 Provincias,
1969 1740 2014 1779 ita
2027 1742 2094 1785 spe-

1201 1801 1275 1825 rans
1287 1791 1434 1834 quietem
1445 1814 1456 1831 ,
1467 1801 1566 1834 quam
1579 1792 1646 1835 ipse
1657 1791 1858 1837 turbaverat,
1869 1801 2013 1835 reparare
2026 1791 2093 1826 suis

1204 1840 1371 1885 Ecclesiis‚
1396 1842 1504 1884 Ipsum
1515 1841 1609 1886 fuisse
1627 1853 1697 1876 non
1725 1838 1906 1884 minimum
1924 1841 2093 1882 discordias

1205 1890 1331 1923 fontem
1341 1913 1352 1930 ‚
1379 1889 1607 1927 demonstrant
1618 1891 1686 1933 ejus
1698 1890 1780 1925 Asta
1793 1891 1828 1924 ὅτ,
1840 1891 1935 1931 ante,
1945 1892 1981 1925 ἀ
1992 1891 2092 1934 apud,

1202 1938 1236 1970 &
1248 1938 1318 1981 post
1331 1938 1527 1980 Ephefinam
1551 1940 1727 1980 Synodum
1738 1963 1746 1970 .
1773 1940 1909 1972 Etenim
1926 1935 2000 1982 'ipse
2021 1947 2093 1973 om*

1203 1987 1297 2020 nium
1311 1987 1432 2030 primus
1443 2010 1455 2027 ,
1481 1987 1597 2021 saltem
1611 1988 1681 2032 post
1693 1987 1885 2022 Nestorium
1899 2012 1910 2028 ,
1938 1989 1969 2022 S.
1985 1988 2092 2032 Cyril-

1203 2036 1225 2069 li
1253 2035 1409 2079 Capitula
1435 2036 1537 2081 coepit
1562 2038 1606 2071 de
1627 2036 1840 2081 Apollinario
1866 2038 2024 2073 infamare
2051 2050 2091 2073 ac

1203 2084 1499 2130 anathematizare,
1526 2096 1626 2144 atque
1648 2088 1693 2122 ita
1706 2087 1930 2131 Haerefiarchae
1955 2088 2091 2132 praebuit

1203 2136 1309 2180 valida
1322 2137 1470 2179 fomenta
1496 2136 1694 2185 impretatis,
1719 2148 1758 2172 ac
1778 2139 1980 2182 pertinaciae.
2009 2138 2091 2174 Hoc

1202 2186 1312 2221 statim
1325 2187 1451 2230 patebit
1463 2198 1504 2221 ex
1514 2188 1583 2232 ejus
1594 2185 1712 2229 litteris
1722 2188 1761 2223 ad
1775 2188 1970 2229 Helladium
1980 2188 2091 2228 Thar-

1203 2237 1349 2279 sensem,
1376 2248 1414 2272 ac
1434 2238 1517 2272 alios
1542 2239 1603 2272 suae
1614 2239 1768 2282 Dioecefis
1795 2240 2029 2284 Metropolitas
2055 2240 2092 2275 &

1204 2287 1396 2322 Provincias
1409 2313 1416 2321 .
1445 2288 1510 2330 Eas
1523 2290 1641 2332 scripsit
1653 2290 1761 2333 quinti
1774 2290 1882 2326 saeculi
1893 2301 1984 2324 anno
1995 2288 2092 2335 trige-

1204 2338 1284 2379 fimo
1297 2363 1309 2380 ‚
1334 2349 1391 2372 aut
1402 2339 1533 2372 certein
1548 2338 1704 2384 trigesimi
1731 2340 1827 2383 primi
1847 2340 2003 2382 exordio,
2029 2340 2091 2374 sta-

1204 2388 1266 2422 tim
1277 2387 1348 2433 post
1360 2389 1475 2422 fastam
1487 2389 1645 2430 Nestorio
1657 2389 1887 2434 Capitulorum
1902 2390 2090 2432 insinuatio·

1206 2449 1298 2479 nem‚
1325 2437 1431 2480 Porro
1448 2438 1609 2483 modum,
1629 2451 1698 2479 quo
1723 2441 1795 2478 fuas
1817 2440 1858 2472 ad
1881 2440 2090 2482 S.Cyrillum

1206 2487 1450 2526 pacificatoria&
1461 2486 1584 2529 litteras
1593 2511 1605 2528 ,
1629 2488 1709 2523 &in
1725 2489 1800 2531 ipsis
1809 2498 1999 2528 contentam
2013 2487 2090 2527 fidei

1206 2537 1456 2581 profeffionem,
1483 2537 1625 2581 aliasque
1635 2536 1730 2576 Pacis
1740 2537 1953 2571 conditiones
1974 2547 2090 2572 conce-

1204 2596 1291 2630 perat
1303 2610 1314 2626 ,
1342 2586 1478 2628 exponit
1492 2586 1604 2628 ipsein
1620 2586 1731 2619 iisdem
1747 2586 1882 2627 litteris:
1910 2589 2005 2631 ,Quod
2023 2599 2088 2622 con-

1196 2635 1298 2678 filium
1315 2660 1325 2676 ‚
1353 2634 1448 2669 Pauli
1474 2634 1631 2668 Emeseni'
1648 2635 1803 2679 Episcopi
1832 2637 1866 2670 in
1893 2636 2086 2681 AEgyptum

1203 2685 1335 2741 legandi
1350 2708 1361 2724 ‚
1386 2684 1561 2726 sanlliffimo
1577 2689 1668 2726 Patri
1690 2685 1781 2726 nostro
1801 2690 1901 2719 Acacio
1915 2710 1926 2726 ,
1954 2686 2088 2721 Berrhe·

1200 2736 1265 2771 ensi
1287 2735 1453 2779 Episcopo
1476 2760 1487 2776 ‚
1511 2733 1681 2778 caeterisque
1703 2761 1713 2776 ,
1739 2742 1790 2778 qui
1815 2735 1960 2779 nobiscum
1982 2745 2085 2776 erant,

1202 2790 1263 2828 DC?
1274 2785 1463 2826 dilerfflfflmis
1477 2783 1632 2828 Episcopis
1642 2786 1802 2827 probatum
1806 2786 1874 2827 fuit
1889 2811 1896 2818 .
1923 2786 2004 2825 Haec
2016 2797 2088 2821 om-

1201 2838 1255 2871 nia
1276 2830 1387 2881 egerat
1399 2847 1474 2873 cum
1501 2837 1573 2878 solo
1588 2835 1714 2869 Acacio
1740 2836 1775 2870 &
1799 2837 1909 2879 paucis
1923 2837 1996 2870 aliis
2008 2836 2089 2880 Epi·

1200 2885 1304 2930 scopis
1316 2886 1349 2919 in
1362 2885 1500 2927 Synodo
1513 2885 1610 2927 ,solius
1626 2886 1688 2925 suas
1700 2885 1881 2922 Provinciae
1893 2912 1900 2919 .
1927 2887 2001 2920 Nec
2018 2887 2087 2921 sine

1199 2935 1398 2978 rationibus.
1426 2935 1561 2976 Etenim
1590 2946 1724 2971 noverat
1750 2937 1882 2976 suorum
1907 2937 2088 2981 Episcopo-

1200 2997 1272 3029 rum
1291 2986 1399 3029 plures
1412 2985 1474 3018 esse
1496 2984 1515 3027 a
1536 2986 1567 3019 S.
1580 2985 1699 3028 Cyrilli
1712 2985 1876 3034 Capitulis
1900 2987 2086 3030 &persona

1201 3038 1301 3081 longe
1311 3035 1541 3077 alienissimos.
1570 3035 1612 3076 Et
1627 3035 1712 3074 istud
1735 3036 1849 3070 odium
1869 3036 1936 3079 ipse
1952 3036 2017 3070 illis
2038 3038 2088 3072 in-

1201 3087 1382 3127 stillaverat.
1410 3085 1506 3126 Hinc
1528 3086 1615 3129 pacis
1627 3086 1799 3130 negotium
1814 3087 1939 3125 censuit
1949 3089 2091 3121 tranan-

1200 3137 1278 3180 dum
1289 3147 1365 3177 cum
1379 3135 1490 3177 paucis
1500 3160 1509 3174 ‚
1537 3136 1570 3168 &
1581 3131 1758 3179 postmodo
1771 3136 1926 3176 omnibus
1937 3144 2088 3179 potenter

1202 3184 1441 3230 imponendum
1458 3210 1466 3217 .
1493 3186 1536 3226 Et
1548 3184 1613 3219 hoc
1627 3187 1765 3225 tentavit
1775 3198 1831 3230 per
1842 3188 2008 3231 praesentes
2032 3185 2087 3219 lit-

1202 3235 1301 3280 teras,
1329 3234 1377 3274 At
1396 3234 1486 3278 quod
1501 3246 1569 3268 non
1584 3236 1787 3282 successerit,
1813 3233 1979 3278 docebunt
2005 3234 2089 3269 infe-

1203 3287 1287 3321 riora
1301 3310 1308 3317 .
1335 3284 1446 3319 Plures
1460 3285 1615 3328 Episcopi
1639 3284 1826 3330 objecerunt
1839 3285 1944 3323 variar
1973 3284 2086 3319 Etiam

1203 3337 1287 3370 inter
1302 3344 1414 3369 caetera
1428 3359 1439 3375 ‚
1465 3334 1556 3378 quod
1581 3334 1650 3371 haec
1669 3348 1734 3380 pax
1757 3336 1835 3376 esset
1859 3334 2084 3375 clancularia,

1205 3385 1358 3429 fabricata
1371 3396 1427 3428 per
1448 3396 1569 3428 paucos
1580 3410 1588 3418 .
1673 3384 1675 3386 ’

1256 3435 1416 3472 Palmaria
1436 3437 1523 3481 pacis
1543 3435 1650 3481 capita
1661 3444 1753 3473 erant
1770 3435 1854 3472 tria:
1881 3432 2086 3480 Reprobat10

1971 3484 2039 3519 Ne-
