2320 3730
587 196 904 254 sonorus,
942 211 1008 240 ετ
1044 193 1239 242 Norrs
1275 208 1685 243 ILLusrRATAE.

250 282 397 330 nitens
428 311 442 337 ,
492 279 600 346 quia
647 276 884 328 sufficiebat
919 277 1070 327 Eccle-

250 353 318 403 fiae
351 350 443 400 Dei
477 366 552 399 eos
588 365 757 399 mutare
790 349 1065 399 sententiam.

247 417 388 472 Aliud
435 419 568 488 porro
619 420 683 474 est
716 419 772 470 de
807 419 1028 487 persona...
1051 455 1064 479 ‚

247 491 368 542 aliud
403 489 458 541 de
494 490 580 541 fide
615 509 705 541 non
739 494 852 540 recta
886 488 1040 539 sentire
1055 526 1068 537 .

245 567 371 613 Sicut
406 561 526 610 aliud
574 562 638 612 est
673 560 812 629 ipsum
862 560 1069 608 malum...

245 635 356 685 furti
391 631 565 683 laudare
592 670 605 694 ,
640 637 685 682 &
719 628 839 680 aliud
874 628 1067 679 nondum

246 706 332 756 tibi
367 719 643 772 compertum
678 702 819 752 furem
842 700 964 769 quasi
999 703 1066 750 in-

243 775 415 826 sontem
439 811 453 836 ,
487 774 544 824 eo
579 773 704 839 quod
739 770 952 822 insontem
988 789 1067 841 pu-

245 848 411 897 taveris
444 881 458 906 ,
493 842 718 894 vindicare
754 880 768 892 .
815 843 978 892 Similis
1011 839 1066 890 de

244 920 475 979 Dogmate
511 917 626 964 ratio
660 914 723 964 est
758 951 772 963 .
818 917 939 963 Nam
976 928 1066 960 non

244 986 387 1036 solum
422 985 478 1034 de
512 984 760 1034 Theodosio
795 998 902 1031 tunc
937 984 1065 1031 Prin-

241 1060 343 1123 cipe
374 1089 389 1114 ,
441 1053 514 1102 sed
567 1057 611 1102 δε
645 1051 700 1102 de
734 1053 834 1104 aliis
870 1052 1064 1121 pluribus

242 1127 403 1188 legitur
439 1160 454 1184 ,
498 1123 638 1173 immo
673 1161 686 1184 ,
732 1128 777 1173 δε
811 1122 867 1172 de
903 1125 1064 1173 Sanffis

239 1194 471 1247 Celestino
505 1198 626 1262 Papa
668 1198 711 1243 &
749 1194 927 1262 Cyrillo
961 1195 1067 1244 Ale-

240 1264 457 1316 xandrino
491 1301 504 1325 ‚
551 1263 674 1332 quod
725 1264 1065 1333 approbaverint

240 1341 335 1403 ejus
372 1336 500 1384 initia
527 1371 540 1383 .
578 1338 759 1403 Quippe
795 1352 931 1402 quem
960 1351 1066 1384 xtan-

241 1421 298 1455 tae
337 1407 524 1475 ‘civitati
559 1441 572 1465 ‚
620 1406 729 1455 sicut
774 1410 819 1454 &
856 1407 1067 1473 Scripta...

238 1493 393 1526 eorum
430 1476 670 1541 loquuntur
705 1512 719 1536 ‚
764 1473 1065 1526 consenserant

240 1545 499 1616 praefidere:
538 1550 660 1594 Dum
699 1545 937 1612 Presbyter
971 1553 1067 1594 An-

239 1615 421 1665 tiochiae
457 1614 587 1663 fuerit
623 1651 636 1664 .
682 1611 826 1685 'Qod
862 1618 1067 1664 Canones

239 1686 322 1736 nisi
369 1704 451 1754 pro
499 1686 669 1748 magnis
721 1687 946 1734 Dotitrinae
1014 1702 1065 1734 ac

239 1773 412 1806 morum
449 1758 615 1805 meritis
652 1772 740 1805 non
769 1754 1064 1824 permisissent.

237 1829 365 1877 Talis
412 1828 519 1876 vero
569 1843 617 1875 ut
653 1825 796 1875 adhuc
843 1825 961 1895 apud
996 1831 1064 1875 O-

241 1899 451 1948 rientales
489 1913 593 1946 tunc
629 1895 762 1964 usque
797 1912 1022 1964 putaretur
1050 1934 1062 1957 ‚

240 1968 409 2019 idcirco
443 1969 635 2031 contigit
669 2005 683 2029 ,
731 1971 839 2035 quia
874 1967 1063 2032 negabat

240 2038 285 2090 se
322 2042 370 2088 in
403 2038 789 2105 Constantinopoli
825 2039 933 2087 talia
956 2056 1064 2104 prae-

237 2106 395 2158 dicasse
417 2146 430 2170 ‚
466 2109 615 2174 qualia
650 2107 964 2171 vulgabantur.
1005 2109 1062 2155 Et

237 2178 415 2247 insuper
440 2181 609 2244 Joanni
644 2179 932 2228 Antiocheno
960 2179 1065 2245 Epi-

237 2248 372 2317 scopo
407 2247 639 2299 rescribens
673 2283 686 2307 ,
721 2252 765 2296 ὅτ,
800 2250 891 2295 Dei
926 2249 1066 2296 Geni-

238 2323 395 2370 tricem
455 2317 680 2368 clarissime
740 2317 911 2367 dixerat
961 2352 975 2377 ,
1022 2319 1066 2364 δε

239 2392 352 2450 alia,
389 2407 488 2455 quae
523 2391 648 2437 illum
682 2386 865 2437 scribere
900 2385 1065 2454 potuis-

240 2459 283 2508 se
321 2462 534 2508 mirantur
561 2494 574 2518 ‚
610 2459 690 2524 qui
725 2456 816 2524 ipsa
850 2457 1064 2519 legerunt.

240 2534 300 2582 Et
337 2526 459 2595 quod
495 2528 558 2576 est
593 2528 810 2594 amplius,
848 2526 929 2594 ipsi
963 2524 1065 2575 fidei

241 2598 361 2667 apud
397 2595 618 2666 Ephesum
652 2596 695 2646 se
730 2594 933 2646 assensisse
962 2614 1068 2646 con-

239 2668 406 2737 scripsit
440 2705 454 2730 ‚
506 2684 606 2734 quae
652 2668 946 2717 communiter
981 2668 1067 2716 in„

239 2741 440 2789 Unitivis
500 2739 666 2805 Cyrilli
741 2742 786 2788 δι
826 2738 1018 2805 Joannis
1052 2774 1067 2800 ,

240 2808 468 2862 mediante
503 2808 643 2857 Paulo
678 2807 901 2878 Episcopo
943 2808 1066 2858 litte-

239 2883 300 2930 ris
334 2882 612 2930 continetur.
654 2883 707 2927 In
742 2897 877 2947 quam
914 2896 1064 2930 tamen

239 2951 337 3001 fiete
366 2947 619 3001 consensisse
649 2949 878 3001 Nestorius
913 2951 1064 3019 postea

238 3019 527 3088 deprehensus
561 3020 623 3069 est
656 3057 669 3069 .
722 3023 901 3092 Qippe
942 3027 1063 3088 cujus

240 3092 495 3158 Complices
540 3128 554 3152 ‚
607 3107 797 3158 quorum
845 3110 955 3144 unus
1002 3111 1027 3143 e

240 3161 320 3211 iste
355 3166 535 3211 Irenaeus
571 3197 586 3221 ‚
634 3162 748 3212 hanc
795 3162 922 3214 Fidei
957 3182 1062 3215 con-

240 3230 463 3283 sessionem
540 3232 768 3284 clarissime
828 3251 1014 3300 arguunt
1048 3272 1062 3297 ,

239 3320 376 3369 quam
400 3305 628 3372 tantOPere
640 3302 942 3356 Theodoretus
970 3308 1063 3356 lau-

238 3372 319 3426 dat
366 3410 380 3423 .
443 3378 567 3425 Nam
613 3374 934 3446 reprehendens
991 3379 1063 3427 hic

1845 213 1907 262 25
1921 217 1940 250 ι

1204 276 1293 345 ipse
1318 282 1500 329 Irenaeus
1526 275 1852 349 suprascriptam
1864 284 2017 336 Theo-

1205 348 1351 399 doreti
1397 349 1641 418 Epistolam
1673 385 1687 410 ,
1734 355 1777 399 &
1821 371 2018 418 contra-‚-

1206 419 1319 470 hanc
1367 418 1548 471 laudans
1606 419 1848 471 Alexandri
1894 459 1908 483 ‚
1959 426 2019 476 fic

1204 493 1270 540 ait
1314 512 1326 541 ε
1379 496 1526 540 Divino
1560 491 1692 541 ardens
1737 490 1819 554 ‘zelo
1862 510 2020 559 magnus

1203 560 1265 608 ille
1317 561 1536 611 Alexander
1580 599 1595 625 ,
1642 567 1703 610 <9⁴
1748 561 2022 630 quodammodo

1191 630 1336 696 futura
1377 631 1645 703 prophetizans
1689 669 1703 694 ,
1748 636 2023 704 proditionem

1203 706 1305 749 vocis
1341 702 1523 770 accufht.
1560 708 1619 754 Et
1647 704 1742 769 *hoc
1767 704 1885 755 clare
1915 722 2024 755 con-

1204 769 1405 838 spicimus
1441 791 1495 822 ex
1528 775 1628 841 ipsis
1656 776 1822 843 Cyrilli
1845 777 2022 826 litteris.

1201 846 1372 894 Omnes
1406 859 1601 910 namque
1625 843 1896 914 deceptionis
1932 860 2025 895 ma-

1203 914 1335 962 terias
1370 914 1478 964 hinc
1514 916 1710 982 accepit,
1745 921 1788 967 &
1823 918 1912 967 hoc
1934 918 2026 985 pri-

1200 1001 1322 1033 murn
1358 1000 1495 1051 atque
1530 986 1763 1048 ultimum,
1799 990 1909 1054 quin
1944 1005 2025 1055 po-

1202 1054 1290 1104 tius
1337 1053 1475 1105 solum
1542 1053 1767 1105 deducens
1824 1054 1884 1105 ad
1933 1075 2025 1108 me-

1203 1123 1327 1173 dium
1370 1160 1384 1172 .
1435 1124 1746 1175 orthodoxam
1796 1123 2026 1193 quidem...

1203 1198 1465 1246 Doctrinam
1515 1195 1753 1265 exprobrat
1798 1211 1849 1246 ut
1884 1196 2028 1265 pollu-

1205 1282 1297 1315 tam
1322 1305 1335 1328 ‚
1370 1269 1598 1335 proprium
1634 1266 1742 1318 vero
1777 1266 1861 1316 hac
1895 1282 2025 1316 occa-

1203 1337 1321 1387 sione
1355 1339 1521 1388 exaltat
1556 1355 1744 1388 errorem
1763 1374 1777 1399 ‚
1813 1342 1857 1388 &
1892 1339 2029 1388 inter-

1204 1407 1346 1459 serens
1382 1427 1487 1460 mox
1525 1410 1676 1478 aliqtaa
1725 1427 1781 1460 ex
1815 1410 2030 1464 nomine..

1203 1482 1331 1529 Beati
1378 1480 1545 1546 Cyrilli
1594 1516 1608 1540 ,
1656 1478 1818 1544 adjecit
1870 1482 1975 1528 itad
2010 1498 2025 1527 ε

1203 1552 1299 1596 Haec
1342 1549 1544 1617 providens
1602 1568 1762 1616 magnus
1810 1547 2030 1597 Alexander

1207 1621 1258 1667 ab
1293 1617 1383 1668 olim
1415 1656 1430 1681 ,
1469 1618 1715 1687 proditionem
1748 1623 1855 1666 vocis
1889 1615 2029 1666 exhor-

1203 1693 1281 1737 ruit
1315 1725 1329 1751 ,
1377 1687 1566 1755 tanquam
1611 1706 1691 1754 quae
1727 1685 1924 1754 fiefficiens
1956 1706 2028 1736 ex-

1193 1760 1279 1825 stat
1315 1797 1328 1821 ‚
1354 1761 1395 1825 fi
1429 1759 1685 1808 Theotocos
1709 1757 1842 1825 filiam
1877 1795 1890 1820 ,
1925 1778 2029 1808 non-.-

1204 1830 1346 1878 αάίεὲἶο
1393 1830 1757 1896 Anthropotocos
1807 1833 1986 1881 non‘u'ne,
2013 1865 2028 1889 ,

1201 1900 1418 1969 proferatur
1451 1935 1465 1960 ‚
1500 1898 1669 1965 haerefios
1703 1898 1837 1965 itffferre
1871 1897 2028 1967 languo-

1203 1991 1283 2019 rem
1314 2006 1328 2031 ,
1375 1974 1436 2016 <9⁴
1469 1968 1730 2034 Ecclesiastica
1764 1986 2030 2036 corrumpr

1205 2046 1429 2106 Dogmata.

1133 2179 1257 2229 Idem
1292 2178 1400 2228 vero
1436 2182 1621 2228 Irenaeus
1672 2180 1825 2245 paucis
1867 2178 2027 2230 mediis

1204 2247 1421 2313 subjunxit
1456 2250 1501 2295 &
1537 2247 1653 2295 haec.
2024 2253 2026 2256 “

1322 2441 1821 2488 ΒεΗοιιοΝ.

1138 2610 1141 2613 »
1241 2585 1311 2620 AEc
1325 2584 1462 2629 epistola
1483 2585 1581 2621 docet
1594 2610 1606 2627 ,
1630 2587 1722 2630 quod
1734 2587 1804 2631 post
1816 2587 1913 2623 Pauli
1924 2589 2023 2625 Eme·

1263 2637 1333 2672 seni
1347 2635 1489 2671 reditum
1501 2636 1645 2680 Ioannes
1656 2635 1890 2673 Antiochenus
1911 2640 2022 2683 pacifi-

1131 2688 1268 2723 catorias
1292 2686 1402 2722 sanai
1429 2686 1553 2729 Cyrilli
1591 2686 1718 2722 litteras
1751 2688 1863 2723 statim
1897 2690 2021 2724 miserit

1128 2735 1371 2776 Theodoreto,
1397 2737 1493 2771 omni
1517 2737 1620 2772 modo
1641 2737 1772 2772 studens
1791 2737 1811 2771 ὸ,
1835 2748 1931 2773 tanto
1943 2740 2023 2784 Epi-

1127 2789 1229 2832 scopo
1248 2785 1455 2830 comprobari
1480 2798 1596 2831 pacem
1620 2812 1633 2829 ‚
1667 2788 1702 2823 &
1727 2789 1781 2822 sua
1806 2789 1890 2823 circa
1916 2788 2019 2832 ipsam

1127 2838 1229 2873 Asta.
1255 2838 1300 2873 Et
1309 2836 1549 2874 Theodoretus
1559 2837 1648 2873 illam
1659 2849 1714 2883 per
1736 2839 1869 2882 praesens
1890 2838 2018 2873 Rescri-

1125 2899 1219 2933 ptum
1232 2887 1425 2934 comprobat
1437 2911 1449 2929 ,
1474 2888 1600 2933 suoque
1610 2887 1804 2924 Patriarchae
1813 2913 1824 2929 ‚
1852 2887 1955 2922 immo
1966 2897 2015 2924 to·

1125 2940 1152 2973 ti
1174 2938 1308 2974 Mundo
1324 2938 1507 2984 gratulatur
1525 2964 1534 2972 .
1564 2939 1608 2973 Et
1626 2937 1909 2982 comprobationis
1929 2939 2014 2973 ratio

1124 2988 1170 3024 est
1179 3012 1191 3029 ,
1214 2989 1306 3034 quod
1314 2989 1534 3035 pacificatoria
1545 2989 1680 3033 epistola
1692 2988 1801 3033 palam
1819 2997 1939 3023 evertat
1951 2988 2015 3023 Ca·

1126 3040 1250 3085 pstula,
1275 3039 1417 3085 ideoque
1436 3039 1584 3084 Cyrillus
1606 3038 1648 3072 ab
1660 3039 1749 3081 ipsis,
1779 3038 1857 3073 licet
1867 3039 2013 3084 expresse

1126 3101 1195 3125 non
1207 3089 1465 3126 anathematizet
1476 3114 1489 3131 ,
1515 3088 1623 3134 aperte
1633 3099 1743 3123 tamen
1754 3088 1902 3131 recedat,
1922 3089 2014 3125 ideo-

1124 3152 1188 3185 que
1197 3141 1318 3176 auferat
1327 3152 1462 3177 omnem
1472 3140 1667 3175 anteriorem
1691 3138 1778 3183 pacis
1788 3137 1919 3175 obicem
1930 3165 1938 3172 .
1965 3141 2012 3176 Et

1125 3190 1257 3226 adducit
1278 3193 1350 3227 suas
1373 3192 1529 3235 palmares
1548 3200 1663 3226 contra
1675 3189 1830 3235 capitula
1846 3189 2012 3234 rationes,

1125 3251 1182 3277 aut
1193 3241 1299 3277 verius
1309 3242 1507 3286 suspiciones
1518 3265 1526 3274 .
1553 3240 1663 3275 Prima
1682 3239 1727 3275 est
1739 3249 1855 3278 contra
1866 3241 2012 3286 primum

1125 3293 1338 3337 Capitulum:
1365 3291 1456 3336 quod
1476 3289 1565 3326 dicat
1586 3292 1698 3327 Deum
1711 3290 1860 3327 Verbum
1869 3294 1934 3328 esse
1945 3303 2013 3327 car-

1127 3343 1241 3378 naliter
1260 3354 1375 3380 natum
1397 3351 1439 3378 ex
1462 3341 1624 3388 Virgine,
1648 3342 1683 3377 &
1703 3342 1748 3376 fic
1767 3342 1954 3377 Hominem
1965 3343 2011 3375 fa-

1126 3396 1234 3430 etum-
1261 3393 1410 3431 Secunda
1428 3391 1477 3430 est
1497 3402 1611 3431 contra
1626 3392 1783 3430 secundm
1794 3392 2008 3437 Capitulum:

1855 3437 1961 3491 Q¹0d
