2320 3730
592 144 909 202 Seuerus,
949 159 1014 191 er
1049 144 1242 194 Nous
1278 156 1674 197 rtrusramm.

446 369 652 420 CAPU
668 368 709 418 T
744 376 912 422 XCVI.
955 374 1120 434 ---184

240 559 454 611 EPISTOLA
500 569 761 613 ALEXANDRI
806 581 870 612 AD
904 564 1121 614 THEODO-

308 647 455 681 REwM
489 669 510 693 ,,
552 650 630 682 PER
664 631 790 699 QJAM
839 652 974 685 voels
1021 652 1120 698 Qn-

304 718 398 750 DEM
433 719 730 753 mom-nonem
765 722 962 754 AccusAT
995 744 1009 769 ,
1046 724 1121 754 De-

306 789 476 823 CLARAr
509 792 655 821 ΛυτεΜ
688 811 703 836 ‚
753 794 982 837 Qiomono
1024 780 1121 825 Em-

307 861 477 892 STOLAM
523 861 754 895 FALsANres
794 882 807 905 ,
857 866 935 910 Qu
983 863 1117 895 cch

308 916 551 962 PAuLuM
587 918 824 964 EmeseNuM
858 952 871 975 ‚
922 922 1118 966 Cranto

306 988 519 1033 AEGYPTIO
554 1001 855 1033 onruLERuNT.

353 1179 454 1214 Emor
464 1180 558 1219 sum,
584 1180 660 1224 quia
686 1182 818 1226 quando
841 1185 949 1219 sumus
973 1183 1013 1218 ad
1035 1184 1120 1218 invi-

376 1240 446 1263 cem
458 1230 618 1264 collocuti
643 1232 679 1265 in
702 1234 779 1267 loco
806 1236 862 1277 qui
882 1235 1004 1269 dicitur
1016 1234 1119 1268 Arba-

233 1277 383 1313 thimilas
393 1303 405 1319 ,
432 1289 511 1315 tunc
523 1289 585 1314 tuae
594 1278 733 1318 dixerim
748 1283 915 1319 Sanctitati
929 1310 940 1326 ‚
965 1285 1043 1318 dum
1054 1296 1119 1319 cer-

232 1327 268 1362 te
281 1326 366 1362 nihil
384 1329 459 1363 ante
474 1332 693 1373 praetexuerim
711 1357 722 1374 ‚
750 1334 836 1378 quasi
860 1346 972 1370 verum
997 1334 1118 1379 aliquid

234 1376 369 1411 aliunde
379 1379 558 1414 audiverim
568 1405 580 1421 ,
605 1392 648 1414 ne
659 1381 745 1417 forte
756 1384 843 1426 pacis
855 1382 950 1428 hujus
977 1385 1120 1430 Legatus

233 1427 338 1462 solam
361 1439 476 1463 vocem
488 1453 500 1468 ,
527 1440 596 1471 quae
616 1431 660 1464 est
673 1431 846 1472 Theotocos,
875 1434 1047 1479 AEgyptiis
1067 1434 1119 1469 de·

233 1477 377 1512 tulisset.
405 1478 449 1512 Et
475 1488 558 1522 puto
585 1490 654 1514 non
681 1480 801 1526 absque
823 1483 889 1517 Dei
916 1484 1120 1528 providentia

232 1527 330 1565 fuisse
348 1526 384 1561 id
405 1527 529 1562 dissum
541 1554 548 1561 .
577 1529 632 1563 Ad
646 1541 707 1564 nos
735 1542 879 1575 namque
890 1535 1036 1576 pervenit
1048 1534 1120 1578 Epi-

233 1576 320 1610 Rola
331 1576 497 1618 Ioannis,
516 1589 588 1620 quae
601 1589 705 1622 nuper
715 1580 798 1614 facta
812 1582 856 1614 est
879 1582 920 1615 ad
935 1583 1098 1624 Cyrillum
1110 1608 1121 1624 ,

232 1624 269 1660 δε
294 1625 457 1669 aCyrillo
482 1625 524 1661 ad
542 1638 636 1661 eum:
664 1629 750 1676 Qae
776 1630 1061 1667 circumferebatur
1086 1634 1120 1668 in

233 1673 357 1716 Urbe,
382 1676 418 1710 in
429 1687 492 1720 qua
515 1688 663 1719 nomen,
693 1682 810 1714 Enixae
834 1685 953 1724 Deum,
981 1692 1120 1719 tantum-

232 1724 338 1760 modo
350 1724 724 1771 AEgyptiusobtinens,
751 1739 907 1775 tanquam
932 1734 1055 1768 cunetis
1076 1746 1121 1769 er-

232 1773 361 1810 roribus
371 1776 507 1819 propriis
518 1779 791 1822 accommodum,
819 1783 933 1816 multis
957 1794 1028 1817 eam
1055 1784 1122 1818 lau·

231 1824 332 1860 dibus
355 1826 564 1869 praedicavit‚
590 1828 705 1862 dicens
720 1840 889 1873 nunquam
916 1834 948 1866 se
961 1833 1056 1868 aliter
1077 1835 1121 1868 sa-

231 1874 360 1917 puisse,
386 1886 446 1909 nec
470 1877 579 1919 sapere
604 1889 714 1921 praeter
739 1879 823 1914 hoc.
851 1881 896 1916 Et
918 1882 990 1917 vere
1014 1883 1120 1918 dixit:

233 1923 324 1971 Qia
336 1923 402 1958 hoc
413 1924 458 1958 est
470 1926 558 1969 quasi
585 1939 643 1962 arx
663 1929 765 1963 totius
785 1930 854 1974 ejus
879 1931 1047 1967 haereseos.
1076 1934 1120 1968 Et

231 1983 360 2008 memor
371 1973 418 2009 est
439 1975 553 2019 utique
574 1978 732 2012 Sanctitas
744 1989 798 2014 tua
811 2005 822 2021 ,
849 1981 987 2026 qualiter
1001 1982 1118 2027 Ephesi

229 2024 355 2067 positus
375 2027 648 2062 communionem
670 2028 744 2062 talis
754 2030 907 2072 Epistolae
917 2042 988 2066 tota
998 2033 1120 2067 virtute

229 2073 407 2118 refugerim
419 2088 430 2108 .-
456 2075 550 2108 Dum
563 2076 650 2110 certe
671 2077 727 2111 illa
754 2078 850 2112 valde
868 2081 1028 2115 accusaret
1041 2092 1096 2116 eas
1110 2105 1121 2122 ‚

228 2133 301 2167 quae
311 2123 437 2158 inerant
466 2125 586 2168 Cyrilli
609 2125 793 2169 Capitulis,
820 2127 1051 2174 blasphemias.
1079 2133 1118 2166 ln

228 2172 361 2206 novella
383 2184 525 2217 namque
550 2175 698 2217 Epistola
714 2200 726 2216 ,
760 2178 841 2212 dum
868 2181 1118 2216 transcurriffem

228 2231 336 2256 totam
348 2231 469 2264 partem
483 2245 494 2262 ,
521 2234 593 2265 quoe
602 2225 701 2258 etiam
713 2226 833 2268 Cyrilli
844 2227 928 2269 jacet
941 2229 976 2260 in
990 2230 1117 2270 litteris,

230 2271 482 2306 &contulissem
509 2272 655 2315 adeam,
684 2285 847 2316 quaetunc
873 2275 891 2308 a
915 2277 1012 2311 vestra
1029 2279 1118 2312 Reli-

224 2322 377 2366 giositate
389 2322 573 2366 conscripta
588 2324 633 2358 est
649 2348 660 2365 ‚
688 2326 787 2368 reperi
801 2325 878 2370 quia
889 2337 995 2371 neque
1008 2328 1116 2369 initia,

223 2383 332 2414 neque
354 2371 435 2405 fines
462 2372 551 2405 illius
566 2373 672 2416 ipsius
697 2374 856 2417 Epistolae
865 2378 1041 2420 posuerunt
1055 2376 1115 2418 hi,

224 2421 282 2460 qui
293 2420 334 2453 ad
348 2420 540 2463 AEgyptum
550 2422 662 2456 direffi
676 2425 768 2457 sunt.
797 2426 877 2459 Hoc
889 2435 998 2460 autem
1015 2427 1116 2463 claret

222 2479 294 2502 non
323 2480 363 2502 ex
379 2469 448 2504 illis
461 2470 564 2504 solum
589 2471 745 2513 vocibus,
776 2475 1111 2517 quasidemtranscri-

222 2519 280 2561 psit
298 2518 501 2563 AEgyptius,
529 2520 582 2554 sed
608 2522 691 2556 &ex
704 2523 791 2562 illis,
817 2536 872 2567 per
899 2537 977 2570 quas
1004 2528 1116 2562 multis

221 2567 336 2612 jurgiis
361 2569 663 2604 &accusationibus
690 2573 841 2616 &ipsum
867 2575 901 2608 δε
925 2576 992 2618 ejus
1018 2578 1114 2621 Capi-

221 2617 292 2652 tula
302 2617 514 2660 perfuderunt
525 2643 536 2659 ‚
551 2620 583 2653 δι
598 2620 695 2663 ipsius
707 2620 850 2657 haerefim
863 2624 1011 2660 detestati
1026 2629 1109 2669 sunt,

221 2668 280 2711 qui
292 2677 372 2702 tunc
387 2667 504 2712 Ephesi
517 2669 769 2706 conscribebant
780 2697 787 2704 .
816 2672 970 2718 Accipiet
990 2676 1090 2721 igitur
1102 2703 1112 2718 ‚

220 2726 301 2750 tunc
314 2727 352 2751 ut
363 2717 454 2758 dixi,
482 2717 667 2762 AEgyptius
681 2732 735 2765 per
746 2721 835 2757 hunc
862 2736 965 2759 unum
992 2728 1109 2762 sermo·

222 2778 300 2800 nem
311 2778 425 2801 eorum
440 2769 636 2804 consensum
663 2771 703 2806 ad
715 2774 827 2807 omnia
841 2775 1032 2818 Conscripta
1053 2779 1107 2811 sua

222 2815 374 2851 haeretica
389 2831 399 2850 .-
426 2817 470 2850 Et
484 2817 519 2850 in
531 2818 652 2859 nullis,
680 2820 843 2864 inquibus
867 2824 988 2868 pridem
1015 2827 1107 2861 simu-

222 2866 343 2901 laverat
356 2866 545 2908 veritatem,
573 2867 671 2904 habet
682 2869 723 2904 de
746 2883 859 2907 caetero
881 2873 1001 2909 haeresis
1027 2886 1108 2911 tuta·

222 2926 391 2951 mentum.
420 2918 463 2951 Et
476 2917 601 2953 intente
617 2918 799 2964 legentibus
813 2925 995 2967 Epistolam
1007 2928 1105 2961 mani·

223 2966 323 2999 festus
334 2967 379 3000 est
391 2966 457 3010 ipse
468 2979 619 3012 quoque,
649 2971 776 3014 proprie
787 2975 902 3016 veneni
924 2977 1043 3020 semper
1065 2977 1104 3020 ja·

223 3015 314 3049 ciens
339 3017 461 3051 semina
474 3018 700 3054 ..Direxeram
716 3022 790 3056 verd
814 3025 849 3059 ἀ
868 3026 998 3061 easdem
1022 3028 1105 3061 litte·

224 3075 273 3099 ras
285 3089 296 3106 ,
322 3065 380 3099 nisi
392 3061 515 3102 nossem
526 3091 537 3108 ‚
563 3068 652 3112 quod
664 3081 717 3104 eas
729 3080 782 3106 tua
796 3074 949 3116 Sanctitas
968 3075 1103 3112 habeat.

364 3183 485 3235 Idem
523 3190 701 3238 Irenaeus
736 3194 798 3242 ait
810 3229 821 3241 .

320 3363 425 3406 Christ.
439 3369 518 3410 Lupi
527 3372 624 3412 Opera
635 3372 733 3404 Tyn.

1883 160 1987 212 ‚255

1368 333 1865 384 ScuoLION.

1253 480 1298 514 Er
1324 478 1410 515 hanc
1437 479 1607 526 epistolam
1636 480 1824 518 Alexander
1854 481 2055 523 demonstrat

1277 532 1370 565 suum
1394 530 1479 567 circa
1499 542 1636 573 vocem,
1662 536 1819 575 Deipara,
1844 533 1970 568 sensum
1985 547 2054 570 non

1181 580 1243 613 effe
1255 578 1439 617 hesternum
1458 592 1513 618 aut
1525 593 1651 618 novum
1662 606 1674 624 ,
1699 583 1754 617 sed
1767 583 1798 618 sc
1810 584 1932 628 semper
1942 584 2054 619 eadem

1180 629 1318 664 sensisse.
1332 631 1376 665 Et
1388 631 1501 675 probat
1518 631 1584 667 hoc
1595 643 1665 668 non
1675 633 1848 668 dumtaxat
1857 645 1898 668 ex
1908 635 1965 668 suo
1978 645 2056 668 cum

1180 677 1397 715 Theodoreto
1412 692 1486 718 ante
1497 684 1584 726 pacis
1594 683 1788 719 Trastatum
1798 684 1967 726 colloquio
1980 709 1991 725 ,
2001 683 2057 718 sed

1181 727 1308 773 insuper
1317 741 1358 764 ex
1369 731 1432 764 suis
1452 733 1544 767 Astis
1554 733 1640 777 apud
1658 732 1839 777 Ephesum.
1867 734 1919 768 Ex
1940 733 2056 778 episto-

1181 777 1210 811 la
1222 802 1233 818 ‚
1260 791 1357 823 quam
1370 780 1487 824 Ephesi
1499 782 1543 816 ob
1557 783 1708 818 insertam
1721 784 1813 818 istam
1825 794 1940 818 vocem
1951 783 2058 817 noluit

1179 827 1390 864 subscribere.
1419 833 1500 863 Erat
1511 831 1626 873 epistola
1637 837 1773 877 Joanm‘s
1790 832 1975 867 Patriarcbae
1986 856 1996 872 ‚
2022 834 2057 866 (τ

1179 879 1332 919 adjum‘iae
1343 880 1387 914 illi
1392 879 1540 921 faa‘lionis
1552 905 1564 921 ,
1590 883 1634 914 ad
1642 886 1850 925 Imperatorem
1862 881 2059 925 Theodosium,

1177 939 1270 970 quam
1281 931 1452 964 direxerunt
1461 940 1520 973 per
1530 935 1562 977 J
1564 943 1689 965 oannem
1699 937 1842 968 Comitem
1856 959 1868 974 ‚
1894 939 1926 966 in
1943 944 2004 976 qua
2016 942 2060 966 et-

1179 984 1240 1011 iam
1260 984 1425 1014 continetur
1448 982 1501 1014 illa
1513 981 1676 1015 Catholicae
1700 981 1773 1024 fidei
1791 984 1916 1023 confeffio
1931 1008 1942 1024 ,
1968 994 2059 1026 quam

1175 1028 1274 1070 postea
1286 1030 1412 1064 Sanc‘lus
1425 1031 1552 1070 Cyrlllus
1560 1039 1618 1073 per
1630 1031 1784 1073 pacificam
1797 1032 1938 1066 laudavit
1959 1032 2060 1076 episto-

1178 1078 1241 1111 lam
1254 1102 1265 1118 ‚
1284 1078 1413 1122 scribens,
1440 1082 1535 1114 eidem
1555 1085 1680 1126 Joanni
1699 1089 1755 1123 per
1786 1085 1930 1124 Legatum
1951 1088 2063 1123 pacis,

1180 1129 1309 1162 Paulum
1321 1129 1502 1173 Emesenum
1513 1130 1692 1174 Episcopum
1703 1155 1710 1163 .
1738 1132 1880 1174 loannes
1891 1130 2012 1165 Comes
2022 1130 2064 1165 ab

1179 1188 1316 1223 utraque
1343 1190 1431 1224 parte
1459 1179 1533 1214 fidei
1561 1181 1790 1225 profeffionem
1816 1188 1967 1225 exegerat
1995 1204 2007 1220 ,
2032 1180 2065 1213 ὃς

1180 1229 1359 1264 Orientalis
1372 1229 1485 1265 Fadio
1497 1230 1648 1265 obedivit
1661 1257 1667 1263 .
1694 1230 1852 1265 Profeffio
1863 1229 1965 1264 exstat
1976 1231 2065 1274 supe-

1180 1279 1259 1319 rius,
1270 1280 1304 1313 &
1316 1280 1434 1324 incipit
1446 1294 1453 1314 :
1481 1280 1661 1324 confitemur
1670 1286 1760 1326 igitur
1771 1283 1929 1314 Dominum
1939 1279 2066 1320 nostrum

1172 1327 1286 1374 Jesum
1312 1326 1478 1372 christum,
1505 1332 1568 1365 &a
1597 1332 1640 1365 Et
1662 1329 1911 1375 comprehendit
1923 1342 2039 1365 vocem
2052 1354 2067 1368 2
2082 1345 2156 1383 cap.
2175 1354 2218 1380 1⁷·

1181 1382 1345 1422 Dei-para.
1372 1381 1417 1416 Et
1430 1379 1562 1425 quidem
1573 1382 1675 1416 solam
1698 1382 1765 1416 fine
1777 1393 1860 1416 voce
1883 1385 2067 1423 Homini-pa-

1179 1441 1215 1462 ra
1225 1455 1233 1462 .
1263 1431 1344 1464 Haec
1358 1433 1431 1467 sunt
1446 1431 1541 1466 verba
1557 1431 1700 1475 epistolae
1714 1445 1721 1465 :
1749 1432 1911 1466 secundum
1936 1430 2013 1465 hunc
2024 1438 2067 1464 in-

1179 1478 1307 1522 confusae
1333 1486 1450 1515 unionis
1463 1482 1640 1515 intelleae‘lum
1659 1482 1828 1524 confitemur
1848 1482 1988 1515 SanHam
2001 1486 2066 1516 Vir-

1174 1534 1276 1572 ginem
1291 1533 1350 1563 Dei
1372 1534 1566 1565 Genitricem.
1594 1531 1731 1566 Interim
1758 1533 1892 1576 epistola
1914 1531 2067 1567 atrociter

1181 1579 1306 1613 invadit
1329 1581 1435 1614 Sandti
1454 1580 1576 1624 Cyrilli
1592 1581 1764 1624 Capitula.
1797 1582 1840 1615 Et
1866 1590 1976 1614 tamen
1989 1581 2067 1614 Ale-

1180 1627 1302 1662 xander
1322 1630 1353 1664 ei
1382 1630 1492 1665 noluit
1517 1630 1730 1665 subscribere.
1759 1631 1862 1664 Tunc
1883 1631 1971 1664 enim
1983 1631 2067 1665 fasta

1180 1678 1225 1712 est
1250 1679 1352 1723 turpis
1378 1680 1435 1714 ilia
1455 1679 1677 1714 Orientalium
1708 1680 1946 1724 Episcoporum
1982 1680 2067 1714 circa

1182 1728 1274 1763 istam
1300 1740 1417 1764 vocem
1441 1729 1621 1772 discordia,
1647 1740 1745 1775 quam
1768 1731 1901 1765 Sanctus
1917 1730 2067 1774 Cyrillus

1181 1778 1268 1823 large
1282 1780 1433 1815 describit
1454 1781 1489 1814 in
1507 1780 1625 1814 litteris
1637 1781 1678 1816 ad
1698 1781 1811 1825 Regiae
1825 1780 1979 1815 Civitatis
1991 1780 2068 1816 Cle·

1182 1839 1253 1861 rum
1268 1840 1305 1864 ac
1316 1828 1482 1873 Populum
1493 1854 1503 1870 ,
1530 1831 1696 1864 affirmans
1705 1830 1861 1873 quosdam
1874 1830 1968 1864 fuiffe
1980 1829 2066 1864 adeo

1182 1879 1309 1914 aversos
1327 1878 1367 1913 ab
1381 1879 1437 1914 ista
1450 1890 1534 1914 voce
1544 1904 1556 1920 ,
1582 1889 1619 1913 ut
1644 1880 1819 1923 paratiores
1833 1880 1934 1914 essent
1949 1890 2066 1914 manus

1182 1921 1311 1971 perdere
1323 1952 1333 1968 ‚
1360 1941 1458 1974 quam
1476 1928 1525 1963 illi
1538 1927 1731 1964 subscribere
1744 1955 1751 1962 .
1777 1930 1823 1964 Et
1833 1942 1942 1965 revera
1965 1942 2066 1964 nemo

1182 1977 1360 2023 subscripsit
1374 2004 1381 2011 .
1409 1979 1487 2012 Fuit
1501 1980 1639 2013 formata
1651 1980 1687 2012 in
1703 1989 1880 2013 commune
1898 1980 2067 2012 Fastionis

1181 2039 1303 2060 nomen
1320 2051 1330 2067 ‚
1357 2029 1422 2062 sine
1435 2027 1727 2070 subscriptionibus
1739 2053 1746 2060 .
1774 2028 1913 2063 Praesens
1924 2028 2069 2063 Alexan-

1180 2075 1229 2110 dri
1239 2075 1375 2120 epistola
1388 2077 1487 2112 nobis
1496 2076 1597 2111 edicit
1608 2078 1769 2112 rationem
1780 2103 1788 2111 .

1232 2127 1373 2170 Ioannes
1386 2126 1637 2168 Antiochenus,
1662 2127 1741 2163 dum
1754 2139 1867 2172 pacem
1891 2129 1983 2168 iniit,
2011 2141 2069 2164 no-

1180 2176 1242 2210 luit
1255 2185 1425 2210 recantare.
1441 2178 1534 2210 Hinc
1549 2179 1733 2220 praesentern
1745 2177 1821 2212 fidei
1835 2179 2067 2221 professionem

1180 2224 1313 2259 inseruit
1324 2226 1384 2257 suae
1395 2225 1621 2266 pacificatoriae
1631 2225 1774 2268 epistolae
1786 2250 1793 2256 .
1818 2226 1867 2259 Ita
1889 2229 1953 2261 toti
1966 2229 2068 2263 Mun-

1179 2272 1224 2306 do
1244 2272 1503 2308 demonstratum
1516 2274 1623 2308 voluit
1646 2276 1679 2308 se
1696 2275 1819 2319 semper
1830 2274 1944 2312 eadem
1970 2278 2005 2312 ὅ(
2020 2291 2068 2313 re-

1180 2324 1228 2355 da
1252 2323 1397 2358 sensisse:
1425 2323 1470 2358 Et
1484 2322 1599 2367 Ephesi
1613 2349 1625 2364 ,
1650 2324 1684 2359 ὃς
1711 2323 1947 2368 Chalcedone,
1972 2329 2008 2362 ὅ(
2029 2330 2066 2365 in

1179 2383 1274 2415 pace,
1301 2374 1335 2406 δε
1348 2373 1419 2416 post
1432 2373 1520 2407 illam
1548 2375 1582 2408 δε
1594 2376 1727 2409 Sanetus
1739 2375 1885 2418 Cyrinus
1899 2378 2067 2420 profeffio-

1177 2434 1252 2456 nem
1264 2423 1407 2457 admisit.
1436 2422 1527 2457 Audi
1542 2422 1788 2459 Alexandrum:
1815 2429 1852 2459 In
1864 2438 1923 2469 qua
1945 2440 2063 2469 nomen,

1177 2475 1345 2514 Dei-parm
1370 2475 1571 2506 tantummodo
1582 2477 1745 2518 AEgyptius
1757 2475 1891 2509 obtinens
1901 2485 2058 2520 tamquam

1176 2522 1287 2555 cunc‘lis
1299 2522 1444 2555 erroribus
1454 2529 1584 2565 propriis
1600 2526 1813 2558 accommodum
1823 2548 1834 2564 ‚
1859 2528 1962 2560 multis
1988 2539 2057 2562 eam

1174 2573 1316 2607 laudibus
1322 2573 1531 2614 praedicavit,
1557 2574 1658 2606 dicens
1674 2573 1709 2616 se
1722 2586 1873 2619 nunquam
1895 2578 1986 2612 aliter
2006 2577 2057 2621 sa-

1170 2622 1261 2666 puiffe
1270 2647 1280 2663 ,
1308 2633 1360 2656 nec
1367 2620 1471 2666 sapere
1478 2630 1596 2664 praeter
1607 2622 1674 2656 boc.
1705 2627 1751 2657 Et
1763 2628 1832 2659 vere
1844 2628 1944 2660 dixit:
1971 2629 2057 2671 ,Quia

1174 2672 1223 2706 boc
1231 2671 1267 2712 est
1278 2671 1361 2714 quasi
1366 2684 1424 2705 arx
1437 2678 1526 2705 totius
1538 2675 1602 2713 ejus
1613 2672 1755 2717 haerefros
1765 2698 1774 2707 .
1805 2674 1899 2710 Hinc
1910 2676 2058 2711 Alexan-

1173 2723 1228 2756 der
1240 2724 1391 2756 asseverat
1407 2723 1437 2756 se
1449 2724 1466 2756 a
1482 2724 1539 2756 suo
1550 2723 1634 2766 apud
1648 2722 1813 2767 Ephesum
1824 2724 1949 2768 judicio
1971 2737 2056 2762 rece-

1172 2772 1247 2807 dere
1259 2784 1326 2806 non
1340 2774 1443 2815 posse:
1474 2771 1556 2806 Non
1569 2775 1657 2816 posse
1682 2783 1738 2808 aut
1753 2775 1889 2818 Ioannis
1913 2786 1969 2810 aut
1990 2776 2056 2818 Cy-

1172 2822 1235 2856 rilli
1264 2822 1380 2856 litteris
1405 2821 1600 2857 subscribere
1614 2849 1621 2856 .
1648 2823 1780 2857 Etenim
1807 2825 1906 2858 etiam
1919 2826 2054 2859 Sanctus

1171 2871 1316 2915 Cyrillus
1328 2871 1491 2907 laudatam
1503 2873 1578 2907 fidei
1593 2874 1819 2917 profeffionem
1838 2873 1970 2907 inseruit
1990 2875 2053 2908 suae

1169 2921 1392 2965 pacificatoriae
1402 2923 1561 2966 epistolae.
1589 2924 1632 2956 Et
1651 2921 1730 2955 hinc
1753 2933 1923 2966 utramque
1934 2923 2054 2967 episto-

1168 2972 1356 3016 laminipsa
1368 2972 1443 3006 fidei
1455 2972 1650 3007 definitione
1673 2972 1823 3016 probavit
1849 2984 1887 3007 ac
1907 2973 2051 3008 firmavit

1168 3020 1443 3057 Chalcedonensis
1455 3023 1606 3064 synodus
1619 3046 1626 3054 .

1216 3072 1406 3107 Alexander
1426 3071 1574 3115 adjungit
1590 3072 1652 3105 suae
1663 3073 1846 3115 pertinaciae
1866 3073 2047 3109 rationem:

1166 3127 1202 3156 In
1223 3124 1341 3156 novella
1354 3134 1480 3164 namque
1489 3121 1627 3164 epistola,
1653 3123 1726 3155 dum
1750 3122 1983 3168 transcurrissem
2005 3134 2046 3157 to-

1166 3181 1229 3206 tam
1238 3181 1360 3215 partem
1370 3196 1380 3212 ,
1406 3184 1472 3214 quae
1484 3177 1574 3205 etiam
1595 3176 1627 3203 in
1639 3173 1740 3210 cyrilli
1745 3175 1829 3215 jacet
1854 3176 1962 3208 litteris
1973 3199 1984 3214 ‚
2011 3176 2045 3208 (Ὺ

1164 3224 1336 3266 contulissem
1357 3224 1400 3255 ad
1411 3233 1498 3262 eam,
1524 3233 1590 3264 quae
1604 3230 1671 3254 tunc
1695 3225 1715 3255 ᾶ
1738 3223 1834 3264 vestra
1849 3223 2043 3267 Religiofitace

1164 3271 1324 3315 conscripta
1347 3272 1405 3312 est,
1429 3277 1526 3314 reperi
1545 3277 1615 3314 quia
1626 3277 1733 3313 initia,
1761 3284 1850 3317 nequo
1870 3274 1943 3317 fines
1964 3276 2043 3307 illius

1163 3321 1283 3362 epistolae
1289 3321 1443 3365 posuerunt
1457 3321 1488 3354 hi
1499 3347 1510 3364 ‚
1533 3327 1586 3364 qui
1599 3323 1643 3355 ad
1653 3324 1829 3366 AEgyptium
1838 3324 1943 3360 dire&
1950 3321 2021 3365 fimi·
2030 3345 2043 3363 ,

1618 3371 1652 3405 Y
1702 3386 1724 3412 2
1925 3373 1987 3407 &c.
