2320 3730
376 204 473 255 164

539 406 812 463 CAPUT
860 409 914 460 L?

294 597 465 667 Epistola
497 596 657 652 Joanm's
679 593 892 651 Antiochen}
922 593 1100 665 Epssopi
1127 596 1181 649 ‚ad

327 669 331 672 ⁴
362 667 629 719 Alexandrum
651 663 983 733 Hierapolitanum
1008 666 1050 715 de
1084 671 1177 714 Ari.

347 739 472 802 stolon
485 775 500 804 3
537 757 643 804 quem
672 752 745 804 pro
771 751 867 806 pace
888 737 1074 804 facienda
1100 742 1174 785 mi-

343 808 404 872 fit
437 803 661 872 Theodofius
693 805 904 876 Imperator>
935 807 989 861 ad
1021 808 1172 860 eundem

352 883 540 935 joannem
561 914 576 938 ,
613 882 672 925 ζ’»
705 876 893 942 Cyrillum
928 878 1170 929 Alexandria

349 945 624 1012 Putriarcham
648 966 734 1000 cum
768 947 944 1015 Epistolis
957 948 1070 1015 fisis,
1101 967 1169 1019 per

275 1051 279 1054 -
346 1032 441 1082 quas
477 1016 637 1082 synodis
671 1019 836 1075 omnibus
878 1023 973 1080 inter
1005 1041 1060 1069 eos
1090 1036 1167 1095 pa„

306 1094 310 1099 “
344 1095 426 1139 'cem
449 1086 541 1151 fieri
569 1083 686 1161 juffit
699 1125 726 1157 .-

371 1235 424 1271 Ui
437 1246 492 1271 me
505 1235 637 1272 vocavit
659 1235 701 1271 ad
714 1237 1067 1283 Constantinopolim,
1092 1239 1160 1282 jam

394 1286 427 1320 in
439 1286 545 1331 januis
566 1288 611 1323 est
624 1286 884 1323 Mirandiffimus
895 1289 1072 1325 Tribunus
1085 1289 1163 1324 Ari-

422 1336 571 1372 stolaus..
589 1338 624 1372 Si
634 1348 746 1372 autem
761 1338 806 1371 *in
830 1339 938 1375 nostra
951 1341 1049 1376 fuerit
1071 1351 1161 1385 pote-

268 1384 352 1419 state
362 1386 408 1420 ire
419 1387 469 1421 vel
482 1399 548 1421 non
565 1412 576 1428 ,
602 1388 810 1431 responsione
822 1401 970 1435 congrua
995 1402 1077 1434 opus
1089 1391 1136 1424 est
1149 1415 1160 1431 ,

265 1435 302 1470 δε
315 1447 387 1478 quae
408 1447 450 1469 ex
460 1438 631 1471 communi
654 1438 892 1474 deliberatione
906 1441 1074 1478 descendit
1087 1465 1094 1473 .
1124 1442 1158 1475 Si

263 1485 346 1517 vero
370 1485 554 1528 violentum
582 1486 828 1522 sustinuerimus
851 1489 1001 1534 aliquid,
1028 1490 1080 1525 vel
1094 1489 1159 1525 hoc

262 1534 395 1569 eveniat
421 1545 458 1570 ut
476 1536 697 1571 valedicamus
722 1538 763 1572 ad
786 1539 951 1574 invicem.
981 1541 1077 1576 Licet
1101 1553 1160 1576 no-

261 1583 365 1621 strum
377 1596 496 1635 corpus
519 1587 564 1620 ita
577 1587 615 1620 fit
637 1588 778 1630 fragile,
805 1598 841 1623 ut
862 1589 1048 1633 siCyrillus
1061 1591 1159 1626 mini-

257 1631 323 1668 bus
343 1645 458 1670 contra
480 1647 534 1670 me
561 1636 802 1672 neceffitatib'us
817 1636 992 1682 abutatur,
1019 1641 1090 1676 vias
1103 1651 1157 1675 me

259 1685 419 1720 affumere
452 1685 603 1729 poffibile
625 1698 696 1721 non
716 1687 756 1721 fit
780 1712 788 1719 .
815 1688 979 1732 Scriptum
1000 1690 1087 1725 mihi
1111 1690 1157 1724 est

257 1734 354 1769 enim
374 1735 415 1770 ab
432 1735 597 1780 aliquibus
625 1732 740 1770 amicis
766 1736 800 1771 δε
821 1740 961 1783 propriis
980 1765 992 1783 ,
1022 1741 1098 1784 quia
1122 1741 1156 1775 &

254 1783 297 1818 in
321 1785 372 1818 via
395 1782 478 1818 mihi
490 1786 590 1819 dolus
611 1785 850 1822 interfectionis
870 1784 1071 1831 compositus
1094 1791 1155 1830 sit,

256 1834 281 1867 fi
303 1834 409 1877 passus
419 1836 512 1868 fuero
524 1835 586 1869 iter
601 1835 757 1869 assumere
773 1858 782 1866 .
808 1835 854 1870 Et
867 1835 936 1871 haec
948 1840 1130 1882 agnoscens
1143 1862 1155 1879 ,

255 1885 364 1925 quaeso
386 1893 461 1925 ,ut
483 1884 554 1928 post
579 1884 762 1919 Collerstam
787 1908 798 1924 ,
825 1896 894 1929 quae
917 1885 983 1922 hoc
1006 1897 1156 1932 tempore

255 1933 423 1976 Cyrifieri
438 1934 542 1975 solet,
570 1934 665 1968 simul
687 1946 765 1968 cum
776 1937 936 1971 Domino
949 1949 1051 1979 meo,
1076 1940 1154 1973 Deo

257 1983 473 2017 Amiciffimo
493 1983 660 2026 Episcopo
678 1982 897 2019 Theodoreto
909 2009 920 2024 ,
946 1988 980 2021 δε
997 1986 1048 2021 his
1073 1999 1155 2031 quo-

253 2034 415 2076 scumque
425 2033 576 2075 repereris
588 2056 600 2072 ‚
626 2032 781 2067 advenire
792 2033 910 2076 absque
922 2045 1014 2069 mora
1032 2036 1154 2079 digne-

255 2082 319 2118 ris.
349 2082 398 2117 Ea
422 2082 532 2123 enim,
558 2093 629 2125 quae
648 2080 689 2115 ad
701 2081 802 2116 fidem
824 2083 1013 2126 pertinent,
1039 2085 1062 2118 fi
1076 2096 1152 2119 cum

256 2133 391 2167 fastidio
416 2132 576 2176 coeperint
589 2132 667 2176 agi,
693 2131 735 2166 ad
757 2142 905 2167 extrema
931 2134 1125 2177 pervenient
1142 2159 1153 2175 ,

255 2182 339 2218 dum
362 2181 443 2225 quid
459 2183 516 2214 fim
537 2182 746 2224 responsurus
766 2203 778 2220 ‚
804 2185 976 2226 ignorem.
1005 2182 1153 2230 Proposi-

255 2233 364 2268 tiones
376 2228 479 2270 vero,
504 2241 575 2275 quae
597 2241 687 2263 nunc
711 2229 905 2266 adferuntur
919 2257 931 2273 ,
956 2232 1066 2278 aperte
1079 2236 1153 2269 sunt

253 2284 365 2326 impiae
376 2306 383 2312 .
411 2279 502 2314 Nam
517 2279 639 2323 Cyrilli
662 2278 796 2325 quidem
808 2282 964 2326 Capitula
977 2283 1153 2319 obumbra·

255 2342 325 2367 tam
346 2330 468 2365 habent
501 2331 781 2375 incongruitatem
804 2357 815 2373 ,
842 2343 931 2367 nunc
953 2343 1064 2369 autem
1093 2335 1151 2378 qui

255 2381 452 2428 potestatem
462 2381 682 2415 obtinuerunt
692 2406 703 2421 ‚
730 2382 864 2416 inimici
878 2382 944 2416 Dei
957 2394 1151 2427 proponunt

256 2429 585 2467 anathematizandos
603 2433 666 2465 effe
691 2430 770 2473 hos,
799 2431 857 2476 qui
868 2431 986 2467 dicunt
1007 2434 1090 2469 duas
1100 2445 1155 2469 na·

257 2494 363 2518 tutas:
391 2481 497 2530 Qod
521 2492 581 2516 nec
605 2481 692 2526 ipse,
717 2482 777 2524 qui
800 2481 925 2526 primus
953 2483 1059 2518 exstat
1080 2483 1155 2519 illo-

258 2544 356 2573 rum,
382 2531 532 2576 Cyrillus
555 2531 665 2566 dicere
689 2531 777 2567 clare
801 2532 998 2576 praesumpfit
1026 2558 1034 2565 .
1059 2534 1153 2569 Volo

260 2593 371 2618 autern
384 2607 395 2624 ,
421 2591 459 2618 ut
480 2581 562 2617 dum
579 2581 736 2616 veneritis
754 2605 767 2622 ‚
793 2582 880 2625 quari
902 2582 960 2617 sub
981 2584 1153 2619 occasione

261 2633 398 2668 honoris
416 2631 561 2668 Domini
580 2631 647 2666 mei
668 2630 991 2677 Magnificentiffimi
1011 2633 1046 2667 &
1072 2634 1154 2669 Glo-

260 2684 425 2719 riofiffimi
456 2682 613 2729 Magistri
629 2680 775 2717 militum
799 2682 940 2716 veniatis
970 2708 977 2716 .
1002 2682 1092 2718 Nam
1117 2685 1152 2718 &

263 2734 330 2778 ipse
352 2732 553 2779 Praeceptum
578 2731 702 2774 habet,
727 2741 765 2767 ut
788 2732 886 2767 nobis
907 2732 1072 2768 violentus
1083 2734 1153 2768 infi-

262 2783 327 2821 ssat
346 2782 388 2820 de
410 2783 461 2821 his
480 2784 553 2830 ipsis
564 2782 831 2828 importabilibus
856 2782 1151 2828 propositionibus,

265 2835 349 2870 Haec
382 2845 492 2872 autem
523 2834 699 2878 scripsimus
728 2843 783 2878 per
832 2832 1151 2870 Reverendiffimum

271 2884 503 2930 Presbyterum
515 2884 625 2920 Eliam
639 2909 646 2917 .
673 2887 821 2922 Omnem
833 2895 903 2928 quae
915 2892 1025 2920 tecum
1035 2885 1080 2922 est
1092 2885 1152 2924 fra-

267 2936 451 2972 ternitatem
461 2935 641 2983 plurimum
652 2935 830 2974 salutamus
839 2958 848 2973 .

462 3090 963 3140 δεΗοιῐοΝ.

367 3231 396 3264 Ε
420 3234 576 3275 praesentis
594 3233 747 3277 Epistolae
769 3234 906 3270 materia
927 3233 1038 3269 scribit
1055 3234 1151 3270 Libe·

392 3290 478 3315 ratus
502 3282 673 3317 Diaconus
694 3309 700 3315 .
727 3284 881 3319 Affirmat
904 3283 1150 3321 Maximianum

272 3341 411 3376 quatuor
439 3330 511 3375 post
539 3331 687 3365 Nestorii
717 3333 965 3370 damnationem
991 3334 1150 3371 mensibus

272 3381 364 3419 ,fuisse
382 3382 606 3419 consecratum
629 3380 920 3430 Constantinopoli
941 3408 953 3427 ,
975 3385 1010 3422 &
1036 3387 1149 3431 prose-

1016 407 1178 465 ἐρ’-138

721 196 1054 248 {santonum
1089 197 1343 243 Parnon
1378 196 1718 263 Errsro'tas

1251 282 1364 327 quitur
1374 295 1386 316 .-
1412 285 1478 323 Post
1493 287 1647 326 paululum
1665 291 1868 326 verovidens
1887 294 2058 335 Imperator·
2069 296 2123 331 cj-

1245 334 1306 367 rilli
1320 334 1683 379 &Joannispermanfiffe
1695 338 1887 384 discordiam,
1912 343 2122 377 intolerabilem

1237 383 1399 425 judicabat
1420 396 1516 419 eorum
1541 385 1751 429 diffenfionem‚
1777 391 1931 426 &vocans
1940 403 2011 428 tunc
2028 395 2073 427 ad
2087 392 2123 437 se

1243 435 1463 469 Maximianum
1486 435 1664 480 Episcopum
1683 463 1695 478 ‚
1722 439 1757 471 ὁ·
1782 440 1855 472 alios
1885 444 2030 483 plurimos
2050 453 2120 478 tunc

1242 485 1493 529 constantinopoli
1513 495 1641 530 repertos
1657 486 1819 532 Episcopos
1831 513 1843 530 ,
1867 494 2003 532 qupmodo
2011 494 2121 528 tollere-

1241 543 1293 568 tur
1314 534 1508 579 Ecclefiarum
1528 537 1653 581 diffenfio
1673 562 1685 578 ,
1709 539 1855 583 cogitabat
1879 565 1886 571 .
1913 544 1954 574 At
1970 543 2016 578 1111
2030 545 2121 581 >dixe-

1240 593 1313 618 runt
1323 610 1336 626 ,
1361 591 1433 629 quia
1454 599 1513 622 non
1534 590 1622 622 aliter
1640 588 1692 622 boc
1703 591 1881 639 fiesipoffit‚
1908 589 1964 633 nifi
1967 596 2056 636 prius
2065 597 2122 628 ire-

1239 644 1313 676 tur,
1340 638 1577 680 &pra-ferretur
1590 645 1679 673 unius
1686 639 1761 682 fidei
1777 642 1952 682 vinculum,
1977 643 2014 676 (ct
2014 645 2049 687 J
2050 653 2121 676 onte-

1239 696 1293 718 nes
1315 687 1510 722 antiochenus
1536 688 1702 734 Episcopus
1722 689 1992 726 anathematizaret
2017 692 2118 733 Nesto·

1237 740 1336 776 rium,
1362 738 1398 771 &
1419 738 1553 781 improba
1574 742 1640 782 ejus
1654 742 1817 785 ·dogmata.
1844 745 1892 774 Et
1907 741 2014 788 gaviso
2024 743 2120 777 valde

1229 783 1320 828 super
1329 785 1380 820 boc
1389 791 1571 830 Imperatore
1580 814 1592 831 ,
1619 791 1717 834 miffus
1738 791 1775 834 est
1788 791 1840 826 boc
1851 790 1948 836 ipsum
1955 804 2041 837 agere
2052 796 2119 827 Ari-

1229 835 1337 876 stolaus
1350 838 1498 873 Tribunus
1509 864 1520 881 ‚
1546 841 1668 873 sacram
1690 844 1842 884 Principis
1853 842 1990 884 defhrens
1993 846 2027 888 J
2028 848 2119 877 oanni

1223 888 1268 927 ⁴<it
1290 888 1395 926 Cyrillo
1411 913 1422 929 ,
1447 895 1480 922 in
1501 900 1561 931 qua
1580 896 1777 927 comminatus
1796 892 1834 933 est
1854 898 1972 935 utrique
1982 897 2119 927 Nicoma*

1232 937 1316 970 diam
1326 939 1449 972 exilium
1465 964 1477 979 ‚
1503 938 1560 982 nist
1560 948 1665 982 pacem
1676 941 1818 976 baberent
1827 944 1871 975 ad
1879 948 2005 977 invicem
2015 967 2025 977 .
2052 943 2117 977 Ista

1230 986 1275 1020 est
1299 989 1439 1025 secunda
1458 989 1660 1026 Maximiani
1678 991 2117 1036 constantinopolitana-sy-

1229 1036 1366 1073 noduse.
1385 1039 1542 1075 Adunata
1554 1082 1556 1085 .
1567 1052 1610 1075 ex
1633 1041 1805 1085 Episcopis
1821 1051 1902 1075 tunc
1913 1042 1993 1075 illuc
2006 1042 2117 1086 Adveq

1230 1086 1280 1120 nis
1300 1087 1432 1123 obsalia
1450 1090 1604 1134 negotia.
1630 1090 1732 1125 Tales
1755 1102 1896 1135 namque
1907 1091 2036 1134 synodi
2047 1092 2117 1126 fue-

1227 1146 1304 1170 runt
1326 1137 1501 1172 familiares
1523 1149 1592 1172 non
1614 1138 1824 1174 solummodo
1843 1142 1969 1175 cunetis
1979 1140 2118 1176 Patrinr-

1227 1184 1296 1220 chis
1306 1210 1317 1226 ,
1345 1186 1398 1222 sed
1409 1188 1509 1222 etiam
1523 1187 1688 1223 Romanis
1702 1189 1922 1225 Pontificibus
1932 1215 1939 1222 .
1966 1189 2023 1231 Est
2032 1191 2116 1227 sa&

1224 1246 1265 1269 ex
1277 1236 1360 1278 juffu
1371 1237 1534 1281 Principis
1546 1260 1554 1268 .
1580 1239 1624 1273 Et
1636 1239 1797 1274 conclusit
1806 1264 1820 1282 ,
1844 1251 1883 1275 ac
1893 1239 2001 1275 eidem
2022 1239 2116 1276 Priu-

1224 1286 1290 1331 cipi
1315 1287 1468 1331 suggessit
1493 1287 1587 1323 istam
1611 1300 1724 1333 pacem
1745 1291 1816 1325 fieri
1837 1301 1906 1324 non
1918 1291 2028 1334 poss'e,
2054 1291 2114 1324 nisi

1224 1335 1598 1378 JoannesAntiocbenus
1608 1339 1725 1381 acejus
1738 1339 1892 1383 Episcopi
1903 1340 2114 1379 admitterem

1223 1385 1307 1419 duos
1318 1387 1466 1429 praefatos
1479 1384 1653 1421 articulo&
1680 1387 1823 1434 Rropter
1829 1389 1913 1431 ipsos
1931 1388 2020 1423 enim
2029 1391 2116 1434 gras-

1223 1435 1353 1471 sabatur
1365 1438 1503 1480 praesens
1527 1436 1696 1472 discordiae
1707 1434 1895 1473 scandalum
1907 1463 1915 1471 .

1274 1487 1317 1520 Et
1329 1486 1500 1521 consilium
1511 1486 1656 1531 Principi
1678 1487 1800 1532 placuit
1811 1514 1819 1522 .
1846 1488 1980 1523 Etenim
1994 1488 2114 1524 Nesto-

1222 1536 1261 1570 rii
1286 1535 1566 1578 damnationem,
1594 1538 1628 1571 δε
1653 1540 1767 1573 omnia
1793 1537 1963 1582 Ephesmae
1982 1539 2114 1583 Synodi

1220 1595 1336 1621 contra
1358 1587 1463 1629 ipsum
1486 1598 1525 1621 ac
1550 1587 1619 1630 ejus
1641 1599 1763 1623 errores
1784 1589 1926 1623 Decreta
1946 1589 2012 1634 jam
2042 1590 2112 1633 pri..

1220 1636 1296 1670 dem
1320 1637 1583 1671 confirmaverat.
1611 1637 1691 1681 Ejus
1711 1638 1805 1673 Sacra
1825 1638 1924 1681 Juffio
1945 1637 2052 1673 exstat
2070 1638 2109 1672 in

1219 1686 1311 1722 tertia
1323 1697 1413 1730 parte
1425 1684 1578 1730 Ephefini
1593 1687 1739 1722 Concilii
1749 1713 1762 1728 ‚
1786 1687 1909 1722 habens
1921 1687 2012 1723 hunc
2029 1689 2110 1723 titu-

1218 1787 1298 1819 laum
1319 1787 1481 1820 Tribunum
1503 1789 1537 1821 (τ
1556 1792 1719 1822 Notarium
1730 1789 1820 1832 miffae
1831 1789 1877 1822 ad
1877 1792 1910 1833 J
1912 1799 2035 1822 oannem
2046 1792 2108 1822 Att-

1218 1834 1382 1869 tiocbenum
1402 1835 1581 1879 Episcopum
1600 1862 1611 1878 ,
1637 1840 1675 1871 de
1709 1839 1886 1871 scenitarum
1914 1838 2108 1880 Ecclefiaerum

1214 1894 1289 1927 pace
1311 1897 1346 1919 ac
1367 1892 1472 1920 unione
1494 1886 1707 1926 constituenda.
1736 1888 1825 1921 Cum
1846 1886 1962 1932 grandi
1983 1887 2109 1923 doloris

1219 1936 1309 1972 sensu
1322 1937 1518 1970 lamentatur
1529 1935 1614 1970 hanc
1637 1938 1722 1971 inter
1735 1937 1954 1973 orthodoxos
1963 1938 2108 1981 ejusdem

1218 1985 1295 2019 fidei
1317 1985 1499 2030 Episcopos
1521 1986 1738 2027 discordiam,
1765 1987 1916 2031 &pergit
1933 2001 1944 2020 .·
1970 1990 2110 2031 ¹Quapro-

1212 2041 1283 2074 pter
1295 2034 1386 2074 huJ’us
1397 2042 1477 2067 tanti
1489 2037 1562 2067 mali
1571 2042 1685 2069 exitum
1697 2038 1766 2070 inde
1776 2041 1912 2071 invenire
1920 2035 2081 2079 sperantes
2093 2063 2106 2079 ‚

1216 2083 1296 2115 unde
1323 2088 1464 2126 originem
1486 2090 1608 2124 traxit,
1635 2088 1776 2126 enixeque
1802 2098 1837 2119 ac
1857 2089 2013 2129 diligenter
2034 2113 2045 2129 ,
2070 2097 2106 2122 ut

1216 2130 1268 2165 hoc
1287 2132 1458 2174 conficiatur
1483 2141 1640 2175 curantes,
1668 2145 1704 2168 ne
1726 2134 1777 2168 boc
1787 2142 1982 2169 contentionis
1994 2143 2105 2173 vitium

1216 2182 1309 2215 latius
1325 2180 1431 2224 serpat
1445 2206 1457 2222 ,
1482 2183 1603 2216 celebris
1623 2183 1715 2224 hujus
1736 2190 1872 2218 civitatis
1884 2185 2028 2228 Episcopo
2037 2190 2106 2221 Ma·

1218 2237 1351 2265 ximiano
1370 2256 1381 2273 ,
1407 2230 1574 2274 caeterisque
1597 2232 1732 2266 omnibus
1755 2258 1767 2274 ,
1792 2240 1847 2276 qui
1865 2241 1900 2268 m
1921 2246 1957 2269 ea
1965 2241 2105 2280 comperti

1213 2280 1310 2325 sunt,
1335 2282 1451 2316 Sanc‘lis
1476 2281 1633 2326 Epist-opis
1649 2307 1661 2323 ,
1687 2284 1871 2328 &universo
1893 2286 2007 2319 illorum
2016 2288 2105 2321 clero

1217 2338 1249 2365 in
1260 2332 1385 2366 eandem
1395 2357 1405 2373 ‚
1421 2343 1456 2366 ac
1465 2344 1517 2366 nos
1539 2357 1550 2372 ,
1570 2331 1752 2375 sententiam
1765 2335 2032 2376 convenientibus,
2058 2337 2106 2369 ad

1218 2381 1394 2416 orthodoxa
1422 2381 1494 2424 fidet
1519 2383 1650 2415 membra
1670 2407 1682 2423 ,
1709 2395 1776 2425 quae
1802 2395 1873 2418 ante
1897 2385 1968 2418 bene
1987 2392 2101 2427 unita,

1218 2431 1344 2473 infelicis
1355 2429 1436 2474 casias
1447 2437 1619 2465 interventu
1636 2431 1743 2475 misere
1755 2432 1877 2477 divulsa
1882 2433 1957 2477 sune
1968 2459 1980 2475 ,
2005 2437 2101 2469 denuo

1217 2483 1447 2532 conglutinanda
1459 2505 1471 2522 ‚
1496 2480 1573 2515 illud
1587 2484 1777 2523 providimus
1791 2508 1803 2524 ,
1828 2495 1862 2518 ut
1875 2495 1928 2518 vos
1939 2509 1951 2524 ,
1976 2483 2027 2517 boe
2037 2486 2077 2526 est
2087 2510 2100 2527 ‚

1217 2536 1261 2566 Tu
1284 2533 1318 2566 (⁴2⁹
1331 2535 1359 2565 C
1358 2532 1482 2570 mlius,
1510 2531 1740 2574 Religiqst'ffimus
1764 2534 1959 2567 Alexandria·
1979 2534 2102 2578 Episco-

1213 2591 1273 2624 pus
1285 2605 1298 2622 ,
1324 2586 1402 2614 inter
1413 2591 1467 2612 vos
1475 2584 1702 2621 convenientes,
1728 2587 1807 2614 omni
1828 2582 1976 2625 simultate
1995 2585 2098 2617 &mo-

1214 2631 1286 2672 lesta
1307 2634 1508 2668 contentione,
1535 2639 1601 2670 quae
1622 2635 1703 2663 inter
1719 2642 1774 2664 vos
1794 2632 1921 2672 exarst‘t‚
1946 2632 2096 2675 depofita,

1216 2683 1260 2715 ad
1277 2678 1436 2722 pristinam
1458 2680 1640 2712 concordiam
1658 2681 1800 2714 rediretis
1823 2695 1835 2715 :
1860 2685 1937 2716 Cum
1950 2684 2094 2724 praedit‘li

1218 2731 1336 2771 Piifflmi
1360 2726 1498 2771 Episcopi
1518 2726 1699 2773 sponderent
1710 2754 1723 2770 ,
1740 2730 1908 2771 fiNestorii
1928 2732 2094 2775 depofitioni

1211 2778 1423 2825 subscriberes,
1451 2776 1583 2821 illiusque
1606 2779 1771 2815 doc‘Zrinam
1792 2782 2094 2824 anathematizans,

1209 2831 1278 2874 fore
1287 2840 1324 2865 ut
1335 2833 1430 2863 omnis
1454 2829 1658 2863 altercationis
1671 2836 1800 2864 materia
1810 2843 1879 2865 mox
1903 2835 1921 2866 e
1929 2834 2024 2873 medio
2031 2834 2095 2867 tol—2

1215 2884 1321 2922 leretur
1333 2903 1345 2920 ‚
1370 2876 1548 2922 Cyrtllusque
1555 2880 1748 2920 sanfflffimus
1761 2882 1955 2916 Alexandria.»
1972 2882 2093 2926 Epist-o-

1213 2941 1271 2976 ραι
1284 2941 1347 2965 cum
1362 2928 1429 2973 suis
1439 2953 1452 2969 ‚
1479 2930 1514 2967 <w
1528 2931 1549 2962 5
1550 2929 1722 2971 anchffimus
1733 2930 1894 2972 celestinus
1913 2943 2023 2976 quoque
2027 2934 2095 2977 glo.

1215 2979 1298 3026 riosae
1307 2983 1410 3014 Romae
1421 2977 1584 3022 Episcopus
1594 3005 1606 3022 ,
1630 2992 1665 3015 ac
1676 2983 1783 3024 reliqui
1800 2993 1919 3024 omnes,
1949 2990 2091 3027 quotquot

1213 3033 1319 3076 ubique
1336 3028 1408 3074 sunt
1428 3028 1608 3064 orthodoxae
1625 3030 1699 3073 fidei
1721 3032 1891 3066 sacerdotes
1912 3057 1924 3074 ,
1947 3043 2012 3065 cum
2033 3042 2090 3069 tua

1217 3086 1332 3121 Pietate
1341 3082 1387 3114 ad
1396 3085 1622 3115 communionem
1642 3083 1796 3123 redirent,
1821 3088 1926 3124 ceteris
1949 3086 2045 3124 veru,
2060 3080 2092 3126 fi

1215 3145 1275 3178 qua
1290 3131 1376 3175 forte
1405 3137 1493 3163 erunt
1520 3155 1532 3171 ,
1557 3142 1615 3174 que
1635 3133 1869 3167 emendationem
1901 3132 2090 3176 desiderent,

1205 3183 1302 3227 facile
1320 3192 1387 3216 eam
1413 3179 1587 3223 solutionem
1603 3180 1785 3225 suscepturis
1805 3208 1818 3224 ‚
1843 3193 1934 3226 quam
1958 3194 2015 3216 vos
2034 3181 2094 3226 ipss*

1212 3233 1365 3277 neceffario
1385 3228 1564 3273 resumentes
1588 3255 1600 3271 ,
1636 3233 1671 3266 (rt
1685 3231 1775 3274 simul
1796 3234 1860 3267 illis
1877 3238 2031 3274 privatim
2051 3233 2087 3270 Θ

1213 3287 1402 3318 communiter
1421 3280 1557 3314 omnibus
1565 3279 1781 3325 persuadentes
1792 3306 1805 3323 ‚
1829 3282 1981 3323 afferetis.
2010 3286 2086 3316 Cum

1213 3340 1312 3378 itaque
1321 3331 1375 3366 boc
1385 3330 1513 3371 nostrum
1526 3332 1579 3374 effe
1582 3331 1712 3373 studium
1739 3334 1773 3366 ὀ·
1783 3329 1926 3372 confilium
1937 3343 1994 3365 non
2005 3336 2084 3374 igm-

1208 3396 1256 3420 m
1276 3408 1290 3427 ,
1314 3380 1451 3418 omnibus
1477 3381 1548 3416 aliis
1571 3386 1650 3417 curis
1665 3381 1842 3428 posthabitis
1866 3388 1900 3415 in
1917 3381 2086 3462 borbonum

1876 3435 1974 3467 tntum
1994 3439 2009 3462 e
2021 3452 2035 3474 2

2133 674 2207 713 Cap.
2225 677 2254 703 8.

1221 1737 1289 1770 lum
1314 1751 1324 1770 .·
1351 1738 1536 1779 Exemplum
1557 1739 1657 1772 sacrae
1683 1741 1903 1781 Imperatoriae,
1926 1746 1984 1780 per
2004 1737 2108 1778 Arsso·
2125 1737 2199 1776 Cap.
2216 1747 2266 1774 ²4·
