<?xml version="1.0" encoding="UTF-8"?>
<!DOCTYPE html PUBLIC "-//W3C//DTD XHTML 1.0 Transitional//EN"
    "http://www.w3.org/TR/xhtml1/DTD/xhtml1-transitional.dtd">
<html xmlns="http://www.w3.org/1999/xhtml" xml:lang="en" lang="en">
 <head>
  <title>
</title>
<meta http-equiv="Content-Type" content="text/html;charset=utf-8" />
  <meta name='ocr-system' content='tesseract 3.04.00' />
  <meta name='ocr-capabilities' content='ocr_page ocr_carea ocr_par ocr_line ocrx_word'/>
</head>
<body>
  <div class='ocr_page' id='page_1' title='image "./operaomniastudio07lupuuoft_0377.png"; bbox 0 0 2320 3730; ppageno 0'>
   <div class='ocr_carea' id='block_1_1' title="bbox 66 1876 201 1917">
    <p class='ocr_par' dir='ltr' id='par_1_1' title="bbox 66 1876 201 1917">
     <span class='ocr_line' id='line_1_1' title="bbox 66 1876 201 1917; baseline 0.007 -7"><span class='ocrx_word' id='word_1_1' title='bbox 66 1876 136 1911; x_wconf 85' lang='lat' dir='ltr'>Esai.</span> <span class='ocrx_word' id='word_1_2' title='bbox 154 1887 201 1917; x_wconf 81' lang='lat'>50·</span> 
     </span>
    </p>
   </div>
   <div class='ocr_carea' id='block_1_2' title="bbox 44 2817 201 2851">
    <p class='ocr_par' dir='ltr' id='par_1_2' title="bbox 44 2817 201 2851">
     <span class='ocr_line' id='line_1_2' title="bbox 44 2817 201 2851; baseline -0.006 0"><span class='ocrx_word' id='word_1_3' title='bbox 44 2817 201 2851; x_wconf 81' lang='lat' dir='ltr'>Psalm.68-</span> 
     </span>
    </p>
   </div>
   <div class='ocr_carea' id='block_1_3' title="bbox 906 173 1386 219">
    <p class='ocr_par' dir='ltr' id='par_1_3' title="bbox 906 173 1386 219">
     <span class='ocr_line' id='line_1_3' title="bbox 906 173 1386 219; baseline -0.01 0"><span class='ocrx_word' id='word_1_4' title='bbox 906 173 1386 219; x_wconf 72' lang='lat' dir='ltr'>E1›1s·rotAE.</span> 
     </span>
    </p>
   </div>
   <div class='ocr_carea' id='block_1_4' title="bbox 415 331 1108 385">
    <p class='ocr_par' dir='ltr' id='par_1_4' title="bbox 415 331 1108 385">
     <span class='ocr_line' id='line_1_4' title="bbox 415 331 1108 385; baseline -0.007 -4"><span class='ocrx_word' id='word_1_5' title='bbox 415 331 679 382; x_wconf 90' lang='lat' dir='ltr'><strong>CAPUT</strong></span> <span class='ocrx_word' id='word_1_6' title='bbox 711 332 900 381; x_wconf 87' lang='lat' dir='ltr'><strong>CCVII.</strong></span> <span class='ocrx_word' id='word_1_7' title='bbox 963 339 1108 385; x_wconf 83' lang='lat'>--296</span> 
     </span>
    </p>
   </div>
   <div class='ocr_carea' id='block_1_5' title="bbox 295 466 1036 542">
    <p class='ocr_par' dir='ltr' id='par_1_5' title="bbox 295 466 1036 542">
     <span class='ocr_line' id='line_1_5' title="bbox 295 466 1036 542; baseline -0.009 -21"><span class='ocrx_word' id='word_1_8' title='bbox 295 468 466 539; x_wconf 74' lang='lat' dir='ltr'>Epssola</span> <span class='ocrx_word' id='word_1_9' title='bbox 488 467 649 542; x_wconf 63' lang='lat' dir='ltr'>ejusdem</span> <span class='ocrx_word' id='word_1_10' title='bbox 674 474 818 526; x_wconf 80' lang='lat' dir='ltr'>Joamzt&#39;</span> <span class='ocrx_word' id='word_1_11' title='bbox 851 466 1036 539; x_wconf 66' lang='lat' dir='ltr'>Epfiopo</span> 
     </span>
    </p>
   </div>
   <div class='ocr_carea' id='block_1_6' title="bbox 546 539 791 590">
    <p class='ocr_par' dir='ltr' id='par_1_6' title="bbox 546 539 791 590">
     <span class='ocr_line' id='line_1_6' title="bbox 546 539 791 590; baseline 0 0"><span class='ocrx_word' id='word_1_12' title='bbox 546 539 768 590; x_wconf 77' lang='lat' dir='ltr'><em>Antiocheno</em></span> <span class='ocrx_word' id='word_1_13' title='bbox 777 577 791 590; x_wconf 88' lang='lat'><strong>.</strong></span> 
     </span>
    </p>
   </div>
   <div class='ocr_carea' id='block_1_7' title="bbox 221 657 1116 1904">
    <p class='ocr_par' dir='ltr' id='par_1_7' title="bbox 314 657 1110 701">
     <span class='ocr_line' id='line_1_7' title="bbox 314 657 1110 701; baseline -0.004 -7"><span class='ocrx_word' id='word_1_14' title='bbox 314 661 427 695; x_wconf 83' lang='lat' dir='ltr'>ltteras</span> <span class='ocrx_word' id='word_1_15' title='bbox 447 661 467 695; x_wconf 73' lang='grc' dir='ltr'>ὲ</span> <span class='ocrx_word' id='word_1_16' title='bbox 488 671 544 696; x_wconf 84' lang='lat' dir='ltr'>tua</span> <span class='ocrx_word' id='word_1_17' title='bbox 567 660 771 696; x_wconf 67' lang='lat' dir='ltr'>Perfestione</span> <span class='ocrx_word' id='word_1_18' title='bbox 792 658 986 694; x_wconf 68' lang='lat' dir='ltr'>transmissas</span> <span class='ocrx_word' id='word_1_19' title='bbox 1010 682 1021 699; x_wconf 93' lang='lat'>,</span> <span class='ocrx_word' id='word_1_20' title='bbox 1048 657 1110 701; x_wconf 90' lang='lat' dir='ltr'>ple-</span> 
     </span>
    </p>

    <p class='ocr_par' dir='ltr' id='par_1_8' title="bbox 221 706 1116 1904">
     <span class='ocr_line' id='line_1_8' title="bbox 340 706 1111 753; baseline -0.003 -10"><span class='ocrx_word' id='word_1_21' title='bbox 340 722 396 744; x_wconf 87' lang='lat' dir='ltr'>nas</span> <span class='ocrx_word' id='word_1_22' title='bbox 423 710 596 747; x_wconf 84' lang='lat' dir='ltr'>festivitate</span> <span class='ocrx_word' id='word_1_23' title='bbox 627 712 730 746; x_wconf 85' lang='lat' dir='ltr'>multa</span> <span class='ocrx_word' id='word_1_24' title='bbox 752 736 766 753; x_wconf 83' lang='lat'>‚</span> <span class='ocrx_word' id='word_1_25' title='bbox 800 711 900 745; x_wconf 89' lang='lat' dir='ltr'>etiam</span> <span class='ocrx_word' id='word_1_26' title='bbox 928 706 1111 744; x_wconf 71' lang='lat' dir='ltr'>suaviffime</span> 
     </span>
     <span class='ocr_line' id='line_1_9' title="bbox 229 756 1110 809; baseline -0.003 -15"><span class='ocrx_word' id='word_1_27' title='bbox 229 771 320 795; x_wconf 84' lang='lat' dir='ltr'>nunc</span> <span class='ocrx_word' id='word_1_28' title='bbox 333 761 474 804; x_wconf 86' lang='lat' dir='ltr'>suscepi.</span> <span class='ocrx_word' id='word_1_29' title='bbox 500 760 599 809; x_wconf 85' lang='lat' dir='ltr'>Qod</span> <span class='ocrx_word' id='word_1_30' title='bbox 613 763 701 796; x_wconf 88' lang='lat' dir='ltr'>enim</span> <span class='ocrx_word' id='word_1_31' title='bbox 715 761 841 796; x_wconf 89' lang='lat' dir='ltr'>bonum</span> <span class='ocrx_word' id='word_1_32' title='bbox 857 785 868 801; x_wconf 94' lang='lat'>,</span> <span class='ocrx_word' id='word_1_33' title='bbox 893 770 948 794; x_wconf 91' lang='lat' dir='ltr'>aut</span> <span class='ocrx_word' id='word_1_34' title='bbox 965 759 1044 802; x_wconf 87' lang='lat' dir='ltr'>quid</span> <span class='ocrx_word' id='word_1_35' title='bbox 1056 756 1110 799; x_wconf 82' lang='lat' dir='ltr'>ju-</span> 
     </span>
     <span class='ocr_line' id='line_1_10' title="bbox 228 808 1110 850; baseline -0.003 -5"><span class='ocrx_word' id='word_1_36' title='bbox 228 811 376 845; x_wconf 88' lang='lat' dir='ltr'>cundum</span> <span class='ocrx_word' id='word_1_37' title='bbox 396 835 408 850; x_wconf 88' lang='lat'>,</span> <span class='ocrx_word' id='word_1_38' title='bbox 435 811 494 844; x_wconf 87' lang='lat' dir='ltr'>nifi</span> <span class='ocrx_word' id='word_1_39' title='bbox 517 810 661 846; x_wconf 87' lang='lat' dir='ltr'>habitare</span> <span class='ocrx_word' id='word_1_40' title='bbox 684 813 795 846; x_wconf 86' lang='lat' dir='ltr'>fratres</span> <span class='ocrx_word' id='word_1_41' title='bbox 816 812 849 844; x_wconf 89' lang='lat' dir='ltr'>in</span> <span class='ocrx_word' id='word_1_42' title='bbox 876 820 980 844; x_wconf 90' lang='lat' dir='ltr'>unum</span> <span class='ocrx_word' id='word_1_43' title='bbox 1008 810 1021 842; x_wconf 85' lang='lat'><strong>?</strong></span> <span class='ocrx_word' id='word_1_44' title='bbox 1048 808 1110 842; x_wconf 81' lang='lat' dir='ltr'>Per</span> 
     </span>
     <span class='ocr_line' id='line_1_11' title="bbox 229 858 1108 896; baseline -0.002 -4"><span class='ocrx_word' id='word_1_45' title='bbox 229 861 484 894; x_wconf 80' lang='lat' dir='ltr'>unanimitatem</span> <span class='ocrx_word' id='word_1_46' title='bbox 506 859 688 896; x_wconf 87' lang='lat' dir='ltr'>&amp;eandem</span> <span class='ocrx_word' id='word_1_47' title='bbox 710 862 795 896; x_wconf 81' lang='lat' dir='ltr'>circa</span> <span class='ocrx_word' id='word_1_48' title='bbox 807 860 975 895; x_wconf 89' lang='lat' dir='ltr'>Christum</span> <span class='ocrx_word' id='word_1_49' title='bbox 997 858 1108 892; x_wconf 88' lang='lat' dir='ltr'>volun-</span> 
     </span>
     <span class='ocr_line' id='line_1_12' title="bbox 228 907 1110 955; baseline 0.005 -11"><span class='ocrx_word' id='word_1_50' title='bbox 228 919 330 944; x_wconf 82' lang='lat' dir='ltr'>tatem</span> <span class='ocrx_word' id='word_1_51' title='bbox 353 908 388 942; x_wconf 88' lang='lat' dir='ltr'>in</span> <span class='ocrx_word' id='word_1_52' title='bbox 400 908 558 945; x_wconf 82' lang='lat' dir='ltr'>charitate</span> <span class='ocrx_word' id='word_1_53' title='bbox 567 913 759 955; x_wconf 69' lang='lat' dir='ltr'>conjunctos</span> <span class='ocrx_word' id='word_1_54' title='bbox 777 910 818 945; x_wconf 90' lang='lat' dir='ltr'>ad</span> <span class='ocrx_word' id='word_1_55' title='bbox 833 910 973 944; x_wconf 89' lang='lat' dir='ltr'>invicem</span> <span class='ocrx_word' id='word_1_56' title='bbox 987 931 998 947; x_wconf 72' lang='lat'>2</span> <span class='ocrx_word' id='word_1_57' title='bbox 1023 907 1110 940; x_wconf 65' lang='lat' dir='ltr'>dim·</span> 
     </span>
     <span class='ocr_line' id='line_1_13' title="bbox 226 955 1110 1005; baseline -0.002 -13"><span class='ocrx_word' id='word_1_58' title='bbox 226 959 293 1002; x_wconf 80' lang='lat' dir='ltr'>ptis</span> <span class='ocrx_word' id='word_1_59' title='bbox 311 958 329 992; x_wconf 79' lang='lat' dir='ltr'>e</span> <span class='ocrx_word' id='word_1_60' title='bbox 351 959 463 995; x_wconf 86' lang='lat' dir='ltr'>medio</span> <span class='ocrx_word' id='word_1_61' title='bbox 477 961 635 996; x_wconf 84' lang='lat' dir='ltr'>scandalis</span> <span class='ocrx_word' id='word_1_62' title='bbox 647 986 658 1001; x_wconf 90' lang='lat'>,</span> <span class='ocrx_word' id='word_1_63' title='bbox 684 974 754 1005; x_wconf 84' lang='lat' dir='ltr'>quae</span> <span class='ocrx_word' id='word_1_64' title='bbox 768 961 878 995; x_wconf 86' lang='lat' dir='ltr'>nescio</span> <span class='ocrx_word' id='word_1_65' title='bbox 892 958 1029 1002; x_wconf 80' lang='lat' dir='ltr'>qualiter</span> <span class='ocrx_word' id='word_1_66' title='bbox 1043 955 1110 990; x_wconf 87' lang='lat' dir='ltr'>sub-</span> 
     </span>
     <span class='ocr_line' id='line_1_14' title="bbox 227 1008 1108 1054; baseline 0.001 -13"><span class='ocrx_word' id='word_1_67' title='bbox 227 1008 412 1043; x_wconf 66' lang='lat' dir='ltr'>introducta</span> <span class='ocrx_word' id='word_1_68' title='bbox 425 1010 499 1044; x_wconf 88' lang='lat' dir='ltr'>sunt</span> <span class='ocrx_word' id='word_1_69' title='bbox 512 1034 523 1049; x_wconf 94' lang='lat'>,</span> <span class='ocrx_word' id='word_1_70' title='bbox 548 1022 621 1052; x_wconf 84' lang='lat' dir='ltr'>quae</span> <span class='ocrx_word' id='word_1_71' title='bbox 631 1011 735 1054; x_wconf 75' lang='lat' dir='ltr'>gratia</span> <span class='ocrx_word' id='word_1_72' title='bbox 750 1009 927 1044; x_wconf 80' lang='lat' dir='ltr'>salvatoris</span> <span class='ocrx_word' id='word_1_73' title='bbox 949 1019 1004 1051; x_wconf 88' lang='lat' dir='ltr'>per</span> <span class='ocrx_word' id='word_1_74' title='bbox 1017 1016 1108 1042; x_wconf 86' lang='lat' dir='ltr'>tuam</span> 
     </span>
     <span class='ocr_line' id='line_1_15' title="bbox 227 1057 1110 1103; baseline 0.001 -14"><span class='ocrx_word' id='word_1_75' title='bbox 227 1058 439 1093; x_wconf 61' lang='lat' dir='ltr'>sanctitatem</span> <span class='ocrx_word' id='word_1_76' title='bbox 462 1069 623 1102; x_wconf 87' lang='lat' dir='ltr'>perempta</span> <span class='ocrx_word' id='word_1_77' title='bbox 645 1059 780 1103; x_wconf 86' lang='lat' dir='ltr'>quidem</span> <span class='ocrx_word' id='word_1_78' title='bbox 807 1059 880 1093; x_wconf 85' lang='lat' dir='ltr'>sunt</span> <span class='ocrx_word' id='word_1_79' title='bbox 900 1057 1005 1097; x_wconf 79' lang='lat' dir='ltr'>olim,</span> <span class='ocrx_word' id='word_1_80' title='bbox 1032 1057 1110 1100; x_wconf 85' lang='lat' dir='ltr'>peri-</span> 
     </span>
     <span class='ocr_line' id='line_1_16' title="bbox 227 1105 1110 1151; baseline 0 -11"><span class='ocrx_word' id='word_1_81' title='bbox 227 1115 360 1140; x_wconf 86' lang='lat' dir='ltr'>mentur</span> <span class='ocrx_word' id='word_1_82' title='bbox 385 1105 461 1140; x_wconf 77' lang='lat' dir='ltr'>veto</span> <span class='ocrx_word' id='word_1_83' title='bbox 482 1107 516 1140; x_wconf 73' lang='grc' dir='ltr'>ὅ(</span> <span class='ocrx_word' id='word_1_84' title='bbox 538 1108 571 1140; x_wconf 89' lang='lat' dir='ltr'>in</span> <span class='ocrx_word' id='word_1_85' title='bbox 593 1109 727 1151; x_wconf 83' lang='lat' dir='ltr'>reliquis</span> <span class='ocrx_word' id='word_1_86' title='bbox 745 1134 753 1142; x_wconf 86' lang='lat'>.</span> <span class='ocrx_word' id='word_1_87' title='bbox 783 1108 826 1141; x_wconf 86' lang='lat' dir='ltr'>Et</span> <span class='ocrx_word' id='word_1_88' title='bbox 850 1108 913 1141; x_wconf 90' lang='lat' dir='ltr'>hoc</span> <span class='ocrx_word' id='word_1_89' title='bbox 934 1107 979 1141; x_wconf 87' lang='lat' dir='ltr'>est</span> <span class='ocrx_word' id='word_1_90' title='bbox 995 1131 1005 1146; x_wconf 93' lang='lat'>,</span> <span class='ocrx_word' id='word_1_91' title='bbox 1030 1107 1110 1140; x_wconf 83' lang='lat' dir='ltr'>arbi-</span> 
     </span>
     <span class='ocr_line' id='line_1_17' title="bbox 226 1155 1111 1202; baseline 0.006 -14"><span class='ocrx_word' id='word_1_92' title='bbox 226 1165 313 1192; x_wconf 81' lang='lat' dir='ltr'>tror,</span> <span class='ocrx_word' id='word_1_93' title='bbox 339 1155 427 1197; x_wconf 90' lang='lat' dir='ltr'>quod</span> <span class='ocrx_word' id='word_1_94' title='bbox 448 1156 466 1189; x_wconf 74' lang='lat' dir='ltr'>a</span> <span class='ocrx_word' id='word_1_95' title='bbox 480 1156 556 1190; x_wconf 87' lang='lat' dir='ltr'>Deo</span> <span class='ocrx_word' id='word_1_96' title='bbox 577 1155 699 1192; x_wconf 75' lang='lat' dir='ltr'>distum</span> <span class='ocrx_word' id='word_1_97' title='bbox 722 1157 769 1192; x_wconf 83' lang='lat' dir='ltr'>est</span> <span class='ocrx_word' id='word_1_98' title='bbox 783 1168 863 1192; x_wconf 86' lang='lat' dir='ltr'>voce</span> <span class='ocrx_word' id='word_1_99' title='bbox 885 1155 1080 1202; x_wconf 75' lang='lat' dir='ltr'>prophetica</span> <span class='ocrx_word' id='word_1_100' title='bbox 1100 1170 1111 1193; x_wconf 80' lang='grc'>.“</span> 
     </span>
     <span class='ocr_line' id='line_1_18' title="bbox 227 1205 1110 1249; baseline 0.001 -10"><span class='ocrx_word' id='word_1_101' title='bbox 227 1205 382 1239; x_wconf 68' lang='lat' dir='ltr'>Ambulare</span> <span class='ocrx_word' id='word_1_102' title='bbox 397 1214 455 1247; x_wconf 81' lang='lat' dir='ltr'>per</span> <span class='ocrx_word' id='word_1_103' title='bbox 466 1214 574 1247; x_wconf 81' lang='lat' dir='ltr'>portas</span> <span class='ocrx_word' id='word_1_104' title='bbox 595 1219 700 1248; x_wconf 84' lang='lat' dir='ltr'>meas,</span> <span class='ocrx_word' id='word_1_105' title='bbox 727 1209 891 1249; x_wconf 68' lang='lat' dir='ltr'>&amp;lapides</span> <span class='ocrx_word' id='word_1_106' title='bbox 916 1219 954 1243; x_wconf 83' lang='lat' dir='ltr'>ex</span> <span class='ocrx_word' id='word_1_107' title='bbox 978 1207 1035 1242; x_wconf 82' lang='lat' dir='ltr'>hac</span> <span class='ocrx_word' id='word_1_108' title='bbox 1056 1215 1110 1241; x_wconf 71' lang='lat' dir='ltr'>via</span> 
     </span>
     <span class='ocr_line' id='line_1_19' title="bbox 221 1255 1112 1303; baseline 0.002 -16"><span class='ocrx_word' id='word_1_109' title='bbox 221 1257 361 1298; x_wconf 72' lang='lat' dir='ltr'>projicite</span> <span class='ocrx_word' id='word_1_110' title='bbox 373 1279 381 1286; x_wconf 91' lang='lat'><strong>.</strong></span> <span class='ocrx_word' id='word_1_111' title='bbox 408 1255 596 1302; x_wconf 83' lang='lat' dir='ltr'>Contingat</span> <span class='ocrx_word' id='word_1_112' title='bbox 608 1257 708 1302; x_wconf 87' lang='lat' dir='ltr'>igitur</span> <span class='ocrx_word' id='word_1_113' title='bbox 719 1267 754 1292; x_wconf 89' lang='lat' dir='ltr'>ut</span> <span class='ocrx_word' id='word_1_114' title='bbox 767 1258 873 1293; x_wconf 69' lang='lat' dir='ltr'>cuncti</span> <span class='ocrx_word' id='word_1_115' title='bbox 887 1282 897 1298; x_wconf 91' lang='lat'>,</span> <span class='ocrx_word' id='word_1_116' title='bbox 918 1268 988 1303; x_wconf 83' lang='lat' dir='ltr'>quae</span> <span class='ocrx_word' id='word_1_117' title='bbox 1001 1257 1112 1292; x_wconf 86' lang='lat' dir='ltr'>melio·</span> 
     </span>
     <span class='ocr_line' id='line_1_20' title="bbox 224 1303 1112 1348; baseline 0.006 -10"><span class='ocrx_word' id='word_1_118' title='bbox 224 1316 260 1339; x_wconf 82' lang='lat' dir='ltr'>ra</span> <span class='ocrx_word' id='word_1_119' title='bbox 273 1306 347 1339; x_wconf 89' lang='lat' dir='ltr'>sunt</span> <span class='ocrx_word' id='word_1_120' title='bbox 358 1303 576 1348; x_wconf 76' lang='lat' dir='ltr'>honorantes,</span> <span class='ocrx_word' id='word_1_121' title='bbox 605 1309 654 1341; x_wconf 83' lang='lat' dir='ltr'>vel</span> <span class='ocrx_word' id='word_1_122' title='bbox 678 1320 766 1343; x_wconf 89' lang='lat' dir='ltr'>nunc</span> <span class='ocrx_word' id='word_1_123' title='bbox 781 1308 913 1344; x_wconf 90' lang='lat' dir='ltr'>tandem</span> <span class='ocrx_word' id='word_1_124' title='bbox 931 1318 1044 1342; x_wconf 81' lang='lat' dir='ltr'>contra</span> <span class='ocrx_word' id='word_1_125' title='bbox 1061 1318 1112 1343; x_wconf 85' lang='lat' dir='ltr'>ve-</span> 
     </span>
     <span class='ocr_line' id='line_1_21' title="bbox 224 1355 1111 1400; baseline 0.003 -11"><span class='ocrx_word' id='word_1_126' title='bbox 224 1355 357 1389; x_wconf 78' lang='lat' dir='ltr'>ritatem</span> <span class='ocrx_word' id='word_1_127' title='bbox 380 1356 580 1391; x_wconf 82' lang='lat' dir='ltr'>contendere</span> <span class='ocrx_word' id='word_1_128' title='bbox 601 1357 766 1400; x_wconf 75' lang='lat' dir='ltr'>definam,</span> <span class='ocrx_word' id='word_1_129' title='bbox 795 1358 830 1393; x_wconf 85' lang='lat'>&amp;</span> <span class='ocrx_word' id='word_1_130' title='bbox 848 1357 975 1393; x_wconf 67' lang='lat' dir='ltr'>additia</span> <span class='ocrx_word' id='word_1_131' title='bbox 1001 1357 1111 1393; x_wconf 86' lang='lat' dir='ltr'>verbo·</span> 
     </span>
     <span class='ocr_line' id='line_1_22' title="bbox 224 1404 1112 1446; baseline 0.007 -9"><span class='ocrx_word' id='word_1_132' title='bbox 224 1404 318 1438; x_wconf 69' lang='lat' dir='ltr'>litate</span> <span class='ocrx_word' id='word_1_133' title='bbox 339 1404 485 1439; x_wconf 87' lang='lat' dir='ltr'>Nestorii</span> <span class='ocrx_word' id='word_1_134' title='bbox 509 1430 521 1446; x_wconf 93' lang='lat'><em>‚</em></span> <span class='ocrx_word' id='word_1_135' title='bbox 547 1408 669 1442; x_wconf 70' lang='lat' dir='ltr'>rectum</span> <span class='ocrx_word' id='word_1_136' title='bbox 693 1410 728 1445; x_wconf 87' lang='lat'>&amp;</span> <span class='ocrx_word' id='word_1_137' title='bbox 751 1409 1001 1444; x_wconf 82' lang='lat' dir='ltr'>immaculatum</span> <span class='ocrx_word' id='word_1_138' title='bbox 1029 1409 1112 1443; x_wconf 87' lang='lat' dir='ltr'>resu-</span> 
     </span>
     <span class='ocr_line' id='line_1_23' title="bbox 224 1453 1113 1503; baseline 0.006 -16"><span class='ocrx_word' id='word_1_139' title='bbox 224 1464 319 1488; x_wconf 84' lang='lat' dir='ltr'>mant</span> <span class='ocrx_word' id='word_1_140' title='bbox 338 1453 415 1488; x_wconf 90' lang='lat' dir='ltr'>fidei</span> <span class='ocrx_word' id='word_1_141' title='bbox 440 1456 573 1491; x_wconf 90' lang='lat' dir='ltr'>verbum</span> <span class='ocrx_word' id='word_1_142' title='bbox 587 1482 594 1491; x_wconf 93' lang='lat'>.</span> <span class='ocrx_word' id='word_1_143' title='bbox 624 1458 667 1492; x_wconf 90' lang='lat' dir='ltr'>Et</span> <span class='ocrx_word' id='word_1_144' title='bbox 682 1458 714 1492; x_wconf 87' lang='lat' dir='ltr'>hi</span> <span class='ocrx_word' id='word_1_145' title='bbox 727 1459 861 1503; x_wconf 89' lang='lat' dir='ltr'>quidem</span> <span class='ocrx_word' id='word_1_146' title='bbox 875 1483 887 1500; x_wconf 95' lang='lat'>,</span> <span class='ocrx_word' id='word_1_147' title='bbox 912 1459 969 1503; x_wconf 90' lang='lat' dir='ltr'>qui</span> <span class='ocrx_word' id='word_1_148' title='bbox 991 1457 1031 1493; x_wconf 83' lang='lat' dir='ltr'>ad</span> <span class='ocrx_word' id='word_1_149' title='bbox 1049 1458 1113 1493; x_wconf 86' lang='lat' dir='ltr'>hoc</span> 
     </span>
     <span class='ocr_line' id='line_1_24' title="bbox 224 1503 1113 1550; baseline 0.003 -12"><span class='ocrx_word' id='word_1_150' title='bbox 224 1503 310 1538; x_wconf 90' lang='lat' dir='ltr'>olim</span> <span class='ocrx_word' id='word_1_151' title='bbox 322 1505 431 1540; x_wconf 87' lang='lat' dir='ltr'>vocati</span> <span class='ocrx_word' id='word_1_152' title='bbox 452 1507 544 1546; x_wconf 88' lang='lat' dir='ltr'>sunt,</span> <span class='ocrx_word' id='word_1_153' title='bbox 573 1507 711 1550; x_wconf 84' lang='lat' dir='ltr'>plurima</span> <span class='ocrx_word' id='word_1_154' title='bbox 735 1508 828 1543; x_wconf 76' lang='lat' dir='ltr'>valde</span> <span class='ocrx_word' id='word_1_155' title='bbox 855 1521 934 1550; x_wconf 87' lang='lat' dir='ltr'>nos,</span> <span class='ocrx_word' id='word_1_156' title='bbox 961 1519 998 1545; x_wconf 89' lang='lat' dir='ltr'>ut</span> <span class='ocrx_word' id='word_1_157' title='bbox 1017 1509 1113 1549; x_wconf 81' lang='lat' dir='ltr'>dixi,</span> 
     </span>
     <span class='ocr_line' id='line_1_25' title="bbox 224 1553 1114 1598; baseline 0.004 -11"><span class='ocrx_word' id='word_1_158' title='bbox 224 1553 406 1588; x_wconf 85' lang='lat' dir='ltr'>festivitate</span> <span class='ocrx_word' id='word_1_159' title='bbox 419 1556 622 1598; x_wconf 85' lang='lat' dir='ltr'>repleverunt</span> <span class='ocrx_word' id='word_1_160' title='bbox 634 1583 641 1590; x_wconf 90' lang='lat'><strong><em>.</em></strong></span> <span class='ocrx_word' id='word_1_161' title='bbox 670 1561 736 1593; x_wconf 88' lang='lat' dir='ltr'>Det</span> <span class='ocrx_word' id='word_1_162' title='bbox 748 1558 825 1593; x_wconf 73' lang='lat' dir='ltr'>vero</span> <span class='ocrx_word' id='word_1_163' title='bbox 845 1558 997 1592; x_wconf 88' lang='lat' dir='ltr'>omnium</span> <span class='ocrx_word' id='word_1_164' title='bbox 1023 1560 1114 1593; x_wconf 85' lang='lat' dir='ltr'>Deus</span> 
     </span>
     <span class='ocr_line' id='line_1_26' title="bbox 225 1603 1114 1648; baseline 0.008 -13"><span class='ocrx_word' id='word_1_165' title='bbox 225 1611 290 1636; x_wconf 81' lang='lat' dir='ltr'>tuae</span> <span class='ocrx_word' id='word_1_166' title='bbox 322 1603 533 1639; x_wconf 70' lang='lat' dir='ltr'>perfeetionis</span> <span class='ocrx_word' id='word_1_167' title='bbox 558 1608 765 1642; x_wconf 87' lang='lat' dir='ltr'>orationibus</span> <span class='ocrx_word' id='word_1_168' title='bbox 797 1608 831 1643; x_wconf 86' lang='lat'>&amp;</span> <span class='ocrx_word' id='word_1_169' title='bbox 854 1608 1087 1643; x_wconf 82' lang='lat' dir='ltr'>educationem</span> <span class='ocrx_word' id='word_1_170' title='bbox 1104 1633 1114 1648; x_wconf 92' lang='lat'>,</span> 
     </span>
     <span class='ocr_line' id='line_1_27' title="bbox 227 1651 1113 1702; baseline 0.008 -18"><span class='ocrx_word' id='word_1_171' title='bbox 227 1651 387 1686; x_wconf 67' lang='lat' dir='ltr'>adductos</span> <span class='ocrx_word' id='word_1_172' title='bbox 407 1654 447 1687; x_wconf 88' lang='lat' dir='ltr'>ad</span> <span class='ocrx_word' id='word_1_173' title='bbox 469 1657 753 1692; x_wconf 88' lang='lat' dir='ltr'>mansuetudinem</span> <span class='ocrx_word' id='word_1_174' title='bbox 779 1668 891 1700; x_wconf 86' lang='lat' dir='ltr'>capere</span> <span class='ocrx_word' id='word_1_175' title='bbox 914 1659 1004 1693; x_wconf 82' lang='lat' dir='ltr'>noffe</span> <span class='ocrx_word' id='word_1_176' title='bbox 1025 1657 1113 1702; x_wconf 92' lang='lat' dir='ltr'>quod</span> 
     </span>
     <span class='ocr_line' id='line_1_28' title="bbox 231 1701 1115 1749; baseline 0.01 -15"><span class='ocrx_word' id='word_1_177' title='bbox 231 1701 315 1735; x_wconf 88' lang='lat' dir='ltr'>utile</span> <span class='ocrx_word' id='word_1_178' title='bbox 325 1702 388 1735; x_wconf 88' lang='lat' dir='ltr'>est.</span> <span class='ocrx_word' id='word_1_179' title='bbox 417 1703 539 1737; x_wconf 79' lang='lat' dir='ltr'>sivero</span> <span class='ocrx_word' id='word_1_180' title='bbox 551 1706 685 1749; x_wconf 84' lang='lat' dir='ltr'>quidam</span> <span class='ocrx_word' id='word_1_181' title='bbox 706 1709 784 1742; x_wconf 78' lang='lat' dir='ltr'>saeve</span> <span class='ocrx_word' id='word_1_182' title='bbox 794 1709 1026 1747; x_wconf 88' lang='lat' dir='ltr'>contendunt,</span> <span class='ocrx_word' id='word_1_183' title='bbox 1051 1709 1115 1742; x_wconf 90' lang='lat' dir='ltr'>Ec·</span> 
     </span>
     <span class='ocr_line' id='line_1_29' title="bbox 231 1751 1116 1801; baseline 0.008 -17"><span class='ocrx_word' id='word_1_184' title='bbox 231 1751 334 1785; x_wconf 85' lang='lat' dir='ltr'>clefiae</span> <span class='ocrx_word' id='word_1_185' title='bbox 353 1753 635 1790; x_wconf 85' lang='lat' dir='ltr'>mansuetudinem</span> <span class='ocrx_word' id='word_1_186' title='bbox 657 1768 724 1792; x_wconf 89' lang='lat' dir='ltr'>non</span> <span class='ocrx_word' id='word_1_187' title='bbox 745 1757 925 1801; x_wconf 86' lang='lat' dir='ltr'>culpabunt</span> <span class='ocrx_word' id='word_1_188' title='bbox 938 1784 946 1792; x_wconf 83' lang='grc'><strong>.</strong></span> <span class='ocrx_word' id='word_1_189' title='bbox 974 1758 1036 1794; x_wconf 89' lang='lat' dir='ltr'>Sed</span> <span class='ocrx_word' id='word_1_190' title='bbox 1047 1757 1116 1792; x_wconf 86' lang='lat' dir='ltr'>fibi-</span> 
     </span>
     <span class='ocr_line' id='line_1_30' title="bbox 232 1801 1115 1850; baseline 0.01 -17"><span class='ocrx_word' id='word_1_191' title='bbox 232 1801 398 1844; x_wconf 79' lang='lat' dir='ltr'>metipfis‚</span> <span class='ocrx_word' id='word_1_192' title='bbox 424 1804 515 1847; x_wconf 87' lang='lat' dir='ltr'>quod</span> <span class='ocrx_word' id='word_1_193' title='bbox 530 1806 643 1846; x_wconf 81' lang='lat' dir='ltr'>passuri</span> <span class='ocrx_word' id='word_1_194' title='bbox 664 1809 758 1850; x_wconf 88' lang='lat' dir='ltr'>sunt,</span> <span class='ocrx_word' id='word_1_195' title='bbox 785 1808 968 1843; x_wconf 87' lang='lat' dir='ltr'>haurientes</span> <span class='ocrx_word' id='word_1_196' title='bbox 990 1829 1001 1846; x_wconf 68' lang='lat'>³</span> <span class='ocrx_word' id='word_1_197' title='bbox 1030 1810 1115 1843; x_wconf 70' lang='lat' dir='ltr'>avo-</span> 
     </span>
     <span class='ocr_line' id='line_1_31' title="bbox 232 1850 1113 1904; baseline 0.009 -20"><span class='ocrx_word' id='word_1_198' title='bbox 232 1850 283 1886; x_wconf 82' lang='lat' dir='ltr'>bis</span> <span class='ocrx_word' id='word_1_199' title='bbox 294 1851 449 1885; x_wconf 88' lang='lat' dir='ltr'>audient:</span> <span class='ocrx_word' id='word_1_200' title='bbox 483 1855 610 1889; x_wconf 72' lang='lat' dir='ltr'>Abitein</span> <span class='ocrx_word' id='word_1_201' title='bbox 620 1858 732 1893; x_wconf 72' lang='lat' dir='ltr'>lumine</span> <span class='ocrx_word' id='word_1_202' title='bbox 758 1865 837 1904; x_wconf 74' lang='lat' dir='ltr'>ignis</span> <span class='ocrx_word' id='word_1_203' title='bbox 850 1858 959 1899; x_wconf 66' lang='lat' dir='ltr'>vestri,</span> <span class='ocrx_word' id='word_1_204' title='bbox 988 1860 1113 1901; x_wconf 75' lang='lat' dir='ltr'>&amp;flam-</span> 
     </span>
    </p>
   </div>
   <div class='ocr_carea' id='block_1_8' title="bbox 232 1904 1115 1994">
    <p class='ocr_par' dir='ltr' id='par_1_9' title="bbox 232 1904 1115 1994">
     <span class='ocr_line' id='line_1_32' title="bbox 232 1904 1115 1953; baseline 0.016 -22"><span class='ocrx_word' id='word_1_205' title='bbox 232 1912 284 1934; x_wconf 85' lang='lat' dir='ltr'>ma</span> <span class='ocrx_word' id='word_1_206' title='bbox 304 1912 396 1944; x_wconf 83' lang='lat' dir='ltr'>qaam</span> <span class='ocrx_word' id='word_1_207' title='bbox 416 1904 558 1944; x_wconf 69' lang='lat' dir='ltr'>arceffistis</span> <span class='ocrx_word' id='word_1_208' title='bbox 577 1931 585 1938; x_wconf 89' lang='lat'>.</span> <span class='ocrx_word' id='word_1_209' title='bbox 611 1909 752 1950; x_wconf 85' lang='lat' dir='ltr'>Oportet</span> <span class='ocrx_word' id='word_1_210' title='bbox 775 1909 865 1945; x_wconf 88' lang='lat' dir='ltr'>enim</span> <span class='ocrx_word' id='word_1_211' title='bbox 881 1909 1027 1945; x_wconf 83' lang='lat' dir='ltr'>distortis</span> <span class='ocrx_word' id='word_1_212' title='bbox 1049 1910 1115 1953; x_wconf 81' lang='lat' dir='ltr'>jam</span> 
     </span>
     <span class='ocr_line' id='line_1_33' title="bbox 232 1951 716 1994; baseline 0.012 -9"><span class='ocrx_word' id='word_1_213' title='bbox 232 1961 304 1986; x_wconf 83' lang='lat' dir='ltr'>non</span> <span class='ocrx_word' id='word_1_214' title='bbox 324 1951 490 1987; x_wconf 74' lang='lat' dir='ltr'>mansuete</span> <span class='ocrx_word' id='word_1_215' title='bbox 505 1965 696 1994; x_wconf 86' lang='lat' dir='ltr'>concurrere</span> <span class='ocrx_word' id='word_1_216' title='bbox 708 1983 716 1991; x_wconf 93' lang='lat'>.</span> 
     </span>
    </p>
   </div>
   <div class='ocr_carea' id='block_1_9' title="bbox 249 2080 1082 2097">
    <p class='ocr_par' dir='ltr' id='par_1_10' title="bbox 249 2080 1082 2097">
     <span class='ocr_line' id='line_1_34' title="bbox 249 2080 1082 2097; baseline 0 1633"><span class='ocrx_word' id='word_1_217' title='bbox 249 2080 1082 2097; x_wconf 95' lang='lat' dir='ltr'> </span> 
     </span>
    </p>
   </div>
   <div class='ocr_carea' id='block_1_10' title="bbox 403 2180 1109 2244">
    <p class='ocr_par' dir='ltr' id='par_1_11' title="bbox 403 2180 1109 2244">
     <span class='ocr_line' id='line_1_35' title="bbox 403 2180 1109 2244; baseline 0.014 -19"><span class='ocrx_word' id='word_1_218' title='bbox 403 2180 664 2226; x_wconf 76' lang='lat' dir='ltr'>CAPUT</span> <span class='ocrx_word' id='word_1_219' title='bbox 700 2186 908 2230; x_wconf 81' lang='lat' dir='ltr'>ccvm.</span> <span class='ocrx_word' id='word_1_220' title='bbox 962 2199 1109 2244; x_wconf 89' lang='lat'><em>-297</em></span> 
     </span>
    </p>
   </div>
   <div class='ocr_carea' id='block_1_11' title="bbox 228 2314 1112 2506">
    <p class='ocr_par' dir='ltr' id='par_1_12' title="bbox 228 2314 1112 2506">
     <span class='ocr_line' id='line_1_36' title="bbox 228 2314 1112 2386; baseline 0.003 -22"><span class='ocrx_word' id='word_1_221' title='bbox 228 2315 403 2386; x_wconf 63' lang='lat' dir='ltr'>Epistola</span> <span class='ocrx_word' id='word_1_222' title='bbox 449 2314 609 2384; x_wconf 58' lang='lat' dir='ltr'>ejusdem</span> <span class='ocrx_word' id='word_1_223' title='bbox 643 2322 838 2365; x_wconf 76' lang='lat' dir='ltr'>Maximo</span> <span class='ocrx_word' id='word_1_224' title='bbox 870 2354 884 2378; x_wconf 84' lang='lat'>,</span> <span class='ocrx_word' id='word_1_225' title='bbox 931 2322 1076 2372; x_wconf 79' lang='lat' dir='ltr'>Jocmm&#39;</span> <span class='ocrx_word' id='word_1_226' title='bbox 1098 2355 1112 2380; x_wconf 85' lang='grc'>,</span> 
     </span>
     <span class='ocr_line' id='line_1_37' title="bbox 369 2384 972 2451; baseline 0.002 -18"><span class='ocrx_word' id='word_1_227' title='bbox 369 2384 578 2451; x_wconf 79' lang='lat' dir='ltr'>Thalaffio</span> <span class='ocrx_word' id='word_1_228' title='bbox 603 2423 616 2447; x_wconf 83' lang='lat'>‚</span> <span class='ocrx_word' id='word_1_229' title='bbox 654 2389 877 2451; x_wconf 78' lang='lat' dir='ltr'>Presbyteris</span> <span class='ocrx_word' id='word_1_230' title='bbox 912 2392 972 2434; x_wconf 70' lang='lat'>&lt;9⁴</span> 
     </span>
     <span class='ocr_line' id='line_1_38' title="bbox 472 2455 856 2506; baseline 0.008 -3"><span class='ocrx_word' id='word_1_231' title='bbox 472 2455 830 2505; x_wconf 78' lang='lat' dir='ltr'>Archi-Mandritis</span> <span class='ocrx_word' id='word_1_232' title='bbox 843 2494 856 2506; x_wconf 86' lang='lat'><strong>.</strong></span> 
     </span>
    </p>
   </div>
   <div class='ocr_carea' id='block_1_12' title="bbox 222 2595 1112 3388">
    <p class='ocr_par' dir='ltr' id='par_1_13' title="bbox 222 2595 1112 3388">
     <span class='ocr_line' id='line_1_39' title="bbox 309 2595 1112 2642; baseline 0.004 -12"><span class='ocrx_word' id='word_1_233' title='bbox 309 2596 451 2641; x_wconf 88' lang='lat' dir='ltr'>Gregius</span> <span class='ocrx_word' id='word_1_234' title='bbox 471 2595 604 2641; x_wconf 91' lang='lat' dir='ltr'>quidem</span> <span class='ocrx_word' id='word_1_235' title='bbox 627 2597 714 2632; x_wconf 88' lang='lat' dir='ltr'>zelus</span> <span class='ocrx_word' id='word_1_236' title='bbox 732 2597 966 2642; x_wconf 86' lang='lat' dir='ltr'>Religiofitatis</span> <span class='ocrx_word' id='word_1_237' title='bbox 986 2597 1030 2633; x_wconf 87' lang='lat' dir='ltr'>est</span> <span class='ocrx_word' id='word_1_238' title='bbox 1053 2608 1112 2633; x_wconf 89' lang='lat' dir='ltr'>ve-</span> 
     </span>
     <span class='ocr_line' id='line_1_40' title="bbox 333 2646 1109 2691; baseline 0.001 -11"><span class='ocrx_word' id='word_1_239' title='bbox 333 2646 401 2680; x_wconf 82' lang='lat' dir='ltr'>strae</span> <span class='ocrx_word' id='word_1_240' title='bbox 421 2671 432 2687; x_wconf 92' lang='lat'>‚</span> <span class='ocrx_word' id='word_1_241' title='bbox 458 2647 493 2680; x_wconf 76' lang='grc' dir='ltr'>δε</span> <span class='ocrx_word' id='word_1_242' title='bbox 521 2647 615 2680; x_wconf 87' lang='lat' dir='ltr'>omni</span> <span class='ocrx_word' id='word_1_243' title='bbox 649 2647 744 2681; x_wconf 88' lang='lat' dir='ltr'>laude</span> <span class='ocrx_word' id='word_1_244' title='bbox 775 2648 918 2682; x_wconf 85' lang='lat' dir='ltr'>studium</span> <span class='ocrx_word' id='word_1_245' title='bbox 947 2649 1080 2691; x_wconf 85' lang='lat' dir='ltr'>plenum</span> <span class='ocrx_word' id='word_1_246' title='bbox 1101 2673 1109 2681; x_wconf 91' lang='lat'>.</span> 
     </span>
     <span class='ocr_line' id='line_1_41' title="bbox 226 2694 1112 2740; baseline 0.003 -11"><span class='ocrx_word' id='word_1_247' title='bbox 226 2694 381 2730; x_wconf 76' lang='lat' dir='ltr'>zelantes</span> <span class='ocrx_word' id='word_1_248' title='bbox 399 2696 489 2729; x_wconf 85' lang='lat' dir='ltr'>enim</span> <span class='ocrx_word' id='word_1_249' title='bbox 511 2697 589 2731; x_wconf 87' lang='lat' dir='ltr'>Deo</span> <span class='ocrx_word' id='word_1_250' title='bbox 608 2697 721 2731; x_wconf 87' lang='lat' dir='ltr'>zelatis</span> <span class='ocrx_word' id='word_1_251' title='bbox 733 2721 743 2738; x_wconf 92' lang='lat'>,</span> <span class='ocrx_word' id='word_1_252' title='bbox 769 2707 805 2731; x_wconf 90' lang='lat' dir='ltr'>ut</span> <span class='ocrx_word' id='word_1_253' title='bbox 817 2698 970 2740; x_wconf 84' lang='lat' dir='ltr'>scriptum</span> <span class='ocrx_word' id='word_1_254' title='bbox 982 2699 1026 2731; x_wconf 83' lang='lat' dir='ltr'>est</span> <span class='ocrx_word' id='word_1_255' title='bbox 1039 2722 1050 2739; x_wconf 92' lang='lat'>,</span> <span class='ocrx_word' id='word_1_256' title='bbox 1077 2709 1112 2732; x_wconf 90' lang='lat' dir='ltr'>ut</span> 
     </span>
     <span class='ocr_line' id='line_1_42' title="bbox 226 2743 1112 2791; baseline 0.005 -13"><span class='ocrx_word' id='word_1_257' title='bbox 226 2755 298 2778; x_wconf 86' lang='lat' dir='ltr'>non</span> <span class='ocrx_word' id='word_1_258' title='bbox 318 2745 354 2778; x_wconf 92' lang='lat'>&amp;</span> <span class='ocrx_word' id='word_1_259' title='bbox 376 2755 465 2779; x_wconf 88' lang='lat' dir='ltr'>nunc</span> <span class='ocrx_word' id='word_1_260' title='bbox 483 2743 525 2779; x_wconf 87' lang='lat' dir='ltr'>ab</span> <span class='ocrx_word' id='word_1_261' title='bbox 536 2744 609 2785; x_wconf 89' lang='lat' dir='ltr'>his,</span> <span class='ocrx_word' id='word_1_262' title='bbox 635 2747 738 2787; x_wconf 87' lang='lat' dir='ltr'>quiea</span> <span class='ocrx_word' id='word_1_263' title='bbox 752 2770 763 2787; x_wconf 89' lang='lat'><em>‚</em></span> <span class='ocrx_word' id='word_1_264' title='bbox 788 2749 939 2791; x_wconf 72' lang='lat' dir='ltr'>quaesunt</span> <span class='ocrx_word' id='word_1_265' title='bbox 951 2748 1112 2788; x_wconf 79' lang='lat' dir='ltr'>Nestorii,</span> 
     </span>
     <span class='ocr_line' id='line_1_43' title="bbox 228 2792 1110 2840; baseline 0.001 -12"><span class='ocrx_word' id='word_1_266' title='bbox 228 2794 381 2838; x_wconf 86' lang='lat' dir='ltr'>sapiunt,</span> <span class='ocrx_word' id='word_1_267' title='bbox 405 2792 631 2829; x_wconf 87' lang='lat' dir='ltr'>exhonoratus</span> <span class='ocrx_word' id='word_1_268' title='bbox 644 2795 792 2838; x_wconf 84' lang='lat' dir='ltr'>inquiat:</span> <span class='ocrx_word' id='word_1_269' title='bbox 818 2797 1008 2838; x_wconf 71' lang='lat' dir='ltr'>Sustinuimus</span> <span class='ocrx_word' id='word_1_270' title='bbox 1022 2797 1110 2840; x_wconf 80' lang='lat' dir='ltr'>quifi-</span> 
     </span>
     <span class='ocr_line' id='line_1_44' title="bbox 225 2843 1112 2891; baseline 0.005 -14"><span class='ocrx_word' id='word_1_271' title='bbox 225 2847 291 2878; x_wconf 84' lang='lat' dir='ltr'>mul</span> <span class='ocrx_word' id='word_1_272' title='bbox 299 2843 518 2884; x_wconf 74' lang='lat' dir='ltr'>contristaretur</span> <span class='ocrx_word' id='word_1_273' title='bbox 531 2868 542 2885; x_wconf 91' lang='lat'>,</span> <span class='ocrx_word' id='word_1_274' title='bbox 563 2845 598 2878; x_wconf 65' lang='lat'>(¹2</span> <span class='ocrx_word' id='word_1_275' title='bbox 609 2855 666 2879; x_wconf 80' lang='lat' dir='ltr'>non</span> <span class='ocrx_word' id='word_1_276' title='bbox 676 2844 766 2889; x_wconf 82' lang='lat' dir='ltr'>fuit;</span> <span class='ocrx_word' id='word_1_277' title='bbox 792 2846 1028 2891; x_wconf 72' lang='lat' dir='ltr'>&amp;confhlantem</span> <span class='ocrx_word' id='word_1_278' title='bbox 1041 2873 1052 2889; x_wconf 92' lang='lat'>‚</span> <span class='ocrx_word' id='word_1_279' title='bbox 1078 2850 1112 2882; x_wconf 65' lang='grc'>(9</span> 
     </span>
     <span class='ocr_line' id='line_1_45' title="bbox 224 2893 1111 2943; baseline 0.006 -15"><span class='ocrx_word' id='word_1_280' title='bbox 224 2905 284 2928; x_wconf 84' lang='lat' dir='ltr'>non</span> <span class='ocrx_word' id='word_1_281' title='bbox 295 2899 414 2928; x_wconf 72' lang='lat' dir='ltr'>invent.</span> <span class='ocrx_word' id='word_1_282' title='bbox 442 2893 486 2928; x_wconf 89' lang='lat' dir='ltr'>Et</span> <span class='ocrx_word' id='word_1_283' title='bbox 509 2893 710 2938; x_wconf 88' lang='lat' dir='ltr'>hiquidem,</span> <span class='ocrx_word' id='word_1_284' title='bbox 735 2896 793 2939; x_wconf 87' lang='lat' dir='ltr'>qui</span> <span class='ocrx_word' id='word_1_285' title='bbox 815 2898 1036 2943; x_wconf 88' lang='lat' dir='ltr'>Dogmatibus</span> <span class='ocrx_word' id='word_1_286' title='bbox 1049 2899 1111 2933; x_wconf 90' lang='lat' dir='ltr'>Re-</span> 
     </span>
     <span class='ocr_line' id='line_1_46' title="bbox 224 2944 1110 2989; baseline 0.003 -11"><span class='ocrx_word' id='word_1_287' title='bbox 224 2944 384 2988; x_wconf 87' lang='lat' dir='ltr'>ligionis,</span> <span class='ocrx_word' id='word_1_288' title='bbox 411 2944 477 2978; x_wconf 74' lang='lat' dir='ltr'>slve</span> <span class='ocrx_word' id='word_1_289' title='bbox 498 2945 565 2979; x_wconf 91' lang='lat' dir='ltr'>Dei</span> <span class='ocrx_word' id='word_1_290' title='bbox 584 2944 718 2979; x_wconf 79' lang='lat' dir='ltr'>culturae</span> <span class='ocrx_word' id='word_1_291' title='bbox 727 2944 906 2989; x_wconf 85' lang='lat' dir='ltr'>obfistunt,</span> <span class='ocrx_word' id='word_1_292' title='bbox 933 2958 1046 2983; x_wconf 87' lang='lat' dir='ltr'>contra</span> <span class='ocrx_word' id='word_1_293' title='bbox 1061 2948 1110 2981; x_wconf 88' lang='lat' dir='ltr'>sti-</span> 
     </span>
     <span class='ocr_line' id='line_1_47' title="bbox 225 2994 1109 3039; baseline 0.002 -11"><span class='ocrx_word' id='word_1_294' title='bbox 225 2994 333 3028; x_wconf 88' lang='lat' dir='ltr'>mulos</span> <span class='ocrx_word' id='word_1_295' title='bbox 353 2994 543 3035; x_wconf 78' lang='lat' dir='ltr'>calcitrant,</span> <span class='ocrx_word' id='word_1_296' title='bbox 571 2994 606 3028; x_wconf 85' lang='lat'>&amp;</span> <span class='ocrx_word' id='word_1_297' title='bbox 629 2995 664 3029; x_wconf 90' lang='lat' dir='ltr'>in</span> <span class='ocrx_word' id='word_1_298' title='bbox 687 2995 751 3029; x_wconf 89' lang='lat' dir='ltr'>suis</span> <span class='ocrx_word' id='word_1_299' title='bbox 760 2995 900 3039; x_wconf 87' lang='lat' dir='ltr'>ipsorum</span> <span class='ocrx_word' id='word_1_300' title='bbox 910 3009 1032 3034; x_wconf 88' lang='lat' dir='ltr'>nocent</span> <span class='ocrx_word' id='word_1_301' title='bbox 1043 2997 1109 3032; x_wconf 89' lang='lat' dir='ltr'>ani-</span> 
     </span>
     <span class='ocr_line' id='line_1_48' title="bbox 226 3042 1108 3087; baseline 0.007 -11"><span class='ocrx_word' id='word_1_302' title='bbox 226 3042 342 3077; x_wconf 85' lang='lat' dir='ltr'>mabus</span> <span class='ocrx_word' id='word_1_303' title='bbox 360 3043 566 3078; x_wconf 84' lang='lat' dir='ltr'>offendentes</span> <span class='ocrx_word' id='word_1_304' title='bbox 590 3045 625 3078; x_wconf 89' lang='lat' dir='ltr'>in</span> <span class='ocrx_word' id='word_1_305' title='bbox 637 3042 806 3080; x_wconf 88' lang='lat' dir='ltr'>Christum</span> <span class='ocrx_word' id='word_1_306' title='bbox 818 3071 828 3087; x_wconf 96' lang='lat'>,</span> <span class='ocrx_word' id='word_1_307' title='bbox 855 3049 1013 3083; x_wconf 85' lang='lat' dir='ltr'>&amp;contra</span> <span class='ocrx_word' id='word_1_308' title='bbox 1034 3059 1108 3083; x_wconf 88' lang='lat' dir='ltr'>eum</span> 
     </span>
     <span class='ocr_line' id='line_1_49' title="bbox 225 3091 1109 3134; baseline 0.006 -7"><span class='ocrx_word' id='word_1_309' title='bbox 225 3091 399 3127; x_wconf 86' lang='lat' dir='ltr'>calumniis</span> <span class='ocrx_word' id='word_1_310' title='bbox 419 3094 449 3127; x_wconf 88' lang='lat' dir='ltr'>se</span> <span class='ocrx_word' id='word_1_311' title='bbox 470 3093 685 3129; x_wconf 59' lang='lat' dir='ltr'>oblectantes.</span> <span class='ocrx_word' id='word_1_312' title='bbox 715 3094 875 3132; x_wconf 87' lang='lat' dir='ltr'>Alienum</span> <span class='ocrx_word' id='word_1_313' title='bbox 898 3100 973 3133; x_wconf 82' lang='lat' dir='ltr'>vero</span> <span class='ocrx_word' id='word_1_314' title='bbox 996 3098 1042 3134; x_wconf 87' lang='lat' dir='ltr'>est</span> <span class='ocrx_word' id='word_1_315' title='bbox 1067 3098 1109 3133; x_wconf 89' lang='lat' dir='ltr'>ab</span> 
     </span>
     <span class='ocr_line' id='line_1_50' title="bbox 225 3142 1108 3191; baseline 0.007 -16"><span class='ocrx_word' id='word_1_316' title='bbox 225 3143 336 3178; x_wconf 83' lang='lat' dir='ltr'>anima</span> <span class='ocrx_word' id='word_1_317' title='bbox 347 3142 533 3178; x_wconf 87' lang='lat' dir='ltr'>Sacerdotis</span> <span class='ocrx_word' id='word_1_318' title='bbox 544 3167 555 3183; x_wconf 93' lang='lat'>,</span> <span class='ocrx_word' id='word_1_319' title='bbox 580 3144 615 3178; x_wconf 77' lang='grc' dir='ltr'>ἀ</span> <span class='ocrx_word' id='word_1_320' title='bbox 625 3156 695 3188; x_wconf 81' lang='lat' dir='ltr'>quae</span> <span class='ocrx_word' id='word_1_321' title='bbox 718 3145 858 3190; x_wconf 88' lang='lat' dir='ltr'>Populis</span> <span class='ocrx_word' id='word_1_322' title='bbox 868 3147 1025 3191; x_wconf 84' lang='lat' dir='ltr'>praefidere</span> <span class='ocrx_word' id='word_1_323' title='bbox 1039 3152 1108 3182; x_wconf 90' lang='lat' dir='ltr'>sor-</span> 
     </span>
     <span class='ocr_line' id='line_1_51' title="bbox 225 3191 1105 3242; baseline 0.008 -18"><span class='ocrx_word' id='word_1_324' title='bbox 225 3191 285 3227; x_wconf 87' lang='lat' dir='ltr'>tita</span> <span class='ocrx_word' id='word_1_325' title='bbox 305 3193 372 3235; x_wconf 87' lang='lat' dir='ltr'>est,</span> <span class='ocrx_word' id='word_1_326' title='bbox 399 3192 512 3237; x_wconf 89' lang='lat' dir='ltr'>lingua</span> <span class='ocrx_word' id='word_1_327' title='bbox 531 3194 665 3237; x_wconf 84' lang='lat' dir='ltr'>quidem</span> <span class='ocrx_word' id='word_1_328' title='bbox 686 3195 958 3233; x_wconf 81' lang='lat' dir='ltr'>anathematizare</span> <span class='ocrx_word' id='word_1_329' title='bbox 981 3198 1105 3242; x_wconf 87' lang='lat' dir='ltr'>polluta</span> 
     </span>
     <span class='ocr_line' id='line_1_52' title="bbox 224 3242 1104 3291; baseline 0.006 -15"><span class='ocrx_word' id='word_1_330' title='bbox 224 3242 260 3276; x_wconf 70' lang='grc' dir='ltr'>ὅ(</span> <span class='ocrx_word' id='word_1_331' title='bbox 282 3243 542 3277; x_wconf 87' lang='lat' dir='ltr'>contaminantia</span> <span class='ocrx_word' id='word_1_332' title='bbox 566 3244 711 3279; x_wconf 86' lang='lat' dir='ltr'>Nestorii</span> <span class='ocrx_word' id='word_1_333' title='bbox 734 3246 902 3291; x_wconf 86' lang='lat' dir='ltr'>Dogmata</span> <span class='ocrx_word' id='word_1_334' title='bbox 921 3274 933 3290; x_wconf 91' lang='lat'>,</span> <span class='ocrx_word' id='word_1_335' title='bbox 958 3250 1104 3283; x_wconf 83' lang='lat' dir='ltr'>refertam</span> 
     </span>
     <span class='ocr_line' id='line_1_53' title="bbox 225 3291 1104 3335; baseline 0.009 -10"><span class='ocrx_word' id='word_1_336' title='bbox 225 3291 302 3325; x_wconf 78' lang='lat' dir='ltr'>vero</span> <span class='ocrx_word' id='word_1_337' title='bbox 313 3293 358 3327; x_wconf 88' lang='lat' dir='ltr'>eis</span> <span class='ocrx_word' id='word_1_338' title='bbox 369 3291 486 3327; x_wconf 83' lang='lat' dir='ltr'>habere</span> <span class='ocrx_word' id='word_1_339' title='bbox 496 3303 639 3328; x_wconf 88' lang='lat' dir='ltr'>mentem</span> <span class='ocrx_word' id='word_1_340' title='bbox 651 3319 662 3335; x_wconf 92' lang='lat'>,</span> <span class='ocrx_word' id='word_1_341' title='bbox 687 3295 720 3328; x_wconf 76' lang='grc' dir='ltr'>δε</span> <span class='ocrx_word' id='word_1_342' title='bbox 732 3306 874 3332; x_wconf 85' lang='lat' dir='ltr'>evertere</span> <span class='ocrx_word' id='word_1_343' title='bbox 895 3299 1020 3334; x_wconf 87' lang='lat' dir='ltr'>animas</span> <span class='ocrx_word' id='word_1_344' title='bbox 1032 3299 1104 3334; x_wconf 81' lang='lat' dir='ltr'>Fra·</span> 
     </span>
     <span class='ocr_line' id='line_1_54' title="bbox 222 3341 953 3388; baseline 0.007 -10"><span class='ocrx_word' id='word_1_345' title='bbox 222 3347 331 3383; x_wconf 72' lang='lat' dir='ltr'>trum,</span> <span class='ocrx_word' id='word_1_346' title='bbox 357 3355 416 3388; x_wconf 86' lang='lat' dir='ltr'>pro</span> <span class='ocrx_word' id='word_1_347' title='bbox 427 3341 544 3388; x_wconf 85' lang='lat' dir='ltr'>quibus</span> <span class='ocrx_word' id='word_1_348' title='bbox 565 3343 713 3380; x_wconf 87' lang='lat' dir='ltr'>Christus</span> <span class='ocrx_word' id='word_1_349' title='bbox 732 3346 777 3380; x_wconf 86' lang='lat' dir='ltr'>est</span> <span class='ocrx_word' id='word_1_350' title='bbox 790 3357 953 3383; x_wconf 83' lang='lat' dir='ltr'>mortuus.</span> 
     </span>
    </p>
   </div>
   <div class='ocr_carea' id='block_1_13' title="bbox 1891 190 1982 234">
    <p class='ocr_par' dir='ltr' id='par_1_14' title="bbox 1891 190 1982 234">
     <span class='ocr_line' id='line_1_55' title="bbox 1891 190 1982 234; baseline 0 0"><span class='ocrx_word' id='word_1_351' title='bbox 1891 190 1982 234; x_wconf 85' lang='lat'>371</span> 
     </span>
    </p>
   </div>
   <div class='ocr_carea' id='block_1_14' title="bbox 1171 250 2069 1601">
    <p class='ocr_par' dir='ltr' id='par_1_15' title="bbox 1171 250 2069 1601">
     <span class='ocr_line' id='line_1_56' title="bbox 1224 250 2059 298; baseline 0.01 -10"><span class='ocrx_word' id='word_1_352' title='bbox 1224 253 1338 298; x_wconf 79' lang='lat' dir='ltr'>Scripsi</span> <span class='ocrx_word' id='word_1_353' title='bbox 1359 250 1439 298; x_wconf 74' lang='lat' dir='ltr'>ergo</span> <span class='ocrx_word' id='word_1_354' title='bbox 1460 253 1495 289; x_wconf 89' lang='lat'>&amp;</span> <span class='ocrx_word' id='word_1_355' title='bbox 1513 253 1664 290; x_wconf 87' lang='lat' dir='ltr'>Domino</span> <span class='ocrx_word' id='word_1_356' title='bbox 1676 268 1750 292; x_wconf 87' lang='lat' dir='ltr'>meo</span> <span class='ocrx_word' id='word_1_357' title='bbox 1764 256 2059 297; x_wconf 84' lang='lat' dir='ltr'>Admirandiffimo</span> 
     </span>
     <span class='ocr_line' id='line_1_57' title="bbox 1174 303 2059 355; baseline 0.001 -18"><span class='ocrx_word' id='word_1_358' title='bbox 1174 304 1332 340; x_wconf 87' lang='lat' dir='ltr'>Tribuno</span> <span class='ocrx_word' id='word_1_359' title='bbox 1352 304 1386 337; x_wconf 89' lang='lat'>&amp;</span> <span class='ocrx_word' id='word_1_360' title='bbox 1412 303 1555 338; x_wconf 87' lang='lat' dir='ltr'>Notario</span> <span class='ocrx_word' id='word_1_361' title='bbox 1567 306 1752 346; x_wconf 69' lang='lat' dir='ltr'>Aristolao,</span> <span class='ocrx_word' id='word_1_362' title='bbox 1777 321 1846 354; x_wconf 85' lang='lat' dir='ltr'>quae</span> <span class='ocrx_word' id='word_1_363' title='bbox 1858 314 1971 355; x_wconf 88' lang='lat' dir='ltr'>utique</span> <span class='ocrx_word' id='word_1_364' title='bbox 1984 312 2059 345; x_wconf 73' lang='lat' dir='ltr'>scri.</span> 
     </span>
     <span class='ocr_line' id='line_1_58' title="bbox 1176 353 2056 400; baseline 0.006 -11"><span class='ocrx_word' id='word_1_365' title='bbox 1176 366 1267 399; x_wconf 86' lang='lat' dir='ltr'>ptura</span> <span class='ocrx_word' id='word_1_366' title='bbox 1277 354 1322 388; x_wconf 90' lang='lat' dir='ltr'>est</span> <span class='ocrx_word' id='word_1_367' title='bbox 1348 353 1552 399; x_wconf 81' lang='lat' dir='ltr'>Religiofitas</span> <span class='ocrx_word' id='word_1_368' title='bbox 1566 353 1682 389; x_wconf 83' lang='lat' dir='ltr'>vestra.</span> <span class='ocrx_word' id='word_1_369' title='bbox 1712 356 1822 400; x_wconf 74' lang='lat' dir='ltr'>scripti</span> <span class='ocrx_word' id='word_1_370' title='bbox 1849 362 2056 396; x_wconf 81' lang='lat' dir='ltr'>vero&amp;aliis</span> 
     </span>
     <span class='ocr_line' id='line_1_59' title="bbox 1175 403 2057 452; baseline 0.005 -14"><span class='ocrx_word' id='word_1_371' title='bbox 1175 406 1369 449; x_wconf 89' lang='lat' dir='ltr'>quibusdam</span> <span class='ocrx_word' id='word_1_372' title='bbox 1381 430 1388 437; x_wconf 92' lang='lat'><strong><em>.</em></strong></span> <span class='ocrx_word' id='word_1_373' title='bbox 1418 404 1630 452; x_wconf 87' lang='lat' dir='ltr'>Cognoscens</span> <span class='ocrx_word' id='word_1_374' title='bbox 1643 404 1718 438; x_wconf 78' lang='lat' dir='ltr'>vero</span> <span class='ocrx_word' id='word_1_375' title='bbox 1731 403 1764 437; x_wconf 87' lang='lat'>&amp;</span> <span class='ocrx_word' id='word_1_376' title='bbox 1775 405 1837 441; x_wconf 90' lang='lat' dir='ltr'>hoc</span> <span class='ocrx_word' id='word_1_377' title='bbox 1857 409 1876 443; x_wconf 66' lang='lat' dir='ltr'>a</span> <span class='ocrx_word' id='word_1_378' title='bbox 1888 410 2057 446; x_wconf 71' lang='lat' dir='ltr'>Reveren-¹</span> 
     </span>
     <span class='ocr_line' id='line_1_60' title="bbox 1175 453 2057 497; baseline -0.003 -8"><span class='ocrx_word' id='word_1_379' title='bbox 1175 456 1304 490; x_wconf 81' lang='lat' dir='ltr'>diffimo</span> <span class='ocrx_word' id='word_1_380' title='bbox 1328 453 1521 497; x_wconf 83' lang='lat' dir='ltr'>Presbytero</span> <span class='ocrx_word' id='word_1_381' title='bbox 1541 455 1576 490; x_wconf 88' lang='lat'>&amp;</span> <span class='ocrx_word' id='word_1_382' title='bbox 1598 455 1880 492; x_wconf 83' lang='lat' dir='ltr'>Archi-Mandrita</span> <span class='ocrx_word' id='word_1_383' title='bbox 1893 459 2057 495; x_wconf 78' lang='lat' dir='ltr'>Adaman.</span> 
     </span>
     <span class='ocr_line' id='line_1_61' title="bbox 1175 503 2060 548; baseline 0.006 -9"><span class='ocrx_word' id='word_1_384' title='bbox 1175 506 1246 546; x_wconf 91' lang='lat' dir='ltr'>tio,</span> <span class='ocrx_word' id='word_1_385' title='bbox 1277 503 1367 547; x_wconf 87' lang='lat' dir='ltr'>cujus</span> <span class='ocrx_word' id='word_1_386' title='bbox 1386 505 1420 540; x_wconf 77' lang='grc' dir='ltr'>δε</span> <span class='ocrx_word' id='word_1_387' title='bbox 1440 516 1544 540; x_wconf 86' lang='lat' dir='ltr'>mores</span> <span class='ocrx_word' id='word_1_388' title='bbox 1556 529 1567 544; x_wconf 89' lang='lat'>‚</span> <span class='ocrx_word' id='word_1_389' title='bbox 1594 506 1624 538; x_wconf 78' lang='grc' dir='ltr'>ἀ</span> <span class='ocrx_word' id='word_1_390' title='bbox 1639 506 1916 542; x_wconf 85' lang='lat' dir='ltr'>conversationem</span> <span class='ocrx_word' id='word_1_391' title='bbox 1930 533 1940 548; x_wconf 85' lang='lat'>,</span> <span class='ocrx_word' id='word_1_392' title='bbox 1966 509 1999 543; x_wconf 90' lang='lat'>&amp;</span> <span class='ocrx_word' id='word_1_393' title='bbox 2012 508 2060 544; x_wconf 88' lang='lat' dir='ltr'>di-</span> 
     </span>
     <span class='ocr_line' id='line_1_62' title="bbox 1175 555 2058 598; baseline 0.005 -10"><span class='ocrx_word' id='word_1_394' title='bbox 1175 556 1216 588; x_wconf 81' lang='lat' dir='ltr'>sci</span> <span class='ocrx_word' id='word_1_395' title='bbox 1222 555 1343 598; x_wconf 86' lang='lat' dir='ltr'>pliuam</span> <span class='ocrx_word' id='word_1_396' title='bbox 1356 565 1431 589; x_wconf 91' lang='lat' dir='ltr'>cum</span> <span class='ocrx_word' id='word_1_397' title='bbox 1444 556 1605 589; x_wconf 60' lang='lat' dir='ltr'>intellectu</span> <span class='ocrx_word' id='word_1_398' title='bbox 1618 556 1652 589; x_wconf 84' lang='lat'>&amp;</span> <span class='ocrx_word' id='word_1_399' title='bbox 1665 556 1853 590; x_wconf 57' lang='lat' dir='ltr'>reatitudine</span> <span class='ocrx_word' id='word_1_400' title='bbox 1863 557 1946 591; x_wconf 88' lang='lat' dir='ltr'>circa</span> <span class='ocrx_word' id='word_1_401' title='bbox 1958 560 2058 594; x_wconf 87' lang='lat' dir='ltr'>fidem</span> 
     </span>
     <span class='ocr_line' id='line_1_63' title="bbox 1175 606 2060 651; baseline 0.005 -13"><span class='ocrx_word' id='word_1_402' title='bbox 1175 606 1307 639; x_wconf 85' lang='lat' dir='ltr'>miratus</span> <span class='ocrx_word' id='word_1_403' title='bbox 1330 607 1419 645; x_wconf 87' lang='lat' dir='ltr'>sum,</span> <span class='ocrx_word' id='word_1_404' title='bbox 1443 606 1477 643; x_wconf 75' lang='grc' dir='ltr'>ὅς</span> <span class='ocrx_word' id='word_1_405' title='bbox 1499 606 1585 651; x_wconf 82' lang='lat' dir='ltr'>quali</span> <span class='ocrx_word' id='word_1_406' title='bbox 1611 617 1727 639; x_wconf 80' lang='lat' dir='ltr'>omnes</span> <span class='ocrx_word' id='word_1_407' title='bbox 1750 608 1782 639; x_wconf 91' lang='lat' dir='ltr'>in</span> <span class='ocrx_word' id='word_1_408' title='bbox 1807 618 1875 640; x_wconf 88' lang='lat' dir='ltr'>uno</span> <span class='ocrx_word' id='word_1_409' title='bbox 1899 609 2060 650; x_wconf 79' lang='lat' dir='ltr'>praesentes</span> 
     </span>
     <span class='ocr_line' id='line_1_64' title="bbox 1173 654 2061 701; baseline 0.005 -14"><span class='ocrx_word' id='word_1_410' title='bbox 1173 655 1319 699; x_wconf 81' lang='lat' dir='ltr'>adspexi.</span> <span class='ocrx_word' id='word_1_411' title='bbox 1350 654 1518 701; x_wconf 85' lang='lat' dir='ltr'>Qoniarn</span> <span class='ocrx_word' id='word_1_412' title='bbox 1545 654 1620 689; x_wconf 71' lang='lat' dir='ltr'>vero</span> <span class='ocrx_word' id='word_1_413' title='bbox 1642 655 1724 690; x_wconf 77' lang='lat' dir='ltr'>m=hi</span> <span class='ocrx_word' id='word_1_414' title='bbox 1742 655 2061 692; x_wconf 81' lang='lat' dir='ltr'>multiOrthodoxo-</span> 
     </span>
     <span class='ocr_line' id='line_1_65' title="bbox 1173 705 2062 751; baseline 0.002 -13"><span class='ocrx_word' id='word_1_415' title='bbox 1173 716 1244 739; x_wconf 87' lang='lat' dir='ltr'>rum</span> <span class='ocrx_word' id='word_1_416' title='bbox 1268 706 1302 741; x_wconf 76' lang='grc' dir='ltr'>ἀ</span> <span class='ocrx_word' id='word_1_417' title='bbox 1323 705 1650 750; x_wconf 72' lang='lat' dir='ltr'>Religrofisfimorum</span> <span class='ocrx_word' id='word_1_418' title='bbox 1679 705 1914 750; x_wconf 83' lang='lat' dir='ltr'>Episcoporum</span> <span class='ocrx_word' id='word_1_419' title='bbox 1935 707 2062 751; x_wconf 85' lang='lat' dir='ltr'>scripse-</span> 
     </span>
     <span class='ocr_line' id='line_1_66' title="bbox 1175 755 2062 803; baseline 0.006 -16"><span class='ocrx_word' id='word_1_420' title='bbox 1175 765 1248 791; x_wconf 86' lang='lat' dir='ltr'>runt</span> <span class='ocrx_word' id='word_1_421' title='bbox 1267 755 1412 798; x_wconf 81' lang='lat' dir='ltr'>oppofita</span> <span class='ocrx_word' id='word_1_422' title='bbox 1434 756 1516 796; x_wconf 85' lang='lat' dir='ltr'>fibi,</span> <span class='ocrx_word' id='word_1_423' title='bbox 1542 757 1594 790; x_wconf 88' lang='lat' dir='ltr'>seu</span> <span class='ocrx_word' id='word_1_424' title='bbox 1621 755 1782 799; x_wconf 86' lang='lat' dir='ltr'>Populis,</span> <span class='ocrx_word' id='word_1_425' title='bbox 1807 757 1864 803; x_wconf 85' lang='lat' dir='ltr'>qui</span> <span class='ocrx_word' id='word_1_426' title='bbox 1877 756 1935 793; x_wconf 87' lang='lat' dir='ltr'>sub</span> <span class='ocrx_word' id='word_1_427' title='bbox 1945 767 2062 792; x_wconf 87' lang='lat' dir='ltr'>eorum</span> 
     </span>
     <span class='ocr_line' id='line_1_67' title="bbox 1173 805 2062 848; baseline 0.004 -11"><span class='ocrx_word' id='word_1_428' title='bbox 1173 815 1273 838; x_wconf 87' lang='lat' dir='ltr'>manu</span> <span class='ocrx_word' id='word_1_429' title='bbox 1295 806 1368 840; x_wconf 87' lang='lat' dir='ltr'>sunt</span> <span class='ocrx_word' id='word_1_430' title='bbox 1383 828 1394 844; x_wconf 90' lang='lat'>,</span> <span class='ocrx_word' id='word_1_431' title='bbox 1419 805 1460 840; x_wconf 86' lang='lat' dir='ltr'>ab</span> <span class='ocrx_word' id='word_1_432' title='bbox 1480 807 1650 841; x_wconf 84' lang='lat' dir='ltr'>insensatis</span> <span class='ocrx_word' id='word_1_433' title='bbox 1675 806 1880 843; x_wconf 78' lang='lat' dir='ltr'>Nestorianis</span> <span class='ocrx_word' id='word_1_434' title='bbox 1914 807 2062 848; x_wconf 76' lang='lat' dir='ltr'>obtrudi,</span> 
     </span>
     <span class='ocr_line' id='line_1_68' title="bbox 1172 854 2061 900; baseline 0.007 -14"><span class='ocrx_word' id='word_1_435' title='bbox 1172 854 1332 898; x_wconf 83' lang='lat' dir='ltr'>colligens</span> <span class='ocrx_word' id='word_1_436' title='bbox 1354 867 1390 889; x_wconf 89' lang='lat' dir='ltr'>ea</span> <span class='ocrx_word' id='word_1_437' title='bbox 1405 855 1522 891; x_wconf 86' lang='lat' dir='ltr'>librum</span> <span class='ocrx_word' id='word_1_438' title='bbox 1543 856 1673 891; x_wconf 89' lang='lat' dir='ltr'>brevem</span> <span class='ocrx_word' id='word_1_439' title='bbox 1691 856 1793 900; x_wconf 77' lang='lat' dir='ltr'>scripfi</span> <span class='ocrx_word' id='word_1_440' title='bbox 1806 857 1847 892; x_wconf 92' lang='lat' dir='ltr'>de</span> <span class='ocrx_word' id='word_1_441' title='bbox 1860 857 2061 892; x_wconf 85' lang='lat' dir='ltr'>Incarnatio-</span> 
     </span>
     <span class='ocr_line' id='line_1_69' title="bbox 1173 904 2063 952; baseline 0.008 -17"><span class='ocrx_word' id='word_1_442' title='bbox 1173 914 1213 937; x_wconf 89' lang='lat' dir='ltr'>ne</span> <span class='ocrx_word' id='word_1_443' title='bbox 1234 904 1417 948; x_wconf 81' lang='lat' dir='ltr'>Unigeniti</span> <span class='ocrx_word' id='word_1_444' title='bbox 1479 916 1515 939; x_wconf 89' lang='lat' dir='ltr'>ut</span> <span class='ocrx_word' id='word_1_445' title='bbox 1536 906 1569 942; x_wconf 87' lang='lat' dir='ltr'>in</span> <span class='ocrx_word' id='word_1_446' title='bbox 1595 906 1698 941; x_wconf 87' lang='lat' dir='ltr'>tribus</span> <span class='ocrx_word' id='word_1_447' title='bbox 1719 906 1882 950; x_wconf 88' lang='lat' dir='ltr'>Capitulis</span> <span class='ocrx_word' id='word_1_448' title='bbox 1910 907 2063 952; x_wconf 84' lang='lat' dir='ltr'>redigens</span> 
     </span>
     <span class='ocr_line' id='line_1_70' title="bbox 1171 954 2063 1002; baseline 0.004 -15"><span class='ocrx_word' id='word_1_449' title='bbox 1171 964 1306 989; x_wconf 88' lang='lat' dir='ltr'>omnem</span> <span class='ocrx_word' id='word_1_450' title='bbox 1329 955 1369 988; x_wconf 89' lang='lat' dir='ltr'>de</span> <span class='ocrx_word' id='word_1_451' title='bbox 1391 954 1456 988; x_wconf 89' lang='lat' dir='ltr'>fide</span> <span class='ocrx_word' id='word_1_452' title='bbox 1477 960 1676 990; x_wconf 72' lang='lat' dir='ltr'>termonem.</span> <span class='ocrx_word' id='word_1_453' title='bbox 1704 956 1747 990; x_wconf 88' lang='lat' dir='ltr'>Et</span> <span class='ocrx_word' id='word_1_454' title='bbox 1769 958 1908 1000; x_wconf 73' lang='lat' dir='ltr'>primum</span> <span class='ocrx_word' id='word_1_455' title='bbox 1928 958 2063 1002; x_wconf 85' lang='lat' dir='ltr'>quidem</span> 
     </span>
     <span class='ocr_line' id='line_1_71' title="bbox 1171 1004 2066 1049; baseline 0.004 -12"><span class='ocrx_word' id='word_1_456' title='bbox 1171 1004 1214 1037; x_wconf 83' lang='lat' dir='ltr'>est</span> <span class='ocrx_word' id='word_1_457' title='bbox 1227 1028 1238 1044; x_wconf 93' lang='lat'>,</span> <span class='ocrx_word' id='word_1_458' title='bbox 1266 1004 1355 1047; x_wconf 87' lang='lat' dir='ltr'>quod</span> <span class='ocrx_word' id='word_1_459' title='bbox 1368 1005 1477 1037; x_wconf 69' lang='lat' dir='ltr'>Sancta</span> <span class='ocrx_word' id='word_1_460' title='bbox 1497 1006 1601 1049; x_wconf 75' lang='lat' dir='ltr'>Virgo</span> <span class='ocrx_word' id='word_1_461' title='bbox 1612 1007 1648 1039; x_wconf 86' lang='lat' dir='ltr'>fit</span> <span class='ocrx_word' id='word_1_462' title='bbox 1666 1007 1731 1042; x_wconf 88' lang='lat' dir='ltr'>Dei</span> <span class='ocrx_word' id='word_1_463' title='bbox 1744 1007 1917 1042; x_wconf 86' lang='lat' dir='ltr'>Genitrix.</span> <span class='ocrx_word' id='word_1_464' title='bbox 1944 1007 2066 1042; x_wconf 72' lang='lat' dir='ltr'>Secun-</span> 
     </span>
     <span class='ocr_line' id='line_1_72' title="bbox 1172 1051 2063 1095; baseline 0.007 -9"><span class='ocrx_word' id='word_1_465' title='bbox 1172 1051 1264 1093; x_wconf 90' lang='lat' dir='ltr'>dum,</span> <span class='ocrx_word' id='word_1_466' title='bbox 1275 1053 1351 1095; x_wconf 83' lang='lat' dir='ltr'>quia</span> <span class='ocrx_word' id='word_1_467' title='bbox 1365 1064 1448 1088; x_wconf 88' lang='lat' dir='ltr'>unus</span> <span class='ocrx_word' id='word_1_468' title='bbox 1459 1053 1503 1087; x_wconf 87' lang='lat' dir='ltr'>est</span> <span class='ocrx_word' id='word_1_469' title='bbox 1518 1053 1716 1092; x_wconf 81' lang='lat' dir='ltr'>Christus‚&amp;</span> <span class='ocrx_word' id='word_1_470' title='bbox 1728 1067 1794 1089; x_wconf 88' lang='lat' dir='ltr'>non</span> <span class='ocrx_word' id='word_1_471' title='bbox 1807 1057 1875 1092; x_wconf 88' lang='lat' dir='ltr'>duo</span> <span class='ocrx_word' id='word_1_472' title='bbox 1885 1082 1892 1089; x_wconf 92' lang='lat'><strong><em>.</em></strong></span> <span class='ocrx_word' id='word_1_473' title='bbox 1906 1056 2063 1092; x_wconf 87' lang='lat' dir='ltr'>Tertium</span> 
     </span>
     <span class='ocr_line' id='line_1_73' title="bbox 1174 1103 2062 1149; baseline 0.005 -13"><span class='ocrx_word' id='word_1_474' title='bbox 1174 1104 1249 1138; x_wconf 78' lang='lat' dir='ltr'>vero</span> <span class='ocrx_word' id='word_1_475' title='bbox 1262 1126 1272 1144; x_wconf 96' lang='lat'>,</span> <span class='ocrx_word' id='word_1_476' title='bbox 1297 1105 1371 1147; x_wconf 85' lang='lat' dir='ltr'>quia</span> <span class='ocrx_word' id='word_1_477' title='bbox 1385 1103 1732 1146; x_wconf 82' lang='lat' dir='ltr'>manensimpasfibilis</span> <span class='ocrx_word' id='word_1_478' title='bbox 1744 1104 1809 1138; x_wconf 89' lang='lat' dir='ltr'>Dei</span> <span class='ocrx_word' id='word_1_479' title='bbox 1834 1107 1945 1139; x_wconf 91' lang='lat' dir='ltr'>Sermo</span> <span class='ocrx_word' id='word_1_480' title='bbox 1959 1118 2062 1149; x_wconf 85' lang='lat' dir='ltr'>pertu-</span> 
     </span>
     <span class='ocr_line' id='line_1_74' title="bbox 1175 1152 2066 1201; baseline 0.004 -15"><span class='ocrx_word' id='word_1_481' title='bbox 1175 1154 1211 1187; x_wconf 87' lang='lat' dir='ltr'>lit</span> <span class='ocrx_word' id='word_1_482' title='bbox 1236 1154 1361 1196; x_wconf 78' lang='lat' dir='ltr'>proptia</span> <span class='ocrx_word' id='word_1_483' title='bbox 1384 1164 1481 1187; x_wconf 86' lang='lat' dir='ltr'>carne</span> <span class='ocrx_word' id='word_1_484' title='bbox 1502 1163 1562 1196; x_wconf 90' lang='lat' dir='ltr'>pro</span> <span class='ocrx_word' id='word_1_485' title='bbox 1588 1152 1700 1187; x_wconf 85' lang='lat' dir='ltr'>nobis.</span> <span class='ocrx_word' id='word_1_486' title='bbox 1728 1152 1832 1197; x_wconf 83' lang='lat' dir='ltr'>Igitur</span> <span class='ocrx_word' id='word_1_487' title='bbox 1855 1154 2066 1201; x_wconf 79' lang='lat' dir='ltr'>Religiolitas</span> 
     </span>
     <span class='ocr_line' id='line_1_75' title="bbox 1175 1201 2068 1248; baseline 0.004 -12"><span class='ocrx_word' id='word_1_488' title='bbox 1175 1203 1275 1237; x_wconf 83' lang='lat' dir='ltr'>vestra</span> <span class='ocrx_word' id='word_1_489' title='bbox 1298 1212 1448 1247; x_wconf 77' lang='lat' dir='ltr'>praeparet</span> <span class='ocrx_word' id='word_1_490' title='bbox 1471 1213 1545 1237; x_wconf 88' lang='lat' dir='ltr'>eum</span> <span class='ocrx_word' id='word_1_491' title='bbox 1560 1203 1600 1238; x_wconf 82' lang='lat' dir='ltr'>ab</span> <span class='ocrx_word' id='word_1_492' title='bbox 1613 1201 1823 1238; x_wconf 78' lang='lat' dir='ltr'>Orthodoxis</span> <span class='ocrx_word' id='word_1_493' title='bbox 1839 1203 1924 1248; x_wconf 80' lang='lat' dir='ltr'>legi.</span> <span class='ocrx_word' id='word_1_494' title='bbox 1955 1204 2068 1240; x_wconf 82' lang='lat' dir='ltr'>Place-</span> 
     </span>
     <span class='ocr_line' id='line_1_76' title="bbox 1175 1252 2068 1295; baseline 0.001 -6"><span class='ocrx_word' id='word_1_495' title='bbox 1175 1253 1221 1289; x_wconf 85' lang='lat' dir='ltr'>bit</span> <span class='ocrx_word' id='word_1_496' title='bbox 1231 1253 1320 1287; x_wconf 81' lang='lat' dir='ltr'>enim</span> <span class='ocrx_word' id='word_1_497' title='bbox 1334 1277 1345 1293; x_wconf 93' lang='lat'>‚</span> <span class='ocrx_word' id='word_1_498' title='bbox 1374 1254 1451 1289; x_wconf 85' lang='lat' dir='ltr'>ficut</span> <span class='ocrx_word' id='word_1_499' title='bbox 1464 1253 1599 1288; x_wconf 72' lang='lat' dir='ltr'>arbitror</span> <span class='ocrx_word' id='word_1_500' title='bbox 1613 1278 1624 1295; x_wconf 90' lang='lat'>‚</span> <span class='ocrx_word' id='word_1_501' title='bbox 1647 1264 1780 1289; x_wconf 86' lang='lat' dir='ltr'>omnem</span> <span class='ocrx_word' id='word_1_502' title='bbox 1793 1252 1860 1287; x_wconf 76' lang='lat' dir='ltr'>fere</span> <span class='ocrx_word' id='word_1_503' title='bbox 1870 1253 2004 1289; x_wconf 73' lang='lat' dir='ltr'>illorum</span> <span class='ocrx_word' id='word_1_504' title='bbox 2016 1256 2068 1291; x_wconf 93' lang='lat' dir='ltr'>so·</span> 
     </span>
     <span class='ocr_line' id='line_1_77' title="bbox 1176 1302 2067 1340; baseline 0.003 -3"><span class='ocrx_word' id='word_1_505' title='bbox 1176 1305 1278 1337; x_wconf 89' lang='lat' dir='ltr'>lutam</span> <span class='ocrx_word' id='word_1_506' title='bbox 1294 1302 1686 1340; x_wconf 81' lang='lat' dir='ltr'>habensexcusationem.</span> <span class='ocrx_word' id='word_1_507' title='bbox 1716 1304 1781 1338; x_wconf 91' lang='lat' dir='ltr'>Pro</span> <span class='ocrx_word' id='word_1_508' title='bbox 1802 1314 1855 1339; x_wconf 87' lang='lat' dir='ltr'>me</span> <span class='ocrx_word' id='word_1_509' title='bbox 1876 1304 1951 1339; x_wconf 79' lang='lat' dir='ltr'>vero</span> <span class='ocrx_word' id='word_1_510' title='bbox 1962 1305 2067 1340; x_wconf 86' lang='lat' dir='ltr'>faeere</span> 
     </span>
     <span class='ocr_line' id='line_1_78' title="bbox 1175 1354 2068 1398; baseline 0.001 -10"><span class='ocrx_word' id='word_1_511' title='bbox 1175 1354 1354 1388; x_wconf 86' lang='lat' dir='ltr'>Orationes</span> <span class='ocrx_word' id='word_1_512' title='bbox 1380 1366 1419 1389; x_wconf 86' lang='lat' dir='ltr'>ne</span> <span class='ocrx_word' id='word_1_513' title='bbox 1442 1355 1549 1398; x_wconf 83' lang='lat' dir='ltr'>pigeat</span> <span class='ocrx_word' id='word_1_514' title='bbox 1562 1365 1638 1388; x_wconf 86' lang='lat' dir='ltr'>vos.</span> <span class='ocrx_word' id='word_1_515' title='bbox 1668 1355 1777 1390; x_wconf 81' lang='lat' dir='ltr'>Multa</span> <span class='ocrx_word' id='word_1_516' title='bbox 1805 1355 1896 1391; x_wconf 88' lang='lat' dir='ltr'>enim</span> <span class='ocrx_word' id='word_1_517' title='bbox 1922 1355 2068 1398; x_wconf 87' lang='lat' dir='ltr'>undique</span> 
     </span>
     <span class='ocr_line' id='line_1_79' title="bbox 1177 1403 2068 1449; baseline 0.001 -11"><span class='ocrx_word' id='word_1_518' title='bbox 1177 1405 1207 1438; x_wconf 90' lang='lat' dir='ltr'>se</span> <span class='ocrx_word' id='word_1_519' title='bbox 1229 1403 1399 1440; x_wconf 82' lang='lat' dir='ltr'>effundens</span> <span class='ocrx_word' id='word_1_520' title='bbox 1421 1406 1630 1449; x_wconf 85' lang='lat' dir='ltr'>negotiorum</span> <span class='ocrx_word' id='word_1_521' title='bbox 1643 1404 1784 1440; x_wconf 67' lang='lat' dir='ltr'>coaretio</span> <span class='ocrx_word' id='word_1_522' title='bbox 1802 1406 1901 1441; x_wconf 86' lang='lat' dir='ltr'>instar</span> <span class='ocrx_word' id='word_1_523' title='bbox 1912 1403 2068 1440; x_wconf 63' lang='lat' dir='ltr'>fluctuum</span> 
     </span>
     <span class='ocr_line' id='line_1_80' title="bbox 1176 1454 2068 1493; baseline 0 -5"><span class='ocrx_word' id='word_1_524' title='bbox 1176 1454 1368 1488; x_wconf 68' lang='lat' dir='ltr'>conflistum</span> <span class='ocrx_word' id='word_1_525' title='bbox 1391 1454 1486 1490; x_wconf 87' lang='lat' dir='ltr'>habet</span> <span class='ocrx_word' id='word_1_526' title='bbox 1518 1454 1759 1490; x_wconf 69' lang='lat' dir='ltr'>intolerable‘n</span> <span class='ocrx_word' id='word_1_527' title='bbox 1821 1455 1932 1493; x_wconf 82' lang='lat' dir='ltr'>Credo</span> <span class='ocrx_word' id='word_1_528' title='bbox 1956 1465 2068 1489; x_wconf 89' lang='lat' dir='ltr'>autem</span> 
     </span>
     <span class='ocr_line' id='line_1_81' title="bbox 1177 1505 2069 1553; baseline 0 -13"><span class='ocrx_word' id='word_1_529' title='bbox 1177 1506 1210 1540; x_wconf 87' lang='lat'>&amp;</span> <span class='ocrx_word' id='word_1_530' title='bbox 1225 1516 1279 1548; x_wconf 91' lang='lat' dir='ltr'>per</span> <span class='ocrx_word' id='word_1_531' title='bbox 1301 1505 1468 1539; x_wconf 79' lang='lat' dir='ltr'>orationes</span> <span class='ocrx_word' id='word_1_532' title='bbox 1493 1505 1730 1553; x_wconf 86' lang='lat' dir='ltr'>Religiofitatis</span> <span class='ocrx_word' id='word_1_533' title='bbox 1752 1506 1860 1543; x_wconf 81' lang='lat' dir='ltr'>vestrae</span> <span class='ocrx_word' id='word_1_534' title='bbox 1882 1506 1942 1541; x_wconf 90' lang='lat' dir='ltr'>erit</span> <span class='ocrx_word' id='word_1_535' title='bbox 1951 1506 2069 1541; x_wconf 87' lang='lat' dir='ltr'>iterum</span> 
     </span>
     <span class='ocr_line' id='line_1_82' title="bbox 1179 1555 1891 1601; baseline 0.001 -10"><span class='ocrx_word' id='word_1_536' title='bbox 1179 1555 1438 1601; x_wconf 84' lang='lat' dir='ltr'>tranquillitas&amp;</span> <span class='ocrx_word' id='word_1_537' title='bbox 1449 1566 1523 1601; x_wconf 82' lang='lat' dir='ltr'>pax.</span> <span class='ocrx_word' id='word_1_538' title='bbox 1883 1555 1891 1563; x_wconf 82' lang='lat'><em>&#39;</em></span> 
     </span>
    </p>
   </div>
   <div class='ocr_carea' id='block_1_15' title="bbox 1836 1680 2041 1691">
    <p class='ocr_par' dir='ltr' id='par_1_16' title="bbox 1836 1680 2041 1691">
     <span class='ocr_line' id='line_1_83' title="bbox 1836 1680 2041 1691; baseline 0 2039"><span class='ocrx_word' id='word_1_539' title='bbox 1836 1680 2041 1691; x_wconf 95' lang='lat' dir='ltr'> </span> 
     </span>
    </p>
   </div>
   <div class='ocr_carea' id='block_1_16' title="bbox 1389 1767 2067 1824">
    <p class='ocr_par' dir='ltr' id='par_1_17' title="bbox 1389 1767 2067 1824">
     <span class='ocr_line' id='line_1_84' title="bbox 1389 1767 2067 1824; baseline 0.006 -10"><span class='ocrx_word' id='word_1_540' title='bbox 1389 1768 1490 1814; x_wconf 93' lang='lat' dir='ltr'>CA</span> <span class='ocrx_word' id='word_1_541' title='bbox 1507 1767 1652 1816; x_wconf 90' lang='lat' dir='ltr'>PUT</span> <span class='ocrx_word' id='word_1_542' title='bbox 1689 1768 1861 1816; x_wconf 87' lang='lat' dir='ltr'><strong>CCIX.</strong></span> <span class='ocrx_word' id='word_1_543' title='bbox 1924 1771 2067 1824; x_wconf 84' lang='lat'>--298</span> 
     </span>
    </p>
   </div>
   <div class='ocr_carea' id='block_1_17' title="bbox 1176 1902 2071 2043">
    <p class='ocr_par' dir='ltr' id='par_1_18' title="bbox 1176 1902 2071 2043">
     <span class='ocr_line' id='line_1_85' title="bbox 1176 1902 2071 1974; baseline 0.002 -21"><span class='ocrx_word' id='word_1_544' title='bbox 1176 1902 1358 1974; x_wconf 64' lang='lat' dir='ltr'>Ejusdem</span> <span class='ocrx_word' id='word_1_545' title='bbox 1391 1904 1529 1970; x_wconf 77' lang='lat' dir='ltr'>Cyrillz’</span> <span class='ocrx_word' id='word_1_546' title='bbox 1562 1905 1733 1974; x_wconf 80' lang='lat' dir='ltr'>Epistola</span> <span class='ocrx_word' id='word_1_547' title='bbox 1760 1907 1946 1972; x_wconf 73' lang='lat' dir='ltr'>Arssolao</span> <span class='ocrx_word' id='word_1_548' title='bbox 1973 1911 2071 1955; x_wconf 73' lang='lat' dir='ltr'>Tri-</span> 
     </span>
     <span class='ocr_line' id='line_1_86' title="bbox 1408 1977 1999 2043; baseline 0.002 -19"><span class='ocrx_word' id='word_1_549' title='bbox 1408 1977 1502 2024; x_wconf 75' lang='lat' dir='ltr'>buno</span> <span class='ocrx_word' id='word_1_550' title='bbox 1535 1982 1596 2024; x_wconf 61' lang='lat'>&lt;9¹</span> <span class='ocrx_word' id='word_1_551' title='bbox 1623 1982 1830 2043; x_wconf 68' lang='lat' dir='ltr'>Notario.</span> <span class='ocrx_word' id='word_1_552' title='bbox 1994 1979 1999 1983; x_wconf 73' lang='grc'>’</span> 
     </span>
    </p>
   </div>
   <div class='ocr_carea' id='block_1_18' title="bbox 1167 2096 2076 3338">
    <p class='ocr_par' dir='ltr' id='par_1_19' title="bbox 1167 2096 2076 3338">
     <span class='ocr_line' id='line_1_87' title="bbox 1252 2096 2076 2144; baseline 0.007 -14"><span class='ocrx_word' id='word_1_553' title='bbox 1252 2096 1357 2133; x_wconf 83' lang='lat' dir='ltr'>larum</span> <span class='ocrx_word' id='word_1_554' title='bbox 1379 2099 1615 2138; x_wconf 71' lang='lat' dir='ltr'>Sanffionum,</span> <span class='ocrx_word' id='word_1_555' title='bbox 1640 2109 1712 2142; x_wconf 79' lang='lat' dir='ltr'>quae</span> <span class='ocrx_word' id='word_1_556' title='bbox 1734 2110 1840 2144; x_wconf 85' lang='lat' dir='ltr'>nuper</span> <span class='ocrx_word' id='word_1_557' title='bbox 1857 2100 1897 2136; x_wconf 88' lang='lat' dir='ltr'>ad</span> <span class='ocrx_word' id='word_1_558' title='bbox 1924 2100 2076 2137; x_wconf 85' lang='lat' dir='ltr'>Admira-</span> 
     </span>
     <span class='ocr_line' id='line_1_88' title="bbox 1275 2148 2072 2190; baseline 0.008 -8"><span class='ocrx_word' id='word_1_559' title='bbox 1275 2148 1437 2183; x_wconf 84' lang='lat' dir='ltr'>bilitatem</span> <span class='ocrx_word' id='word_1_560' title='bbox 1458 2160 1549 2183; x_wconf 84' lang='lat' dir='ltr'>tuam</span> <span class='ocrx_word' id='word_1_561' title='bbox 1575 2151 1648 2183; x_wconf 92' lang='lat' dir='ltr'>sunt</span> <span class='ocrx_word' id='word_1_562' title='bbox 1670 2151 1856 2183; x_wconf 61' lang='lat' dir='ltr'>transmissas</span> <span class='ocrx_word' id='word_1_563' title='bbox 1876 2175 1888 2190; x_wconf 94' lang='lat'>‚</span> <span class='ocrx_word' id='word_1_564' title='bbox 1915 2154 2072 2188; x_wconf 78' lang='lat' dir='ltr'>virtutem</span> 
     </span>
     <span class='ocr_line' id='line_1_89' title="bbox 1178 2197 2073 2243; baseline 0 -13"><span class='ocrx_word' id='word_1_565' title='bbox 1178 2197 1406 2230; x_wconf 79' lang='lat' dir='ltr'>addidicerant</span> <span class='ocrx_word' id='word_1_566' title='bbox 1417 2207 1533 2230; x_wconf 83' lang='lat' dir='ltr'>omnes</span> <span class='ocrx_word' id='word_1_567' title='bbox 1543 2221 1553 2236; x_wconf 85' lang='lat'>,</span> <span class='ocrx_word' id='word_1_568' title='bbox 1581 2207 1648 2230; x_wconf 90' lang='lat' dir='ltr'>tam</span> <span class='ocrx_word' id='word_1_569' title='bbox 1662 2199 1717 2238; x_wconf 85' lang='lat' dir='ltr'>qui</span> <span class='ocrx_word' id='word_1_570' title='bbox 1732 2197 1850 2230; x_wconf 86' lang='lat' dir='ltr'>suntin</span> <span class='ocrx_word' id='word_1_571' title='bbox 1864 2209 1983 2243; x_wconf 85' lang='lat' dir='ltr'>magna</span> <span class='ocrx_word' id='word_1_572' title='bbox 1997 2202 2073 2236; x_wconf 81' lang='lat' dir='ltr'>Ale-</span> 
     </span>
     <span class='ocr_line' id='line_1_90' title="bbox 1178 2243 2070 2294; baseline 0.008 -17"><span class='ocrx_word' id='word_1_573' title='bbox 1178 2243 1313 2278; x_wconf 84' lang='lat' dir='ltr'>xandria</span> <span class='ocrx_word' id='word_1_574' title='bbox 1324 2246 1467 2285; x_wconf 75' lang='lat' dir='ltr'>zelatae,</span> <span class='ocrx_word' id='word_1_575' title='bbox 1493 2256 1592 2288; x_wconf 80' lang='lat' dir='ltr'>quam</span> <span class='ocrx_word' id='word_1_576' title='bbox 1604 2247 1659 2287; x_wconf 91' lang='lat' dir='ltr'>qui</span> <span class='ocrx_word' id='word_1_577' title='bbox 1674 2256 1727 2288; x_wconf 86' lang='lat' dir='ltr'>per</span> <span class='ocrx_word' id='word_1_578' title='bbox 1737 2247 1920 2282; x_wconf 80' lang='lat' dir='ltr'>universam</span> <span class='ocrx_word' id='word_1_579' title='bbox 1936 2261 2070 2294; x_wconf 85' lang='lat' dir='ltr'>quoque</span> 
     </span>
     <span class='ocr_line' id='line_1_91' title="bbox 1178 2293 2069 2341; baseline 0.009 -14"><span class='ocrx_word' id='word_1_580' title='bbox 1178 2293 1369 2338; x_wconf 87' lang='lat' dir='ltr'>AEgyptum</span> <span class='ocrx_word' id='word_1_581' title='bbox 1391 2295 1630 2339; x_wconf 86' lang='lat' dir='ltr'>Episcoporum</span> <span class='ocrx_word' id='word_1_582' title='bbox 1652 2295 1898 2341; x_wconf 77' lang='lat' dir='ltr'>Religiofiffimi</span> <span class='ocrx_word' id='word_1_583' title='bbox 1918 2323 1928 2339; x_wconf 86' lang='lat'>‚</span> <span class='ocrx_word' id='word_1_584' title='bbox 1954 2301 1989 2334; x_wconf 73' lang='grc' dir='ltr'>ἀ</span> <span class='ocrx_word' id='word_1_585' title='bbox 2003 2311 2069 2335; x_wconf 86' lang='lat' dir='ltr'>rur·</span> 
     </span>
     <span class='ocr_line' id='line_1_92' title="bbox 1177 2344 2068 2388; baseline 0.01 -11"><span class='ocrx_word' id='word_1_586' title='bbox 1177 2344 1227 2377; x_wconf 87' lang='lat' dir='ltr'>sus</span> <span class='ocrx_word' id='word_1_587' title='bbox 1247 2345 1412 2378; x_wconf 84' lang='lat' dir='ltr'>orationes</span> <span class='ocrx_word' id='word_1_588' title='bbox 1431 2356 1490 2388; x_wconf 90' lang='lat' dir='ltr'>pro</span> <span class='ocrx_word' id='word_1_589' title='bbox 1513 2345 1613 2379; x_wconf 87' lang='lat' dir='ltr'>donis</span> <span class='ocrx_word' id='word_1_590' title='bbox 1632 2347 1814 2382; x_wconf 85' lang='lat' dir='ltr'>obtulimus</span> <span class='ocrx_word' id='word_1_591' title='bbox 1838 2348 2068 2386; x_wconf 77' lang='lat' dir='ltr'>intentissimas</span> 
     </span>
     <span class='ocr_line' id='line_1_93' title="bbox 1178 2393 2069 2439; baseline 0.007 -11"><span class='ocrx_word' id='word_1_592' title='bbox 1178 2395 1252 2428; x_wconf 91' lang='lat' dir='ltr'>Deo</span> <span class='ocrx_word' id='word_1_593' title='bbox 1264 2394 1306 2428; x_wconf 92' lang='lat' dir='ltr'>de</span> <span class='ocrx_word' id='word_1_594' title='bbox 1318 2393 1449 2428; x_wconf 74' lang='lat' dir='ltr'>vistotia</span> <span class='ocrx_word' id='word_1_595' title='bbox 1460 2419 1471 2434; x_wconf 89' lang='lat'>‚</span> <span class='ocrx_word' id='word_1_596' title='bbox 1498 2395 1533 2429; x_wconf 87' lang='lat'>&amp;</span> <span class='ocrx_word' id='word_1_597' title='bbox 1546 2397 1767 2439; x_wconf 77' lang='lat' dir='ltr'>permansione</span> <span class='ocrx_word' id='word_1_598' title='bbox 1777 2399 1959 2433; x_wconf 88' lang='lat' dir='ltr'>amicorum</span> <span class='ocrx_word' id='word_1_599' title='bbox 1971 2400 2069 2434; x_wconf 82' lang='lat' dir='ltr'>Chri-</span> 
     </span>
     <span class='ocr_line' id='line_1_94' title="bbox 1177 2443 2065 2492; baseline 0.009 -16"><span class='ocrx_word' id='word_1_600' title='bbox 1177 2443 1214 2476; x_wconf 87' lang='lat' dir='ltr'>sti</span> <span class='ocrx_word' id='word_1_601' title='bbox 1227 2467 1238 2484; x_wconf 92' lang='lat'>‚</span> <span class='ocrx_word' id='word_1_602' title='bbox 1265 2445 1298 2478; x_wconf 88' lang='lat'>&amp;</span> <span class='ocrx_word' id='word_1_603' title='bbox 1311 2444 1637 2488; x_wconf 84' lang='lat' dir='ltr'>Religioliffimorum</span> <span class='ocrx_word' id='word_1_604' title='bbox 1651 2445 1841 2492; x_wconf 84' lang='lat' dir='ltr'>Principum</span> <span class='ocrx_word' id='word_1_605' title='bbox 1855 2449 2041 2484; x_wconf 78' lang='lat' dir='ltr'>nostrorum</span> <span class='ocrx_word' id='word_1_606' title='bbox 2053 2476 2065 2492; x_wconf 88' lang='lat'>,</span> 
     </span>
     <span class='ocr_line' id='line_1_95' title="bbox 1176 2495 2065 2541; baseline 0.008 -14"><span class='ocrx_word' id='word_1_607' title='bbox 1176 2504 1256 2538; x_wconf 88' lang='lat' dir='ltr'>quos</span> <span class='ocrx_word' id='word_1_608' title='bbox 1279 2495 1312 2528; x_wconf 90' lang='lat'>&amp;</span> <span class='ocrx_word' id='word_1_609' title='bbox 1332 2495 1506 2540; x_wconf 87' lang='lat' dir='ltr'>contingat</span> <span class='ocrx_word' id='word_1_610' title='bbox 1530 2497 1735 2541; x_wconf 87' lang='lat' dir='ltr'>magnificari</span> <span class='ocrx_word' id='word_1_611' title='bbox 1748 2509 1862 2532; x_wconf 87' lang='lat' dir='ltr'>contra</span> <span class='ocrx_word' id='word_1_612' title='bbox 1875 2498 2003 2539; x_wconf 85' lang='lat' dir='ltr'>hostes,</span> <span class='ocrx_word' id='word_1_613' title='bbox 2029 2501 2065 2535; x_wconf 76' lang='grc' dir='ltr'>δε</span> 
     </span>
     <span class='ocr_line' id='line_1_96' title="bbox 1175 2543 2064 2585; baseline 0.009 -8"><span class='ocrx_word' id='word_1_614' title='bbox 1175 2543 1377 2579; x_wconf 87' lang='lat' dir='ltr'>corroborari</span> <span class='ocrx_word' id='word_1_615' title='bbox 1409 2544 1558 2580; x_wconf 65' lang='lat' dir='ltr'>adversus</span> <span class='ocrx_word' id='word_1_616' title='bbox 1588 2558 1723 2581; x_wconf 88' lang='lat' dir='ltr'>ornnem</span> <span class='ocrx_word' id='word_1_617' title='bbox 1751 2548 1962 2583; x_wconf 80' lang='lat' dir='ltr'>refistemium</span> <span class='ocrx_word' id='word_1_618' title='bbox 1997 2561 2064 2585; x_wconf 85' lang='lat' dir='ltr'>ma-</span> 
     </span>
     <span class='ocr_line' id='line_1_97' title="bbox 1175 2594 2061 2643; baseline 0.007 -16"><span class='ocrx_word' id='word_1_619' title='bbox 1175 2605 1255 2628; x_wconf 90' lang='lat' dir='ltr'>num</span> <span class='ocrx_word' id='word_1_620' title='bbox 1268 2619 1281 2636; x_wconf 92' lang='lat'>,</span> <span class='ocrx_word' id='word_1_621' title='bbox 1306 2606 1342 2629; x_wconf 93' lang='lat' dir='ltr'>ut</span> <span class='ocrx_word' id='word_1_622' title='bbox 1354 2594 1450 2630; x_wconf 86' lang='lat' dir='ltr'>fimus</span> <span class='ocrx_word' id='word_1_623' title='bbox 1460 2607 1577 2630; x_wconf 87' lang='lat' dir='ltr'>omnes</span> <span class='ocrx_word' id='word_1_624' title='bbox 1590 2596 1623 2629; x_wconf 91' lang='lat' dir='ltr'>in</span> <span class='ocrx_word' id='word_1_625' title='bbox 1640 2608 1716 2640; x_wconf 89' lang='lat' dir='ltr'>pace</span> <span class='ocrx_word' id='word_1_626' title='bbox 1728 2607 1825 2643; x_wconf 83' lang='lat' dir='ltr'>atque</span> <span class='ocrx_word' id='word_1_627' title='bbox 1847 2599 1974 2634; x_wconf 81' lang='lat' dir='ltr'>laetitia.</span> <span class='ocrx_word' id='word_1_628' title='bbox 2005 2600 2061 2636; x_wconf 87' lang='lat' dir='ltr'>Est</span> 
     </span>
     <span class='ocr_line' id='line_1_98' title="bbox 1175 2644 2062 2693; baseline 0.008 -16"><span class='ocrx_word' id='word_1_629' title='bbox 1175 2644 1252 2679; x_wconf 76' lang='lat' dir='ltr'>vero</span> <span class='ocrx_word' id='word_1_630' title='bbox 1279 2645 1312 2679; x_wconf 83' lang='lat' dir='ltr'>id</span> <span class='ocrx_word' id='word_1_631' title='bbox 1334 2646 1368 2680; x_wconf 77' lang='grc' dir='ltr'>ἀ</span> <span class='ocrx_word' id='word_1_632' title='bbox 1387 2656 1448 2680; x_wconf 87' lang='lat' dir='ltr'>tuae</span> <span class='ocrx_word' id='word_1_633' title='bbox 1469 2644 1745 2682; x_wconf 85' lang='lat' dir='ltr'>Admirabilitatis</span> <span class='ocrx_word' id='word_1_634' title='bbox 1765 2649 1872 2683; x_wconf 87' lang='lat' dir='ltr'>studio</span> <span class='ocrx_word' id='word_1_635' title='bbox 1898 2650 2038 2693; x_wconf 88' lang='lat' dir='ltr'>dignum</span> <span class='ocrx_word' id='word_1_636' title='bbox 2053 2676 2062 2684; x_wconf 83' lang='lat'><strong>.</strong></span> 
     </span>
     <span class='ocr_line' id='line_1_99' title="bbox 1175 2695 2061 2743; baseline 0.006 -14"><span class='ocrx_word' id='word_1_637' title='bbox 1175 2695 1436 2738; x_wconf 87' lang='lat' dir='ltr'>Oportuitenim</span> <span class='ocrx_word' id='word_1_638' title='bbox 1455 2706 1491 2731; x_wconf 92' lang='lat' dir='ltr'>ut</span> <span class='ocrx_word' id='word_1_639' title='bbox 1503 2695 1563 2730; x_wconf 90' lang='lat' dir='ltr'>tibi</span> <span class='ocrx_word' id='word_1_640' title='bbox 1580 2721 1591 2737; x_wconf 93' lang='lat'>,</span> <span class='ocrx_word' id='word_1_641' title='bbox 1617 2698 1674 2741; x_wconf 91' lang='lat' dir='ltr'>qui</span> <span class='ocrx_word' id='word_1_642' title='bbox 1697 2698 1833 2739; x_wconf 86' lang='lat' dir='ltr'>talises,</span> <span class='ocrx_word' id='word_1_643' title='bbox 1860 2700 1966 2743; x_wconf 87' lang='lat' dir='ltr'>&amp;qui</span> <span class='ocrx_word' id='word_1_644' title='bbox 1981 2700 2061 2734; x_wconf 90' lang='lat' dir='ltr'>mul-</span> 
     </span>
     <span class='ocr_line' id='line_1_100' title="bbox 1175 2745 2057 2790; baseline 0.007 -11"><span class='ocrx_word' id='word_1_645' title='bbox 1175 2746 1245 2780; x_wconf 77' lang='lat' dir='ltr'>tum</span> <span class='ocrx_word' id='word_1_646' title='bbox 1258 2746 1401 2781; x_wconf 87' lang='lat' dir='ltr'>intendis</span> <span class='ocrx_word' id='word_1_647' title='bbox 1412 2745 1500 2790; x_wconf 89' lang='lat' dir='ltr'>quod</span> <span class='ocrx_word' id='word_1_648' title='bbox 1513 2748 1602 2790; x_wconf 90' lang='lat' dir='ltr'>pium</span> <span class='ocrx_word' id='word_1_649' title='bbox 1628 2748 1672 2781; x_wconf 84' lang='lat' dir='ltr'>est</span> <span class='ocrx_word' id='word_1_650' title='bbox 1685 2772 1699 2788; x_wconf 83' lang='lat'>,</span> <span class='ocrx_word' id='word_1_651' title='bbox 1726 2749 1760 2782; x_wconf 78' lang='grc' dir='ltr'>ἀ</span> <span class='ocrx_word' id='word_1_652' title='bbox 1772 2748 1871 2783; x_wconf 88' lang='lat' dir='ltr'>habes</span> <span class='ocrx_word' id='word_1_653' title='bbox 1892 2750 2057 2785; x_wconf 85' lang='lat' dir='ltr'>fervidum</span> 
     </span>
     <span class='ocr_line' id='line_1_101' title="bbox 1174 2795 2055 2841; baseline 0.005 -11"><span class='ocrx_word' id='word_1_654' title='bbox 1174 2796 1300 2837; x_wconf 90' lang='lat' dir='ltr'>zelum,</span> <span class='ocrx_word' id='word_1_655' title='bbox 1326 2795 1402 2830; x_wconf 88' lang='lat' dir='ltr'>dico</span> <span class='ocrx_word' id='word_1_656' title='bbox 1424 2806 1533 2830; x_wconf 85' lang='lat' dir='ltr'>autem</span> <span class='ocrx_word' id='word_1_657' title='bbox 1548 2821 1558 2835; x_wconf 88' lang='lat'><strong><em>‚</em></strong></span> <span class='ocrx_word' id='word_1_658' title='bbox 1585 2807 1642 2840; x_wconf 90' lang='lat' dir='ltr'>pro</span> <span class='ocrx_word' id='word_1_659' title='bbox 1656 2799 1776 2841; x_wconf 87' lang='lat' dir='ltr'>pietate</span> <span class='ocrx_word' id='word_1_660' title='bbox 1799 2799 2055 2834; x_wconf 78' lang='lat' dir='ltr'>&amp;immaculata</span> 
     </span>
     <span class='ocr_line' id='line_1_102' title="bbox 1173 2845 2055 2890; baseline 0.003 -11"><span class='ocrx_word' id='word_1_661' title='bbox 1173 2845 1237 2880; x_wconf 90' lang='lat' dir='ltr'>fide</span> <span class='ocrx_word' id='word_1_662' title='bbox 1249 2847 1508 2880; x_wconf 87' lang='lat' dir='ltr'>committeretur</span> <span class='ocrx_word' id='word_1_663' title='bbox 1528 2847 1561 2880; x_wconf 74' lang='grc' dir='ltr'>δι</span> <span class='ocrx_word' id='word_1_664' title='bbox 1577 2846 1659 2881; x_wconf 91' lang='lat' dir='ltr'>hoc.</span> <span class='ocrx_word' id='word_1_665' title='bbox 1693 2848 1734 2880; x_wconf 91' lang='lat' dir='ltr'>Et</span> <span class='ocrx_word' id='word_1_666' title='bbox 1745 2846 1877 2880; x_wconf 79' lang='lat' dir='ltr'>orabam</span> <span class='ocrx_word' id='word_1_667' title='bbox 1897 2849 2030 2890; x_wconf 87' lang='lat' dir='ltr'>quidem</span> <span class='ocrx_word' id='word_1_668' title='bbox 2043 2873 2055 2889; x_wconf 90' lang='lat'>,</span> 
     </span>
     <span class='ocr_line' id='line_1_103' title="bbox 1173 2895 2054 2942; baseline 0.003 -13"><span class='ocrx_word' id='word_1_669' title='bbox 1173 2906 1209 2930; x_wconf 91' lang='lat' dir='ltr'>ut</span> <span class='ocrx_word' id='word_1_670' title='bbox 1230 2907 1345 2930; x_wconf 86' lang='lat' dir='ltr'>omnes</span> <span class='ocrx_word' id='word_1_671' title='bbox 1369 2908 1422 2939; x_wconf 86' lang='lat' dir='ltr'>per</span> <span class='ocrx_word' id='word_1_672' title='bbox 1433 2896 1604 2930; x_wconf 86' lang='lat' dir='ltr'>Orientem</span> <span class='ocrx_word' id='word_1_673' title='bbox 1629 2895 1874 2940; x_wconf 81' lang='lat' dir='ltr'>Religiofiffimi</span> <span class='ocrx_word' id='word_1_674' title='bbox 1900 2897 2054 2942; x_wconf 85' lang='lat' dir='ltr'>Episcopi</span> 
     </span>
     <span class='ocr_line' id='line_1_104' title="bbox 1172 2945 2053 2989; baseline 0.005 -11"><span class='ocrx_word' id='word_1_675' title='bbox 1172 2956 1231 2980; x_wconf 89' lang='lat' dir='ltr'>nec</span> <span class='ocrx_word' id='word_1_676' title='bbox 1243 2947 1404 2989; x_wconf 54' lang='lat' dir='ltr'>suspecti&amp;</span> <span class='ocrx_word' id='word_1_677' title='bbox 1417 2946 1576 2988; x_wconf 86' lang='lat' dir='ltr'>principio</span> <span class='ocrx_word' id='word_1_678' title='bbox 1600 2945 1764 2979; x_wconf 87' lang='lat' dir='ltr'>ullatenus</span> <span class='ocrx_word' id='word_1_679' title='bbox 1782 2946 1893 2981; x_wconf 81' lang='lat' dir='ltr'>fierent</span> <span class='ocrx_word' id='word_1_680' title='bbox 1914 2948 1954 2981; x_wconf 88' lang='lat' dir='ltr'>de</span> <span class='ocrx_word' id='word_1_681' title='bbox 1965 2948 2053 2982; x_wconf 85' lang='lat' dir='ltr'>malo</span> 
     </span>
     <span class='ocr_line' id='line_1_105' title="bbox 1171 2995 2054 3040; baseline 0.005 -12"><span class='ocrx_word' id='word_1_682' title='bbox 1171 2995 1262 3030; x_wconf 81' lang='lat' dir='ltr'>sensu</span> <span class='ocrx_word' id='word_1_683' title='bbox 1287 2996 1451 3036; x_wconf 84' lang='lat' dir='ltr'>Nestorii,</span> <span class='ocrx_word' id='word_1_684' title='bbox 1477 2996 1527 3029; x_wconf 92' lang='lat' dir='ltr'>sed</span> <span class='ocrx_word' id='word_1_685' title='bbox 1550 2995 1707 3030; x_wconf 73' lang='lat' dir='ltr'>sinceram</span> <span class='ocrx_word' id='word_1_686' title='bbox 1730 2996 1763 3029; x_wconf 91' lang='lat'>&amp;</span> <span class='ocrx_word' id='word_1_687' title='bbox 1785 2997 1878 3030; x_wconf 91' lang='lat' dir='ltr'>omni</span> <span class='ocrx_word' id='word_1_688' title='bbox 1901 2997 2054 3040; x_wconf 87' lang='lat' dir='ltr'>inquina-</span> 
     </span>
     <span class='ocr_line' id='line_1_106' title="bbox 1171 3045 2050 3089; baseline 0.003 -10"><span class='ocrx_word' id='word_1_689' title='bbox 1171 3056 1284 3080; x_wconf 88' lang='lat' dir='ltr'>mento</span> <span class='ocrx_word' id='word_1_690' title='bbox 1305 3045 1436 3080; x_wconf 87' lang='lat' dir='ltr'>liberam</span> <span class='ocrx_word' id='word_1_691' title='bbox 1446 3045 1642 3089; x_wconf 84' lang='lat' dir='ltr'>opinionem</span> <span class='ocrx_word' id='word_1_692' title='bbox 1656 3069 1667 3085; x_wconf 97' lang='lat'>,</span> <span class='ocrx_word' id='word_1_693' title='bbox 1693 3045 1843 3088; x_wconf 88' lang='lat' dir='ltr'>&amp;ipsum</span> <span class='ocrx_word' id='word_1_694' title='bbox 1858 3058 1914 3080; x_wconf 91' lang='lat' dir='ltr'>cor</span> <span class='ocrx_word' id='word_1_695' title='bbox 1924 3046 2050 3082; x_wconf 84' lang='lat' dir='ltr'>habuis-</span> 
     </span>
     <span class='ocr_line' id='line_1_107' title="bbox 1171 3094 2047 3132; baseline 0.003 -3"><span class='ocrx_word' id='word_1_696' title='bbox 1171 3097 1255 3129; x_wconf 89' lang='lat' dir='ltr'>sent.</span> <span class='ocrx_word' id='word_1_697' title='bbox 1281 3096 1335 3131; x_wconf 88' lang='lat' dir='ltr'>Sic</span> <span class='ocrx_word' id='word_1_698' title='bbox 1354 3097 1443 3130; x_wconf 88' lang='lat' dir='ltr'>enim</span> <span class='ocrx_word' id='word_1_699' title='bbox 1457 3094 1589 3129; x_wconf 90' lang='lat' dir='ltr'>verbum</span> <span class='ocrx_word' id='word_1_700' title='bbox 1614 3096 1759 3129; x_wconf 85' lang='lat' dir='ltr'>veritatis</span> <span class='ocrx_word' id='word_1_701' title='bbox 1781 3096 1864 3130; x_wconf 73' lang='lat' dir='ltr'>reste</span> <span class='ocrx_word' id='word_1_702' title='bbox 1877 3099 2047 3132; x_wconf 65' lang='lat' dir='ltr'>tractantes</span> 
     </span>
     <span class='ocr_line' id='line_1_108' title="bbox 1169 3144 2048 3188; baseline 0.002 -9"><span class='ocrx_word' id='word_1_703' title='bbox 1169 3156 1278 3179; x_wconf 87' lang='lat' dir='ltr'>curam</span> <span class='ocrx_word' id='word_1_704' title='bbox 1300 3146 1469 3180; x_wconf 88' lang='lat' dir='ltr'>decentem</span> <span class='ocrx_word' id='word_1_705' title='bbox 1489 3144 1701 3187; x_wconf 87' lang='lat' dir='ltr'>probatiffimi</span> <span class='ocrx_word' id='word_1_706' title='bbox 1725 3145 1901 3181; x_wconf 83' lang='lat' dir='ltr'>induissent</span> <span class='ocrx_word' id='word_1_707' title='bbox 1927 3173 1934 3179; x_wconf 91' lang='lat'>.</span> <span class='ocrx_word' id='word_1_708' title='bbox 1963 3148 2048 3188; x_wconf 91' lang='lat' dir='ltr'>Sed,</span> 
     </span>
     <span class='ocr_line' id='line_1_109' title="bbox 1169 3194 2045 3240; baseline 0.002 -11"><span class='ocrx_word' id='word_1_709' title='bbox 1169 3206 1204 3229; x_wconf 91' lang='lat' dir='ltr'>ut</span> <span class='ocrx_word' id='word_1_710' title='bbox 1223 3195 1378 3234; x_wconf 85' lang='lat' dir='ltr'>addisco,</span> <span class='ocrx_word' id='word_1_711' title='bbox 1403 3196 1518 3239; x_wconf 85' lang='lat' dir='ltr'>lingua</span> <span class='ocrx_word' id='word_1_712' title='bbox 1543 3194 1676 3237; x_wconf 88' lang='lat' dir='ltr'>quidem</span> <span class='ocrx_word' id='word_1_713' title='bbox 1704 3196 1882 3236; x_wconf 88' lang='lat' dir='ltr'>nonnulli,</span> <span class='ocrx_word' id='word_1_714' title='bbox 1908 3196 2045 3240; x_wconf 86' lang='lat' dir='ltr'>&amp;quod</span> 
     </span>
     <span class='ocr_line' id='line_1_110' title="bbox 1167 3243 2048 3288; baseline 0.002 -9"><span class='ocrx_word' id='word_1_715' title='bbox 1167 3246 1282 3279; x_wconf 86' lang='lat' dir='ltr'>attinet</span> <span class='ocrx_word' id='word_1_716' title='bbox 1294 3247 1394 3288; x_wconf 83' lang='lat' dir='ltr'>usque</span> <span class='ocrx_word' id='word_1_717' title='bbox 1412 3243 1451 3278; x_wconf 88' lang='lat' dir='ltr'>ad</span> <span class='ocrx_word' id='word_1_718' title='bbox 1464 3246 1645 3278; x_wconf 89' lang='lat' dir='ltr'>sermonem</span> <span class='ocrx_word' id='word_1_719' title='bbox 1657 3268 1668 3284; x_wconf 93' lang='lat'>‚</span> <span class='ocrx_word' id='word_1_720' title='bbox 1694 3244 1974 3280; x_wconf 85' lang='lat' dir='ltr'>anathematizant</span> <span class='ocrx_word' id='word_1_721' title='bbox 1990 3258 2048 3281; x_wconf 89' lang='lat' dir='ltr'>ve-</span> 
     </span>
     <span class='ocr_line' id='line_1_111' title="bbox 1167 3293 2041 3338; baseline 0.001 -9"><span class='ocrx_word' id='word_1_722' title='bbox 1167 3295 1288 3330; x_wconf 79' lang='lat' dir='ltr'>saniam</span> <span class='ocrx_word' id='word_1_723' title='bbox 1306 3294 1469 3332; x_wconf 87' lang='lat' dir='ltr'>Nestorii,</span> <span class='ocrx_word' id='word_1_724' title='bbox 1498 3294 1618 3328; x_wconf 88' lang='lat' dir='ltr'>audent</span> <span class='ocrx_word' id='word_1_725' title='bbox 1633 3293 1710 3328; x_wconf 78' lang='lat' dir='ltr'>vero</span> <span class='ocrx_word' id='word_1_726' title='bbox 1723 3297 1827 3329; x_wconf 89' lang='lat' dir='ltr'>rursus</span> <span class='ocrx_word' id='word_1_727' title='bbox 1839 3307 1876 3329; x_wconf 91' lang='lat' dir='ltr'>ea</span> <span class='ocrx_word' id='word_1_728' title='bbox 1889 3297 1921 3331; x_wconf 90' lang='lat'>&amp;</span> <span class='ocrx_word' id='word_1_729' title='bbox 1934 3298 2041 3338; x_wconf 88' lang='lat' dir='ltr'>sapere</span> 
     </span>
    </p>
   </div>
   <div class='ocr_carea' id='block_1_19' title="bbox 1165 3343 2042 3436">
    <p class='ocr_par' dir='ltr' id='par_1_20' title="bbox 1165 3343 2042 3436">
     <span class='ocr_line' id='line_1_112' title="bbox 1165 3343 2042 3427; baseline -0.001 -47"><span class='ocrx_word' id='word_1_730' title='bbox 1165 3344 1322 3391; x_wconf 86' lang='lat' dir='ltr'>&amp;loqui,</span> <span class='ocrx_word' id='word_1_731' title='bbox 1349 3357 1419 3389; x_wconf 85' lang='lat' dir='ltr'>quae</span> <span class='ocrx_word' id='word_1_732' title='bbox 1429 3343 1496 3387; x_wconf 84' lang='lat' dir='ltr'>ejus</span> <span class='ocrx_word' id='word_1_733' title='bbox 1517 3346 1608 3379; x_wconf 88' lang='lat' dir='ltr'>sunt.</span> <span class='ocrx_word' id='word_1_734' title='bbox 1636 3345 1680 3378; x_wconf 87' lang='lat' dir='ltr'>Et</span> <span class='ocrx_word' id='word_1_735' title='bbox 1696 3345 1888 3382; x_wconf 87' lang='lat' dir='ltr'>incredibile</span> <span class='ocrx_word' id='word_1_736' title='bbox 1908 3346 2042 3427; x_wconf 42' lang='lat' dir='ltr'>quadem</span> 
     </span>
     <span class='ocr_line' id='line_1_113' title="bbox 1928 3405 1995 3436; baseline 0 0"><span class='ocrx_word' id='word_1_737' title='bbox 1928 3405 1946 3430; x_wconf 71' lang='lat' dir='ltr'>e</span> <span class='ocrx_word' id='word_1_738' title='bbox 1982 3418 1995 3436; x_wconf 72' lang='lat' dir='ltr'>a</span> 
     </span>
    </p>
   </div>
  </div>
 </body>
</html>
