2320 3730
637 215 949 270 Senotrrs,
989 228 1050 259 Ετ
1084 211 1279 258 Nous
1316 224 1702 259 utus-riman.

1912 232 2005 281 345

251 294 344 329 Grex
355 292 520 328 Christum
532 294 673 340 diligens
684 296 831 332 sustulit.
857 295 970 330 Multo
990 292 1149 345 amplius!
1197 291 1238 326 ad
1259 290 1507 328 satisfactionem
1540 292 1677 327 vestram
1701 319 1711 334 ‚
1737 298 1769 330 &
1789 307 1825 333 ut
1849 299 1944 343 poffit
1964 300 2073 336 videre

252 343 330 379 vero
337 353 374 378 ea
385 367 396 383 ‚
422 355 493 387 quae
501 343 543 379 ab
555 347 702 380 universa
715 346 937 384 Multitudine
956 344 1131 379 acclamata
1199 341 1354 376 Amatrix
1364 340 1486 375 Christi
1499 341 1639 380 Ecclesia
1653 343 1753 378 vestra
1763 367 1773 383 ,
1798 349 1885 390 quod
1899 361 1964 384 non
1977 362 2072 386 occa·

251 393 325 426 sunt
345 417 357 433 ,
379 393 465 442 circa
486 405 562 428 eum
589 407 715 439 quanto
734 398 850 432 affectu
870 395 1128 438 constringeren-

249 451 302 476 tut
322 467 333 484 ‚
360 442 536 479 ostendunt
548 469 558 485 ,
584 444 729 481 defiderii
749 447 937 490 aequitatem
952 470 963 485 ,
988 445 1022 479 ὅ(
1041 442 1130 477 orbi-

248 492 327 526 tatis
338 493 608 536 amaritudinem,
633 496 830 541 &angustiae
850 495 1032 529 rationem.
1059 493 1125 527 Etsi

248 543 444 586 superfluum
463 544 654 585 duxerimus
671 547 801 586 easdem
812 557 908 581 voces
930 542 1128 584 adscribere,

247 592 369 637 quippe
387 604 425 629 ut
446 594 546 629 nimis
571 596 725 639 plurimas
749 597 945 637 existentes,
968 594 1128 633 &contra

248 643 377 687 aliquos
396 643 608 688 blasphemias
624 645 716 685 valde
738 645 936 690 multiplices
957 644 1129 680 continen-

249 702 299 727 tes
322 717 331 725 .
358 693 467 729 Unde
497 695 531 733 ἀ
554 695 661 735 bonus
682 698 826 741 Ioannes
850 694 992 730 omnino
1018 693 1129 729 formi-

247 742 352 787 dans,
378 754 475 789 atque
495 757 573 787 eos,
599 746 656 791 qui
676 746 727 785 his
751 747 796 786 uli
820 746 897 785 sunt
919 770 930 786 ,
956 755 1128 785 metuens,

249 792 309 828 has
330 795 467 838 protulit
488 806 584 830 voces
604 820 615 837 ,
640 795 675 831 dt
701 807 756 841 per
781 795 868 831 hanc
891 795 1129 831 allocutionem.

249 843 402 886 scriptam.
412 844 459 880 eis
466 846 727 885 consolationem
740 871 752 892 ,
777 848 833 887 seu
845 846 957 894 potius
968 844 1132 889 deceptio*

250 903 328 929 nem
337 893 481 931 obtulit,

452 1051 944 1097 Senos-101«.

356 1195 410 1229 Oc
421 1191 532 1227 Irenaei
542 1190 701 1230 Scholion
711 1194 910 1231 demonstrat
920 1195 1087 1231 Clamatas
1095 1196 1136 1233 ab

382 1243 638 1287 HIerapolitano
658 1243 790 1289 Populo
800 1246 835 1279 in
857 1246 1017 1289 Ioannem
1035 1247 1136 1280 Patri·

246 1291 378 1328 archam
397 1294 431 1327 δε
454 1292 626 1331 Comitem
638 1293 760 1331 Titum
773 1296 867 1332 fuisse
875 1295 1019 1333 omnino
1030 1296 1137 1331 foedis-

246 1344 341 1379 (imas
353 1369 360 1377 .
388 1343 484 1378 Hinc
504 1343 605 1386 ipsas,
632 1356 701 1380 non
714 1346 801 1381 solus
813 1346 984 1390 Lybianus
1000 1346 1115 1382 Praeses
1126 1371 1137 1388 ,

247 1392 302 1428 sed
322 1394 390 1437 ipse
411 1394 512 1427 etiam
524 1394 660 1430 irenaeus
670 1420 680 1434 ‚
706 1396 784 1432 licet
795 1397 952 1432 similium
963 1396 1137 1434 amantissi-

247 1454 321 1477 mus
333 1467 344 1483 ,
370 1443 499 1479 erubuit
511 1444 645 1481 Chartis
657 1446 790 1482 indere.
818 1446 892 1482 Nec
902 1448 1023 1482 mirum
1039 1473 1047 1480 .
1062 1447 1138 1481 Cla-

248 1493 424 1529 mabantur
445 1494 534 1528 enim
553 1495 572 1531 a
583 1494 714 1539 Populo
724 1521 736 1538 ‚
762 1497 819 1540 qui
830 1497 980 1533 unanimi
990 1497 1136 1540 conjura-

250 1543 343 1578 tione
364 1567 375 1585 ,
401 1543 531 1578 volebat
560 1546 718 1581 violentis
738 1547 893 1582 manibus
915 1548 1134 1590 semet-ipsum

247 1592 403 1626 invadere
413 1617 421 1625 .
446 1593 624 1629 Horrenda
649 1595 811 1629 furiofitas
824 1618 832 1627 .
858 1594 974 1630 Palam
985 1595 1135 1631 Diaboli·

247 1652 287 1677 ca
299 1666 308 1674 .
334 1641 424 1677 Nam
435 1643 536 1678 talem
548 1655 609 1680 nec
619 1642 705 1691 apud
716 1643 907 1680 Donatiflas
926 1645 1084 1694 legimus.

389 1862 605 1911 CAPUT
641 1865 954 1914 CLxxxvn.
991 1876 1135 1927 -276

246 2001 584 2070 'fibpomtysticum
629 2008 708 2052 Deo
744 2002 981 2069 Amicffmo
1027 2003 1134 2052 Clero

331 2070 924 2191 Hi⁶ra53533223⁰321523ufh''i4²22
940 2080 1064 2121 Am

609 2217 753 2264 Jocmne
769 2246 782 2258 .
826 2179 839 2203 ³

345 2335 455 2372 Udivi
478 2335 749 2380 supplicationem
773 2335 910 2371 vestram
922 2361 933 2378 ‚
959 2346 1057 2381 quam
1079 2346 1132 2379 per

369 2386 622 2420 acclamationes
642 2385 677 2419 in
700 2385 842 2420 Ecclesia
853 2385 973 2421 fecistis
994 2386 1036 2421 ad
1050 2397 1110 2420 nos
1122 2410 1133 2426 ‚

210 2442 222 2455 ·
248 2434 655 2479 &Magnificentiffimum
678 2435 713 2469 ὃς
727 2435 999 2470 Gloriofiffimum
1009 2436 1130 2470 Comi-

249 2495 318 2519 tem
340 2485 528 2519 Dominum
538 2484 678 2519 Titum.
706 2485 749 2519 Et
759 2497 824 2530 ego
848 2486 913 2530 ipse
925 2483 993 2520 haec
1018 2485 1131 2520 eadem

249 2545 347 2578 opere
356 2535 528 2578 provenire
538 2545 597 2569 oro
609 2534 776 2570 vobiscum
790 2561 796 2568 .
816 2535 1028 2582 Cognovistis
1041 2537 1130 2570 enirn

249 2584 367 2628 procul
386 2584 490 2619 dubio
503 2584 702 2628 propofitum
726 2584 872 2620 nostrum
886 2611 897 2627 ,
923 2587 998 2630 quia
1011 2583 1133 2620 nihilo-

249 2633 361 2669 minus
372 2633 412 2669 ad
423 2634 520 2668 illum
528 2635 660 2669 suavem
673 2634 847 2670 hominem
869 2636 1109 2680 deprecandum
1121 2660 1132 2677 ,

249 2695 310 2728 pro
319 2694 388 2728 quo
400 2684 455 2728 ipfi
466 2684 602 2728 rogastis
617 2709 628 2725 ,
651 2694 689 2718 ut
698 2696 787 2719 vanae
802 2686 863 2720 suae
872 2684 1044 2729 phantafiae
1060 2697 1131 2730 prae.

249 2735 346 2768 ferret
366 2733 624 2768 Ecclefiasticam
647 2746 785 2779 pacem,
811 2747 910 2778 quam
931 2746 1021 2771 totus
1032 2737 1133 2771 Orbis

251 2793 327 2818 cum
340 2784 459 2827 pietate
468 2784 673 2826 amplestitur
682 2808 692 2817 .
719 2785 782 2820 Sed
795 2786 885 2830 quod
898 2787 1016 2831 patitur
1027 2811 1037 2827 ,
1051 2788 1127 2831 quia

252 2834 296 2868 fic
306 2835 432 2869 aversus
441 2833 488 2868 est
509 2833 551 2868 ab
561 2833 656 2868 omni
679 2835 896 2871 medicamine
908 2862 918 2878 ,
944 2846 980 2872 ut
991 2848 1051 2872 nec
1060 2838 1127 2872 col-

250 2884 346 2927 loqui
364 2895 441 2918 cum
465 2883 532 2919 Dei
553 2882 780 2919 Sacerdotibus
798 2887 988 2929 sustineret,
1020 2898 1126 2932 neque

251 2934 416 2970 ullatenus
449 2933 491 2968 ad
517 2945 630 2968 eorum
653 2935 798 2969 virorum
828 2938 951 2973 veniret
982 2939 1098 2972 affatus
1117 2962 1128 2979 ,

250 2994 393 3028 quorum
403 2983 551 3028 precibus
562 2982 710 3029 Mundus
730 2985 798 3028 ipse
809 2986 947 3023 salvatur
956 3014 964 3022 .
992 2989 1128 3034 Eligens

250 3032 343 3067 enim
353 3034 497 3077 optimos
512 3034 587 3070 Deo
597 3033 876 3071 Amiciffimorum
889 3039 1127 3084 Episcoporum

251 3082 362 3126 sepius
385 3082 545 3118 destinavi
563 3108 576 3124 ,
599 3084 658 3128 qui
681 3095 758 3120 eum
778 3098 985 3125 commovere
1007 3090 1126 3135 potuis-

251 3134 324 3167 sent
336 3156 348 3173 ,
370 3143 413 3167 ne
426 3133 592 3168 infestaret
606 3133 861 3173 Ecclefiasticam
872 3149 983 3182 pacem
994 3164 1006 3181 ,
1031 3151 1129 3185 quam

250 3182 386 3218 Mundo
399 3183 491 3219 Deus
502 3183 670 3228 inopinate
681 3185 815 3231 largitus
825 3187 870 3222 est
880 3202 896 3231 ,·
920 3190 975 3226 ille
996 3190 1072 3224 vero
1084 3202 1125 3225 ex

249 3233 436 3278 arrogantia
448 3258 460 3275 ‚
484 3233 566 3268 &ea
576 3258 588 3276 ,
612 3245 677 3280 qua
699 3236 883 3278 detinetur,
907 3240 1129 3276 obstinatione

249 3292 340 3317 aures
351 3282 530 3319 obsurdans
553 3284 766 3321 inexorabilis
779 3288 915 3331 perstitit
926 3315 934 3323 .
962 3292 1056 3338 Qin
1069 3291 1127 3325 im-

250 3342 310 3366 mo
321 3334 490 3376 permansit
501 3334 587 3370 mala
598 3333 723 3370 (ibimet
733 3346 928 3374 coacervans
938 3366 949 3382 ,
974 3341 1055 3376 dum
1066 3353 1127 3376 nos

249 3380 292 3417 ab
301 3380 364 3419 hac
377 3384 440 3420 viti
450 3383 681 3421 malevolentia
693 3386 801 3423 sumus
808 3387 953 3425 insontes
968 3415 980 3433 ,
993 3391 1026 3426 δι
1039 3403 1126 3426 nunc

1198 391 1288 426 fione
1298 402 1426 435 captata
1437 392 1524 435 quasi
1544 392 1791 430 contristantem
1811 396 1978 434 adversum
1990 413 2050 436 nos
2059 426 2071 443 ‚

1198 442 1348 476 &tantas
1359 441 1454 476 nobis
1465 443 1681 476 contumelias
1693 443 1893 490 ingerentem
1905 472 1916 488 ,
1936 459 2071 490 quantas

1203 492 1307 534 ipsum
1320 492 1454 526 decebat
1465 491 1585 526 inferre
1595 518 1606 534 ‚
1632 493 1710 527 dum
1723 504 1783 531 nos
1793 505 1847 537 per
1857 497 1994 542 gratiam
2005 498 2074 534 Dei

1202 539 1286 575 nihil
1299 542 1482 576 laederemus
1492 568 1502 584 ,
1528 554 1570 576 ex
1592 544 1640 577 eis
1650 543 1668 577 a
1688 544 1742 578 sua
1763 543 1857 581 illum
1883 548 2075 584 removerim

1201 592 1341 626 Ecclesia
1352 603 1361 634 3
1389 593 1443 627 sed
1454 593 1530 637 quia
1542 592 1636 627 nobis
1647 593 1840 632 inobediens
1849 594 1973 630 exstitit
1983 620 1995 637 ‚
2020 606 2079 632 vo.

1199 640 1342 676 lentibus
1363 652 1398 676 ut
1410 643 1556 678 nostrum
1574 643 1666 679 fieret
1687 645 1872 681 membrum
1885 669 1897 686 ,
1922 645 1957 680 &
1969 646 2080 680 Eccle-

1199 691 1242 726 fia
1256 692 1358 726 vestra
1381 694 1444 726 toti
1466 695 1710 733 communicare
1727 693 2001 732 demonstraretur
2019 696 2083 732 Ec·

1199 742 1297 776 clefiae
1306 766 1313 773 .
1342 742 1449 780 Unde
1459 743 1544 782 circa
1556 756 1632 779 eum
1644 747 1759 782 cundia
1769 746 1964 783 servavimus
1974 771 1986 788 ,
2010 758 2082 791 qua:

1201 791 1242 825 ad
1256 793 1434 827 remedium
1447 793 1651 837 pertinebant
1665 820 1673 828 .
1699 795 1762 830 Sed
1785 796 1818 831 ὃς
1830 807 1919 831 nunc
1939 807 2010 839 quae
2022 808 2083 832 no-

1201 840 1251 875 bis
1259 842 1402 876 sufficere
1413 844 1554 889 dignum
1565 844 1610 881 est
1622 856 1811 891 peragentes
1822 871 1833 887 ‚
1862 847 2058 891 spondemus
2069 869 2083 888 ‚

1201 892 1277 933 quia
1289 892 1310 925 ii
1324 892 1472 935 poffibile
1481 895 1601 935 fuerit,
1629 905 1665 931 ut
1675 897 1875 935 correctione
1897 897 2083 941 resipiscens

1200 941 1344 985 deponat
1354 943 1534 988 superbiam
1550 944 1736 988 pristinam,
1764 948 1865 992 parati
1875 948 1987 983 sumus
1996 948 2085 982 exci-

1202 1003 1274 1034 pere
1286 1015 1297 1031 ,
1322 991 1357 1025 ὅτ
1369 993 1409 1025 ad
1421 1003 1480 1027 vos
1495 1004 1570 1027 cum
1582 995 1690 1029 nostra
1701 1006 1800 1040 atque
1813 997 1902 1033 illius
1911 998 2085 1032 festivitate

1202 1042 1365 1076 remittere
1378 1055 1388 1075 :
1415 1042 1448 1077 Si
1460 1050 1569 1077 autem
1579 1042 1646 1085 jam
1659 1046 1757 1081 semel
1767 1046 1880 1081 statuit
1891 1048 2086 1092 praecipitare

1183 1115 1186 1139 Ι
1202 1092 1340 1135 seipsum
1353 1091 1394 1126 ad
1407 1092 1656 1128 communionis
1665 1092 1800 1137 quidem
1812 1095 1970 1129 laefionem
1980 1121 1991 1136 ,
2018 1108 2090 1140 per-

1203 1141 1365 1176 ditionem
1392 1140 1469 1177 vero
1490 1140 1608 1176 animae
1626 1142 1689 1178 suae
1699 1166 1710 1183 ,
1737 1153 1800 1177 nos
1810 1143 1944 1187 quidem
1965 1145 1998 1178 δι’.
2008 1146 2090 1180 Deo

1203 1193 1238 1227 ἀ
1249 1190 1441 1226 hominibus
1451 1191 1665 1227 satisfecimus
1676 1204 1686 1235 3
1713 1203 1772 1227 vos
1792 1203 1870 1230 veto
1881 1218 1892 1235 ,
1917 1192 2008 1238 quod
2033 1205 2092 1233 vo-

1204 1241 1253 1280 bis
1264 1242 1338 1288 ipfis
1350 1242 1484 1288 expedit
1493 1267 1505 1286 ‚
1532 1242 1639 1290 quaeso
1649 1265 1661 1286 ‚
1688 1242 1886 1292 perquirite.

1204 1362 1468 1417 Erubescant
1482 1369 1571 1433 jam
1583 1367 1786 1420 veritatis
1801 1368 1996 1427 inimici,
2010 1361 2091 1435 Elui

1274 1435 1498 1487 credentes
1550 1436 1740 1507 praefatis
1788 1436 1865 1488 sub
1911 1440 2093 1488 nomine

1275 1506 1550 1558 Theodoreti
1585 1508 1792 1576 Epistolis
1815 1544 1830 1570 ,
1864 1525 1964 1558 eum
1998 1511 2094 1556 Ne-

1274 1576 1471 1627 storianae
1496 1580 1740 1648 impietatis
1766 1579 1922 1629 volunt
1946 1580 2096 1626 crimi-

1274 1650 1369 1698 nari
1405 1648 1622 1700 fautorem
1639 1684 1654 1709 ,
1690 1650 1761 1697 cui
1788 1648 1876 1698 tale
1901 1647 2096 1697 testimo-

1278 1720 1401 1768 nium
1424 1718 1587 1786 praebet
1599 1723 1796 1784 Joannes
1824 1718 2094 1785 Archi-Epi-

1274 1787 1431 1856 scopus
1458 1825 1471 1850 ,
1508 1789 1695 1837 nimium
1731 1790 1897 1837 cunctis
1932 1789 2095 1837 Nesto-

1274 1859 1387 1907 riani
1415 1860 1572 1908 erroris
1597 1858 1839 1909 fautoribus
1863 1860 2093 1908 inimicus.

1274 1930 1397 1978 Sicut
1422 1928 1501 1996 ipfi
1513 1947 1692 1997 quoque
1718 1928 1976 1998 apertiffime
2005 1930 2095 1978 cla-

1274 2015 1398 2047 mant
1410 2035 1424 2059 ,
1459 1998 1564 2048 dum
1577 2016 1731 2051 contra
1749 2000 2093 2049 obstinationem

1274 2069 1651 2135 pertinaciamque
1668 2067 1906 2119 Alexandri
1920 2071 2092 2119 veraci-

1274 2153 1343 2187 ter
1371 2136 1507 2186 dicit.
1542 2145 1616 2185 vt
1640 2158 1702 2187 nec
1728 2138 1883 2203 colloqui
1910 2160 1996 2187 cum
2020 2143 2105 2190 Dei.

1273 2205 1534 2252 Sacerdotibus
1548 2204 1747 2268 sustineret
1760 2241 1775 2266 ‚
1811 2225 1919 2273 neque
1954 2208 2091 2256 ullate-

1273 2293 1340 2323 nus
1375 2273 1427 2320 ad
1460 2272 1611 2323 illorum
1644 2279 1817 2323 virorum
1851 2282 1994 2326 veniret
2028 2281 2092 2345 asL

1263 2344 1404 2412 finus,
1437 2363 1592 2412 quorum
1618 2348 1787 2413 precibus
1813 2348 1991 2396 Mundus
2013 2348 2090 2418 ips}

1263 2412 1457 2481 salvatur
1483 2451 1495 2464 .
1531 2414 1684 2482 Eligens
1707 2422 1802 2464 enim
1827 2423 1984 2487 optimos
2008 2425 2088 2467 Deo

1272 2483 1594 2551 Amicissimorum
1630 2484 1900 2558 Episcoporum
1925 2491 1978 2535 ad
2005 2509 2087 2537 eum

1260 2552 1403 2622 JJepit'ts
1427 2554 1617 2602 destinavi
1630 2593 1643 2617 ,
1681 2560 1744 2622 qui
1772 2578 1853 2605 eum
1876 2579 2085 2608 commove-

1268 2645 1306 2672 re
1322 2622 1534 2693 potuiffi’m,
1574 2645 1615 2675 ne
1640 2627 1828 2693 infestaret
1851 2627 1922 2694 fiu
1958 2629 2086 2678 viola-

1267 2713 1325 2743 ret
1341 2694 1641 2761 Ecclcfiasticam
1647 2714 1782 2766 pacem
1791 2734 1804 2759 ,
1830 2716 1946 2765 quam
1959 2707 2085 2748 Mun-

1268 2766 1313 2813 do
1348 2772 1446 2814 Deus
1463 2765 1645 2837 inopinati
1658 2766 1817 2835 largitus
1831 2769 1882 2832 est
1893 2806 1906 2817 .
1947 2769 2085 2839 Qod

1266 2855 1343 2906 per
1378 2838 1543 2887 nullum
1572 2836 1886 2906 Episcoporum
1912 2837 2073 2900 fecisse,

1265 2907 1344 2957 nifi
1391 2926 1470 2975 per
1504 2906 1831 2958 Theodorctum
1880 2912 1923 2958 &
1985 2915 2079 2959 An-

1263 2977 1439 3039 dream,
1475 2978 1580 3028 ficut
1605 2995 1656 3025 ex
1681 2976 1966 3045 superioribus
1990 2981 2080 3030 cla-

1263 3065 1354 3109 ret,
1391 3051 1554 3117 poterit
1568 3050 1775 3099 inveniri.
1812 3053 1877 3099 Ex
1901 3050 1970 3100 his
2001 3069 2079 3103 ve-

1262 3119 1313 3169 ro
1326 3124 1368 3169 δε
1382 3118 1489 3170 illud
1503 3137 1651 3170 verum
1665 3118 1892 3170 roboratur
1904 3157 1917 3183 ,
1954 3120 2077 3188 quod

1264 3188 1290 3240 a
1315 3191 1439 3239 nobis
1452 3192 1647 3240 intentio
1673 3190 1941 3241 Theodoreti
1959 3194 2073 3243 intea
2140 3214 2144 3218 ¹

1212 3274 1214 3276 ’
1257 3260 1444 3326 gerrime
1472 3259 1787 3333 comprehensa
1814 3261 1890 3312 fit.

1888 3437 2025 3476 SCHO·
