2320 3730
580 192 894 246 Senotus,
934 205 1011 235 ετ·
1035 187 1232 235 Nous
1268 176 1698 249 ILtuspnarAE1“

222 268 369 315 Episcopo
388 273 526 317 attulisset
544 298 550 306 .
578 277 650 307 Mox
677 275 728 309 illc
749 274 913 317 Epistolam
949 273 1085 308 reddidit
1098 295 1108 311 ‚

223 331 283 354 non
301 333 338 354 ea
348 331 414 363 quae
449 324 574 358 debebat
593 324 771 367 habentem,
792 325 851 369 sed
870 325 969 368 potius
981 334 1036 367 quo
1051 335 1109 357 non

223 370 415 405 conveniebat
435 376 518 408 modo
536 375 683 408 dictatam
706 400 715 408 .
743 375 999 418 Compledebatur
1026 379 1110 408 enim

223 425 403 454 irritationis
419 432 521 467 potius
547 431 634 468 vim,
659 428 750 470 quiim
760 425 977 459 exhortationis
990 449 998 456 .
1027 427 1112 456 Hanc

222 474 327 511 itaque
349 483 407 506 non
431 481 607 518 acceptavi.
634 480 723 511 Nam
732 487 797 510 cum
810 486 907 508 meam
918 479 1109 518 animtaegrt·

222 521 377 562 ‘affinem'
402 538 463 568 qua
477 526 603 568 fueram
623 526 747 567 affl-cius
766 531 858 559 exiis
883 536 950 567 quae
962 524 1109 566 praeceffie-

221 579 318 612 ΜΝ,
343 574 456 619 &qua
478 576 517 609 ab
540 576 608 619 ipfis
632 574 841 619 prefifac‘ia
852 574 1001 617 fuerant,
1025 584 1110 607 excu-

222 617 339 663 satione
348 623 449 669 aliqua
460 627 620 661 demulcere
631 627 812 668 debuiffent,
837 626 957 658 tantum
977 623 1054 665 abest
1076 632 1110 656 ut

225 670 262 704 ld
273 670 413 713 facerent
425 702 435 717 ‚
461 686 496 710 ut
512 676 546 721 se
567 687 680 721 quoque
685 683 810 718 propter
815 674 971 719 sacrorum
988 676 1110 719 dogma·

226 729 293 754 ‘um
312 726 421 761 zelum
441 730 513 769 Jure
532 734 640 769 optimo
660 725 733 759 mibi
751 723 938 770 succensuisse
957 727 1106 759 dicerent.

229 774 271 804 At
290 782 329 806 ex
348 789 395 811 me
420 778 601 818 audiebant,
628 787 680 810 nec
689 778 830 810 divinum
843 778 950 810 Zelum
961 774 1039 819 ipsos
1051 786 1110 808 mo-

227 821 298 864 vlffe
309 848 320 864 ,
347 840 399 862 nec
408 829 489 871 quod
496 836 554 870 pro
564 828 706 862 veritatis
718 827 903 875 dogmatibus
912 832 1084 870 pugnarent
1097 847 1108 864 ,

227 877 320 907 aciem
338 879 486 911 adversus
508 890 555 911 me
576 886 746 920 componere
758 902 769 918 ,
790 876 849 921 sed
865 878 946 919 quod
956 876 1106 909 bominum

227 921 467 964 affentatmnibus
486 928 579 961 locum
600 930 734 969 darent,
760 939 796 962 ac
818 938 937 966 eorum,
964 926 1018 968 qut*
1032 935 1110 958 nunc

222 980 361 1014 {mentes
383 978 569 1013 videbantur
589 1002 601 1018 ‚
628 982 777 1010 amicitias
804 976 861 1019 fibi
890 977 1079 1009 conciliarent
1102 1000 1109 1007 .

227 1021 273 1055 Et
284 1027 320 1061 in
335 1029 453 1062 litteris
473 1029 515 1060 ad
535 1024 792 1070 ‘theognostum
814 1023 1085 1069 Charmosynum
1099 1049 1110 1065 ,

225 1081 266 1104 π
278 1076 456 1109 Leontium
470 1099 481 1115 ‚
507 1075 627 1109 suosin
642 1076 748 1120 Regia
776 1074 909 1115 civitate
932 1076 1110 1119 Apocrisa-

224 1120 310 1160 rios:
337 1127 492 1169 ,Quoniam
513 1128 584 1159 vero
600 1128 716 1158 Paulus
738 1125 877 1158 chartam
903 1137 960 1159 non
985 1126 1110 1167 attulit,

221 1179 286 1211 lua
304 1179 448 1222 Joannes
471 1175 745 1210 anathematizaret
779 1175 911 1216 Nestorii
947 1177 1109 1220 dogmata,

220 1224 281 1271 sed
304 1229 420 1261 omnino
443 1224 520 1259 nibil
534 1227 580 1259 ad
599 1238 662 1260 rem
680 1227 743 1267 ejus
765 1227 877 1259 litterae
897 1227 1108 1266 continebant,

224 1279 302 1310 duxi
314 1288 361 1310 me
383 1282 410 1310 ei
432 1282 660 1313 communionem
681 1277 804 1311 reddere
816 1287 874 1309 non
891 1276 989 1320 poffe,
1011 1275 1112 1319 priusl

225 1339 317 1370 quam
338 1326 403 1362 baec
414 1326 570 1369 fecissent.
597 1326 738 1361 Praesens
762 1326 872 1371 itaque
897 1326 1044 1370 Epistola
1065 1326 1111 1361 est

225 1389 298 1412 non
319 1377 491 1413 modicum
523 1377 758 1412 Ecclefiasticae
779 1376 986 1420 antiquitatis
1007 1377 1113 1413 moni·

225 1436 375 1463 mentum
392 1453 400 1460 .

209 1516 215 1521 A
273 1475 491 1514 Porro'habet
503 1475 589 1512 varia
598 1477 707 1521 capita
718 1500 731 1518 ,
757 1489 828 1522 quae
845 1479 966 1514 sinae
979 1477 1114 1522 Cyrillo

224 1539 264 1563 ac
273 1528 342 1571 ejus
357 1527 534 1572 Episcopis
545 1526 665 1566 merito
672 1527 910 1571 displicuerunt
924 1553 931 1560 .
959 1527 1113 1563 Primum

223 1578 272 1611 est
285 1579 321 1612 in
332 1576 385 1612 his
397 1578 503 1612 verbis
516 1590 524 1610 :
551 1576 666 1615 Divisio
676 1600 688 1616 ‚
714 1588 782 1619 quae
791 1587 894 1612 contra
905 1586 934 1610 te
943 1582 977 1611 in
986 1586 1115 1620 tempore

217 1626 310 1670 sada
329 1626 368 1666 est
378 1651 390 1668 ‚
411 1635 469 1669 pro
488 1631 621 1660 veritate
642 1632 762 1672 magis,
787 1639 846 1661 non
852 1636 910 1669 pro
926 1639 959 1663 re
970 1629 1115 1670 corporali

222 1679 330 1720 aliqua
342 1701 353 1719 ,
379 1688 431 1712 nec
450 1682 616 1711 inimicitiis
639 1701 651 1718 ,
675 1678 731 1711 vel
741 1677 990 1720 puffllanimitate
1006 1687 1116 1720 prove-

221 1733 310 1762 niens
324 1753 333 1761 .
360 1727 548 1762 secundum
559 1727 655 1762 estin
675 1726 727 1762 his
740 1726 865 1762 verbis:
894 1732 996 1772 Accepi
1007 1727 1114 1773 disi-or-

224 1779 289 1813 diae
314 1776 434 1821 causam
465 1777 580 1811 illorum
611 1779 820 1820 Capitulorum
847 1778 1090 1822 transmifflonem
1103 1803 1115 1820 ,

226 1840 296 1872 qua
306 1834 423 1864 utinam
445 1839 605 1870 numquam
621 1828 748 1870 fhiffit,
774 1827 928 1869 effee‘iam.
955 1829 1115 1864 Tertium

226 1879 275 1913 est
297 1878 333 1912 in
351 1878 402 1913 his
423 1876 550 1913 verbis:
578 1882 613 1910 ln
636 1885 754 1911 tantum
776 1890 829 1912 nos
842 1879 1018 1922 obstuporem
1031 1878 1117 1922 mise·

227 1938 301 1963 runt
313 1954 324 1970 ,
349 1937 383 1962 ut
403 1939 455 1962 nec
459 1936 637 1971 putaremus
659 1927 722 1962 haec
733 1937 787 1962 tua
797 1930 850 1972 effe
866 1935 945 1964 inter
956 1928 1022 1973 ipsa
1028 1935 1116 1972 prin-

226 1986 329 2023 cipia,
350 1978 408 2023 sed
427 1979 551 2017 alicujus
574 1988 690 2019 eorum,
715 1985 768 2022 qui
790 1990 847 2012 non
866 1981 942 2021 illa,
968 1978 1116 2023 quaesunt

228 2029 382 2073 Ecclefiae,
403 2027 548 2073 sapiunt.
577 2028 741 2074 Qartum
765 2029 800 2062 in
813 2028 886 2064 his:
912 2033 1115 2073 ,QuorumCa-

223 2082 389 2124 paulorum
402 2091 460 2113 non
480 2079 594 2111 modica
609 2076 744 2120 salvatio
753 2078 848 2119 fac‘la
859 2078 914 2120 est.
944 2079 1113 2125 Qintum

225 2131 263 2165 in
286 2129 360 2164 his.-
386 2131 474 2172 Spem
493 2128 565 2161 vero
587 2126 682 2160 adhuc
705 2127 789 2162 nobis
806 2127 954 2170 praestant
969 2127 1115 2170 perfeblae

221 2179 394 2225 sanationis
404 2190 462 2219 ea,
487 2189 556 2220 quae
570 2186 663 2219 nuper
681 2179 702 2211 ἂ
725 2176 879 2223 rescripta
901 2176 972 2222 sunt
993 2179 1116 2211 adcom-

224 2241 346 2265 munem
373 2231 498 2262 Patrem
521 2231 677 2260 Acacium.
706 2227 842 2261 Sextum
867 2228 902 2260 in
927 2225 1003 2262 his.-
1028 2231 1114 2262 Licet

223 2279 384 2323 conjuncta
395 2278 483 2322 effent
495 2277 596 2310 multis
602 2275 757 2318 fraternis
770 2275 914 2319 accusatio
920 2276 1008 2309 nibus
1024 2301 1031 2309 .
1058 2276 1114 2314 Se-

220 2332 365 2376 ptimum
377 2330 411 2364 in
424 2328 476 2362 his
490 2342 500 2361 :
525 2327 665 2371 Indigent
674 2327 766 2362 multo
776 2328 1007 2366 additamento,
1035 2327 1117 2369 quod

219 2380 283 2425 ipse
294 2390 324 2414 te
331 2378 522 2421 peracturum
543 2377 596 2420 esse
613 2375 763 2419 promisisti
775 2402 783 2411 .

275 2430 493 2463 Affirmantur
514 2427 606 2470 plura
625 2439 637 2459 ε
664 2425 777 2459 Primo
800 2450 811 2467 ,
837 2426 928 2470 quod
952 2425 1108 2469 Capitula

219 2480 284 2515 fint
294 2477 461 2512 haeretica.
489 2476 664 2516 Secundo,
691 2474 783 2519 quod
803 2487 921 2512 eorum
942 2475 1062 2511 scabies
1074 2476 1113 2510 fit

219 2529 302 2564 adeo
321 2527 512 2567 manifesta,
538 2535 575 2559 ut
595 2526 738 2568 Joannes
751 2527 786 2560 in
803 2524 945 2560 exordio
967 2526 1111 2561 crederet

217 2581 288 2624 ipsa
302 2589 372 2612 non
392 2577 435 2612 ab
451 2572 588 2610 authore
602 2572 782 2609 Catholico
793 2600 804 2615 ,
830 2574 883 2609 sed
900 2575 942 2610 ab
958 2574 1110 2611 haeretico

217 2627 420 2674 proceffifl‘e.
443 2625 567 2663 Tertio
583 2649 595 2665 ,
622 2624 712 2668 quod
738 2624 849 2659 omnis
865 2635 979 2659 contra
1002 2627 1109 2668 Cyril-

217 2681 289 2714 lum
301 2677 460 2722 Ephefina
472 2674 589 2710 divifio
610 2674 706 2710 fuerit
729 2675 812 2713 fasta
831 2686 963 2719 propter
974 2675 1111 2720 Capitu-

218 2731 251 2764 la
273 2729 414 2770 ideoque
437 2726 535 2761 fuerit
551 2724 702 2768 &justa,
729 2725 884 2761 videlicet
907 2737 976 2760 non
988 2738 1029 2760 ex
1042 2727 1108 2761 ini-

218 2780 347 2815 micitia
358 2787 415 2812 aut
437 2775 702 2821 pusillanimitate
714 2776 893 2819 procedens
903 2802 914 2818 ,
939 2776 992 2811 sed
1004 2787 1046 2811 ex
1059 2789 1109 2812 ze-

219 2831 256 2864 lo
276 2825 487 2864 defendenda
506 2825 651 2860 veritatis
674 2850 681 2858 .
706 2825 812 2865 Porro
837 2837 891 2871 per
911 2825 1106 2862 divifionem

218 2879 364 2924 Joannes
386 2875 528 2913 omnino
549 2875 713 2910 intellexit
735 2877 894 2917 inflictam
917 2877 1048 2921 Cyrillo
1068 2889 1107 2912 ac

218 2930 402 2965 Memnoni
428 2926 698 2972 degradationem
718 2951 730 2968 ,
755 2938 853 2970 atque
878 2929 1107 2963 excommuni-

219 2981 389 3015 cationem
409 2978 514 3013 totius
535 2974 664 3020 Synodi
686 3000 694 3009 .
720 2977 764 3010 Et
782 2989 848 3013 vox
872 3003 884 3019 ,
911 2978 1106 3020 Pufillanimi-

219 3040 298 3070 tas,
324 3029 432 3074 palam
456 3027 574 3064 alludit
589 3026 631 3061 ad
652 3026 804 3071 quintum
815 3027 989 3064 Nicaenum
1009 3041 1104 3064 cano·

220 3091 299 3114 nem
317 3103 328 3120 ,
353 3090 391 3113 ac
402 3079 449 3113 ita
470 3087 656 3122 pergyrum
677 3077 816 3114 affirmat
828 3079 998 3115 vinculum
1008 3080 1103 3114 fuisse

219 3130 387 3168 validum,
416 3128 557 3169 ideoque
577 3127 642 3162 sme
663 3129 857 3171 poenitentia
875 3141 945 3165 non
961 3130 1105 3165 relaxan-

226 3179 328 3214 dum.
356 3179 400 3212 Et
422 3175 500 3212 hinc
521 3175 638 3220 quarto
656 3178 818 3219 affirmat,
843 3181 934 3224 quod
958 3181 1104 3224 Cyrillus

221 3240 290 3263 non
300 3229 467 3264 modicam
479 3227 708 3272 Capitulotum
730 3229 941 3266 salvationem
952 3255 964 3274 ‚
988 3232 1022 3266 id
1033 3231 1078 3266 est
1092 3256 1103 3273 ,

216 3281 480 3315 recantationem
503 3277 616 3313 fecerit
636 3302 647 3318 ,
673 3278 708 3312 ὃ(
730 3277 837 3316 adhuc
857 3282 1014 3326 majorem
1033 3294 1102 3326 pro·

221 3331 364 3370 miserit,
393 3340 488 3375 atque
498 3329 545 3365 ita
566 3329 597 3362 se
611 3327 787 3364 reddiderit
805 3329 946 3376 dignum
956 3343 1103 3367 commu·

215 3382 321 3417 ssnione
339 3381 373 3416 δι
386 3391 481 3426 pace.
506 3379 618 3426 Qre
630 3376 696 3413 haec
704 3380 818 3416 omnia
830 3382 982 3418 Sannum
993 3382 1102 3427 Cyril-

1171 270 1241 304 lum
1258 269 1331 314 jure
1350 269 1745 310 merito‘momorderunt
1766 286 1804 313 ac
1828 279 2054 315 offenderunt.

1171 322 1265 356 Hinc
1290 319 1332 356 ad
1357 320 1425 365 ejus
1455 323 1726 366 componendum
1751 328 1899 365 animum
1931 328 2055 366 Paulus

1171 371 1353 406 Emesenus
1383 372 1527 416 reposuit
1558 383 1598 407 ea
1627 385 1672 408 ex
1702 373 1805 410 animi
1828 378 2057 422 simplicitate,

1170 434 1240 456 non
1252 434 1292 456 ex
1304 421 1520 468 redarguendi
1530 421 1707 469 Proposito
1729 427 1909 469 proceffiss'e
1919 453 1926 464 ,
1958 431 2056 466 Etaf-

1172 473 1314 507 firmavit
1333 483 1409 506 cum
1425 472 1610 516 juramento
1629 500 1637 508 .
1665 474 1766 522 Qod
1794 487 1911 519 nempe
1933 477 2056 518 videret

1173 523 1265 557 suum
1279 522 1495 568 Episcopak,
1521 525 1611 571 quod
1626 528 1720 562 omni
1736 526 1924 570 juramento
1934 528 2058 562 Sansti-

1173 584 1209 606 ur
1220 571 1364 614 ducunt,
1391 574 1535 620 ideoque
1555 576 1756 621 Episcopum
1773 577 1932 620 &jurandi
1951 579 2058 613 neces-

1171 622 1262 656 fitate
1273 623 1447 659 absolvunt
1460 626 1549 661 Sacri
1562 637 1729 668 canones,
1753 627 1890 665 verbum
1907 627 1948 662 ad
1963 626 2058 662 istam

1169 683 1239 710 rem
1250 674 1507 716 persuadendam
1526 688 1597 711 non
1607 678 1752 717 sufficere
1762 704 1770 712 .

1221 721 1303 756 Haec
1315 721 1471 766 Epistolae
1484 725 1578 763 verba
1590 752 1601 771 ,
1618 726 1744 770 forfitan
1753 734 1889 774 cognovit
1903 727 2060 768 Suffitas

1169 778 1223 805 tua
1247 784 1285 807 ex
1308 771 1450 814 Epistola
1473 776 1576 815 nostris
1596 802 1608 818 ,
1644 789 1712 822 quae
1734 781 1782 814 ad
1801 781 1918 823 aliquos
1934 777 2062 823 scripta

1170 822 1279 868 effebi,
1305 823 1445 866 exponit
1466 823 1702 864 Theodoretus
1718 829 1755 864 in
1765 829 1885 870 litteris
1905 829 1947 864 ad
1955 829 2063 866 Dom-

1172 883 1252 906 num
1274 871 1464 908 Antiochia:
1476 873 1700 914 Patriarcham
1713 904 1726 920 ,
1751 880 1943 924 proximum
1962 880 2063 925 Joan-

1171 921 1221 961 nis
1233 922 1471 958 Succefforem:
1496 925 1634 966 Exstant
1644 929 1783 966 synodica
1801 930 1965 975 plusquam
1977 934 2064 974 quin·-
2080 929 2181 970 §pista
2190 940 2237 962 n»

1168 978 1316 1016 quaginta
1326 998 1338 1015 ‚
1363 985 1434 1015 que
1454 976 1609 1010 duodecim
1620 981 1766 1020 Capitum
1789 980 1998 1023 accusationem
2009 981 2060 1015 de-

1169 1023 1312 1063 mostraret
1332 1047 1340 1056 .
1370 1026 1460 1059 Nam
1492 1026 1528 1059 ό*
1542 1025 1721 1070 priusquam
1744 1027 1900 1073 Ephesum
1928 1038 2062 1072 iremus,

1171 1074 1212 1105 Β.
1228 1076 1372 1118 Joannes
1393 1074 1439 1115 ad
1463 1077 1527 1113 Deo
1545 1074 1719 1117 ebariffimos
1741 1077 1901 1122 Episiopos
1922 1079 2036 1123 stripfit
2050 1103 2064 1122 ,

1172 1121 1352 1157 Eutherium
1362 1123 1547 1165 Thur-torum
1559 1150 1571 1167 ,
1584 1130 1724 1161 Firmos
1733 1126 1896 1170 Cesarea
1907 1153 1919 1168 ,
1930 1131 1965 1164 Θ·
1975 1129 2066 1164 Theo-

1172 1174 1274 1206 dotum
1287 1177 1406 1214 Ancyra
1415 1198 1427 1214 ‚
1456 1177 1644 1218 Apollinaris
1654 1176 1822 1212 doli-inam
1832 1178 1990 1221 impellam
2002 1177 2066 1213 bae

1173 1227 1288 1265 Capita
1301 1248 1309 1256 .
1334 1225 1424 1259 Data
1443 1224 1485 1259 ad
1507 1226 1656 1262 Firmum
1675 1227 1824 1273 Epistola
1844 1228 1951 1267 exstat
1975 1231 2070 1273 supe-

1173 1273 1262 1315 rius,
1287 1273 1433 1310 &habet
1456 1274 1542 1311 hanc
1566 1276 1860 1314 subnotationem:
1885 1280 1971 1313 Idem
1993 1282 2067 1313 voro
2084 1276 2153 1315 C³P·
2175 1283 2203 1314 ς’

1166 1327 1198 1374 J
1200 1335 1314 1358 oannes
1322 1326 1429 1360 multis
1444 1326 1707 1372 Archi-Episcopis
1727 1331 1833 1375 legitur
1837 1329 1978 1374 scripfiffe
1988 1329 2069 1372 fimi-

1171 1374 1216 1407 lia
1225 1399 1233 1406 .
1261 1373 1407 1411 Videtur
1416 1376 1512 1411 fuisse
1522 1378 1674 1423 ⁴Epistola
1685 1378 1705 1414 a
1715 1379 1846 1424 paribus
1857 1406 1865 1414 .
1893 1381 1973 1416 Erat
1983 1391 2070 1416 acer-

1176 1423 1320 1459 biffima.
1347 1425 1393 1462 Et
1409 1426 1512 1470 ipsam
1535 1429 1679 1473 Joannes
1698 1430 1807 1474 palam
1826 1430 1882 1467 hic
1903 1429 2015 1468 laudat
2034 1431 2069 1468 δε

1174 1475 1350 1510 confirmat
1363 1501 1372 1509 .
1398 1475 1609 1523 Qapropter
1624 1481 1658 1515 &
1668 1481 1738 1516 ista.
1750 1481 1848 1520 verba
1861 1493 1933 1517 non
1945 1481 2070 1525 poffint

1174 1525 1328 1560 Sanstum
1341 1526 1512 1571 Cyn-illum
1524 1541 1593 1565 nou
1604 1530 1747 1575 graviter
1756 1531 1946 1567 offendisse.

1222 1574 1384 1612 Notanda
1396 1578 1472 1612 sunt
1499 1580 1533 1613 dc
1546 1579 1614 1614 haec
1625 1581 1740 1616 verba:
1768 1583 1844 1615 Plus
1858 1593 1912 1615 nos
1929 1581 2009 1615 illud
2017 1581 2074 1616 iae-

1175 1624 1327 1667 tificavit‚
1355 1632 1426 1670 quia
1447 1629 1539 1662 Beati
1562 1631 1767 1664 &communis
1792 1633 1899 1664 Patris
1915 1629 2071 1673 Athanafii

1169 1677 1330 1724 gratiffime
1356 1675 1505 1720 suscepisti
1526 1702 1538 1719 ‚
1565 1681 1623 1714 &a
1661 1678 1793 1723 Nempe
1814 1680 2000 1724 Epistolam
2026 1679 2071 1715 ad

1177 1726 1365 1769 Epictetum
1377 1750 1389 1767 ,
1418 1726 1575 1763 Corinthi
1590 1730 1810 1775 Episcopum.
1840 1731 1885 1765 Et
1900 1730 2072 1775 praesertim

1176 1774 1244 1809 haec
1257 1788 1265 1808 :
1293 1779 1342 1811 Εδ
1353 1777 1501 1820 quodfint
1507 1781 1635 1821 quidam
1648 1781 1701 1815 vel
1708 1792 1808 1816 eorum
1820 1805 1831 1822 ,
1842 1780 1978 1824 quisunt
1987 1787 2074 1815 intra

1175 1824 1332 1867 Ecclesiam
1357 1851 1369 1868 ,
1393 1829 1447 1861 vel
1466 1828 1583 1861 illorum
1601 1853 1614 1870 ,
1650 1837 1704 1872 qui
1716 1831 1800 1875 foris
1819 1830 1957 1872 Ecclesi'ae
1979 1855 1992 1872 ‚
2018 1835 2074 1874 qui

1173 1874 1335 1918 proferunt
1351 1887 1440 1917 eam,
1466 1885 1624 1922 tamquam
1645 1892 1788 1925 magnum
1805 1882 1959 1924 quoddam
1971 1883 2076 1924 juva-

1176 1935 1243 1959 men
1261 1925 1351 1967 fcrat
1368 1925 1538 1964 bominibus
1561 1953 1574 1969 ,
1600 1931 1738 1965 divertat
1758 1935 1832 1966 ver&
1853 1943 1974 1973 eorum,
2003 1943 2074 1975 quae

1177 1981 1272 2017 impla
1291 1974 1365 2018 sunt
1384 1979 1604 2019 quorumdam,
1630 1981 1675 2013 ad
1680 1987 1838 2023 proprium
1848 1980 1986 2024 sensum.
2015 1982 2075 2015 Et-

1176 2026 1267 2058 enim
1281 2026 1323 2060 de
1334 2025 1422 2061 hisce
1438 2027 1558 2062 litteris
1569 2030 1707 2064 Sanetus
1728 2030 1877 2073 Cyrillus
1901 2031 1938 2065 in
1961 2033 2020 2065 suo
2032 2028 2075 2066 ad

1178 2073 1414 2111 Berthaeensem
1433 2076 1598 2114 Acacium
1612 2079 1785 2124 Rescripto
1804 2081 1931 2116 nullam
1944 2080 2076 2126 penitus

1176 2123 1254 2158 fecit
1278 2126 1495 2160 memoriam.
1523 2128 1636 2174 Qare
1656 2130 1798 2171 Joannes
1810 2129 1896 2166 istud
1909 2132 2076 2167 silentium

1176 2173 1302 2215 accepit
1322 2185 1382 2216 pro
1404 2175 1666 2219 approbatione,
1693 2179 1908 2214 denudavit.
1938 2183 1983 2215 Et
2009 2181 2076 2216 hoc

1176 2224 1296 2257 Sansto
1308 2222 1442 2266 Cyrillo
1451 2236 1520 2258 non
1533 2226 1720 2269 displicuit.
1749 2228 1845 2263 Hinc
1855 2230 1948 2266 enim
1971 2231 2007 2264 in
2020 2243 2074 2265 ex·

1176 2280 1278 2305 trema
1290 2274 1377 2315 pacis
1393 2273 1542 2317 Epistola
1553 2277 1710 2320 rescripsit
1721 2278 1841 2321 Joauni
1853 2292 1865 2313 .-
1895 2281 1991 2324 .Quod
1999 2285 2075 2315 vero

1175 2321 1349 2356 sanctorum
1372 2326 1500 2357 Patrum
1521 2349 1533 2365 ,
1557 2328 1695 2365 maxime
1719 2338 1820 2363 autem
1845 2331 1939 2364 Beati
1959 2332 2079 2366 &cele-

1174 2370 1295 2404 berrimi
1318 2376 1426 2406 Patris
1449 2373 1535 2414 nostri
1561 2376 1715 2420 Athanafii
1734 2401 1745 2418 ‚
1766 2379 1936 2422 sententias
1962 2380 2075 2424 ubique

1171 2419 1351 2464 sequamur,
1377 2424 1581 2459 &caveamus
1607 2438 1644 2461 ne
1667 2430 1720 2462 vel
1738 2434 1865 2463 minima
1886 2435 1920 2463 in
1933 2442 1964 2464 re
1985 2431 2026 2464 ab
2036 2443 2073 2465 ea

1175 2472 1372 2515 declinemus,
1397 2475 1435 2507 id
1446 2485 1499 2511 tua
1517 2477 1638 2518 quidem
1661 2479 1814 2513 sanaim
1835 2482 1913 2513 certo
1923 2480 1983 2522 fibi
1998 2489 2074 2523 per-

1170 2519 1299 2564 suadeat
1318 2547 1329 2563 ,
1355 2534 1447 2567 neque
1466 2526 1546 2560 alius
1566 2526 1724 2570 quisquam
1745 2530 1899 2577 ambigat.
1931 2530 1997 2567 Rei
2019 2533 2068 2566 se·

1173 2573 1255 2605 riem
1268 2572 1388 2617 largitis
1402 2576 1542 2617 exponit
1563 2575 1598 2608 in
1611 2577 1775 2615 litteris-ad
1790 2579 1953 2617 Acacium
1964 2580 2066 2616 Meli-

1173 2620 1355 2656 tinensem:
1382 2623 1517 2658 Arbitror
1539 2626 1661 2660 &illud
1680 2639 1790 2672 quoque
1803 2632 1876 2671 jam
1896 2632 1986 2665 Dibio
2008 2633 2066 2666 ad·

1172 2673 1306 2706 dendum
1316 2697 1324 2705 .
1351 2677 1442 2708 Venit
1457 2675 1503 2711 ad
1516 2686 1563 2709 me
1573 2677 1688 2712 Paulus
1698 2702 1710 2719 ‚
1735 2679 1949 2723 religiofiffimus
1972 2684 2064 2716 Eme·

1166 2720 1258 2765 senus
1269 2721 1438 2766 Episcopus
1448 2748 1459 2766 ,
1485 2730 1538 2767 qui
1545 2725 1698 2770 postquam
1707 2730 1744 2763 de
1755 2729 1838 2765 roHa
1861 2732 1897 2766 ό·
1907 2732 2062 2773 inculpata

1167 2772 1230 2814 fide
1248 2773 1434 2816 aliquamdiu
1468 2773 1635 2823 samonem
1657 2780 1865 2825 contuliffimus
1886 2806 1899 2822 ‚
1935 2787 2057 2826 rga-vit

1169 2834 1208 2856 ex
1229 2834 1276 2857 me
1297 2847 1308 2863 ,
1334 2825 1370 2858 (a
1389 2826 1512 2867 quidem
1534 2826 1676 2866 instanter
1694 2854 1706 2871 ,
1733 2843 1774 2864 an
1793 2832 1856 2866 illis
1881 2831 2055 2874 affentirer,

1169 2884 1236 2915 quae
1248 2872 1367 2908 celebris
1378 2881 1527 2912 memoriae
1545 2879 1734 2920 Beatiffimus
1747 2882 1843 2914 Pater
1853 2880 1945 2921 noster
1962 2879 2060 2916 Atha-

1168 2921 1265 2964 nafius
1285 2925 1331 2958 ad
1350 2925 1524 2968 EpiRetum
1536 2929 1758 2964 Corinthiorum
1775 2929 1957 2974 Episcopum
1968 2942 2059 2974 quon·

1167 2974 1240 3007 dam
1247 2972 1409 3018 scripserat
1421 3001 1428 3009 .
1458 2981 1524 3021 Ego
1534 2982 1606 3012 vero
1626 2977 1786 3022 respondi,
1808 2979 1933 3024 prorsus
1953 2983 1989 3017 Θ
1997 2989 2058 3024 por

1166 3030 1264 3058 omnia
1281 3037 1327 3059 me
1343 3032 1384 3060 iis
1403 3026 1569 3071 adsentiri,
1592 3031 1789 3065 meditamen
1811 3034 1959 3075 scriptum
1977 3032 2059 3067 illud

1166 3076 1251 3117 apud
1258 3087 1314 3110 vos
1331 3076 1423 3118 exstet
1439 3085 1640 3119 incorruptum
1650 3103 1659 3112 .
1686 3082 1785 3115 Multa
1794 3086 1876 3116 enim
1895 3088 1931 3117 in
1940 3081 2003 3127 ipso
2013 3081 2055 3117 ab

1165 3130 1295 3160 inimicis
1305 3132 1447 3162 veritatis
1458 3129 1509 3171 effe
1517 3129 1691 3170 depravata
1703 3155 1711 3163 .
1738 3134 1816 3166 Tum
1825 3133 1875 3168 ille
1889 3131 1917 3177 s
1911 3144 1927 3167 e
1937 3143 2052 3177 quoque

1165 3176 1330 3218 Epistolam
1339 3179 1422 3212 illam
1433 3179 1518 3221 apud
1521 3177 1554 3221 se
1567 3177 1676 3215 babere
1687 3180 1800 3225 ajebat3
1813 3185 1891 3219 velle
1900 3192 2004 3219 autem
2011 3194 2052 3218 eu

1165 3232 1204 3259 iis
1215 3251 1228 3268 ‚
1252 3239 1319 3271 quae
1329 3231 1416 3270 apud
1425 3241 1477 3262 nos
1489 3238 1577 3263 erant
1588 3254 1600 3271 ‚
1623 3232 1845 3274 exemplaribus
1866 3233 2029 3279 cognoscere
2041 3256 2054 3272 ‚

1164 3288 1206 3310 an
1227 3277 1356 3322 ipsorum
1376 3279 1447 3313 libri
1478 3279 1564 3323 effent
1585 3287 1740 3325 corrupti,
1764 3295 1807 3318 an
1821 3282 1906 3328 secus
1919 3298 1931 3320 .·
1958 3284 2050 3317 Ροννδ

1163 3334 1258 3362 autem
1273 3340 1340 3364 cum
1360 3328 1475 3369 vetusta
1495 3332 1680 3373 exemplaria
1690 3334 1859 3378 accepisset,
1883 3345 1974 3377 eaque
1984 3342 2050 3367 cum

1164 3378 1244 3420 illis,
1272 3391 1340 3424 quae
1345 3377 1445 3424 secum
1464 3381 1629 3425 attulerat,
1653 3384 1828 3428 contulisset,
1852 3389 1972 3420 invenit
1993 3382 2050 3418 uia

1947 3431 2001 3475 effe
