2320 3730
363 179 388 232 ’,ι
400 193 468 240 94

715 176 1056 229 VARIORUM
1092 178 1338 227 Pirama
1374 176 1695 243 lim-rom,

291 261 363 306 post
387 260 507 295 multas
527 267 637 302 preces
649 259 773 296 nostras
785 260 933 298 Piiffimo
948 261 1092 304 Principi
1107 285 1118 301 ,
1143 269 1179 294 ut
1230 258 1373 300 stillum.
1401 261 1567 301 Videntur
1586 269 1718 303 asserere
1730 265 1896 312 Cyrilluin
1909 268 2125 307 Chalcedone

290 310 510 354 unusquisque
521 309 668 344 nostrum
680 321 891 347 reverteretur
902 313 942 347 ad
955 312 1082 357 propria
1096 334 1106 350 ,
1133 309 1178 344 ita

290 371 327 396 ut
343 360 527 404 AEgyptius
554 361 588 396 ἀ
601 362 766 403 Memnon
782 361 935 405 Ephesius
952 364 987 403 in
1007 361 1089 394 locis
1113 371 1179 403 per·

288 421 421 444 maneat
432 410 570 454 propriis
582 436 589 443 .
613 412 667 446 Sic
679 414 768 446 enim
784 413 903 455 poterit
916 411 1079 446 universos
1091 409 1177 444 idern

291 461 479 506 AEgyptius
492 459 661 495 obcoecare
672 473 726 505 per
740 464 868 506 propria
883 472 1016 497 munera
1027 485 1036 499 ,
1065 470 1101 494 ut
1112 461 1177 503 ipse

287 510 444 555 quidem,
472 512 645 555 postquam
673 512 759 556 mala
781 511 884 546 multa
897 510 1000 552 millia
1020 521 1177 554 perpetra-

286 562 332 596 vit
348 586 359 602 ‚
387 561 427 596 ad
451 563 566 596 sedern
591 562 755 605 propriam
778 571 952 596 revertatur
978 583 989 599 ,
1017 557 1176 600 innocens

284 622 396 657 autem
409 613 461 653 vir
470 612 512 655 ad
525 612 619 654 suum
632 612 871 654 Monasterium
893 610 1078 653 mitteretur
1088 635 1096 651 ,

469 768 965 816 ὃεΗοιιοΝ,

391 922 461 958 AEc
486 920 531 956 est
545 920 704 965 postrema
715 921 941 958 Orientalium
964 922 1166 968 Legatorum

412 972 453 1006 ad
466 973 539 1006 suos
558 971 643 1014 apud
660 971 828 1015 Ephesum
852 972 999 1014 Epistola
1012 999 1019 1006 .
1047 974 1163 1008 Exstat

275 1023 310 1055 in
334 1022 429 1056 Actis
440 1020 681 1062 Synodalibus.
711 1022 791 1056 Haec
814 1021 1007 1058 Caffinenfis
1032 1024 1164 1057 transla-

274 1071 324 1110 tio
345 1072 380 1106 in
400 1070 599 1116 quibusdam
626 1072 738 1106 differt
758 1084 796 1106 ac
824 1072 958 1116 adjuvat
981 1099 992 1115 ,
1022 1074 1164 1123 ideoque

274 1131 345 1155 non
365 1122 430 1155 fuit
452 1121 656 1156 omittenda.
685 1122 837 1156 Primum
861 1124 1037 1157 discrimen
1059 1123 1104 1157 est
1127 1124 1162 1160 in

273 1171 345 1215 ipso
358 1171 498 1207 exordio
514 1184 525 1204 ι
551 1174 669 1215 ,Quint-³
680 1174 801 1215 accessus
815 1172 898 1205 nobis
909 1179 1051 1216 contigit.
1078 1171 1160 1207 Cas-

272 1221 400 1256 sinenfis
423 1222 597 1256 translatio.
612 1222 658 1255 est
682 1223 822 1256 clarior.-
850 1224 1160 1266 ‚Quinquiesjamow

271 1283 339 1305 ram
351 1275 492 1315 Principe
512 1277 703 1306 introivimus
718 1297 725 1304 .
752 1272 875 1306 Omnis
901 1273 1001 1307 etiam
1026 1274 1161 1317 sequens

271 1331 448 1356 contextus
467 1323 512 1358 est
525 1322 734 1358 commodior
747 1348 754 1355 .
782 1319 888 1356 Aliud
914 1322 1089 1357 discrimen
1113 1324 1159 1358 est

269 1370 306 1406 in
328 1370 379 1405 his
407 1372 511 1407 verbis
536 1385 543 1405 t
580 1374 779 1416 Eandemque
804 1372 938 1406 laborem
979 1373 1155 1413 ostendatis.

268 1421 464 1456 Caffinenfis
479 1423 650 1458 translatio
671 1424 716 1458 est
728 1423 860 1458 restior:
893 1427 939 1457 Et
950 1425 1076 1458 eandem
1091 1432 1158 1465 per-

263 1468 476 1512 severantiam
488 1473 689 1513 demonstretis
705 1500 710 1507 .
740 1475 807 1507 Dis
810 1474 929 1507 'rimen
942 1474 1075 1507 tertium
1089 1474 1133 1508 est
1150 1487 1157 1508 :

265 1524 341 1555 Non
364 1525 434 1555 raro
451 1523 659 1562 Pientiffimum
682 1527 786 1567 Regen.
816 1523 1156 1567 &Magnificentiffimos

266 1573 424 1613 Principes
438 1572 658 1616 obsecravimus
671 1598 678 1606 .
707 1574 793 1608 Caffi
820 1574 901 1608 enfis
914 1572 1029 1609 Codex
1045 1573 1154 1618 habet:

264 1623 455 1662 Frequenter
482 1624 640 1663 Piiffimum
653 1626 785 1665 Princiffl
812 1636 824 1656 a
845 1629 1014 1668 rogavimus
1036 1626 1070 1658 (⁸7
1091 1628 1155 1657 Ma-

259 1670 522 1712 gnificentifflmum
535 1673 683 1718 judicem
708 1698 715 1705 .
744 1672 894 1718 Vulgata
918 1675 1088 1709 translatio
1111 1675 1152 1708 vi·

264 1721 360 1754 detur
383 1722 522 1756 melior.
549 1723 715 1770 Qartum
740 1723 914 1758 discrimen
935 1725 999 1758 est:
1027 1724 1082 1766 Iste
1103 1730 1154 1759 vir

263 1775 406 1805 innocens
420 1777 477 1806 vix
487 1774 533 1807 ad
544 1773 717 1815 mansionem
726 1771 816 1817 suam
824 1776 1016 1808 dimittatur.
1045 1774 1154 1810 Tran-

264 1820 362 1855 slatio
374 1822 572 1858 Caffinensis
594 1823 641 1857 est
666 1824 858 1866 expressior:
885 1830 1028 1860 Innocens
1049 1833 1146 1858 autem

263 1875 315 1905 vir
339 1872 384 1904 ad
401 1870 494 1914 ficum·
516 1872 723 1912 Monasierium
749 1879 916 1907 mitteretur
943 1899 951 1906 .
980 1875 1150 1921 Qintum

262 1921 440 1956 discrimen
462 1922 507 1956 est
528 1923 565 1956 in
575 1923 718 1957 Titulo.
747 1924 882 1958 Etenim
907 1923 1014 1958 noster
1033 1925 1150 1960 Codex

263 1972 360 2017 ponit
371 1972 478 2005 solum
493 1973 657 2014 Ioannem
671 1972 920 2007 Antiochenurn
931 1999 941 2014 ,
971 1975 1150 2009 Damascev

264 2030 346 2053 num
369 2020 496 2054 omittit
510 2045 517 2053 .
546 2020 692 2055 Forsitan
718 2032 757 2054 ex
771 2022 944 2066 Scriptoris
964 2023 1069 2064 vitio,
1096 2037 1151 2067 pu-

264 2070 365 2104 tantis
386 2069 421 2104 in
442 2068 495 2103 his
521 2068 629 2104 verbis
655 2095 667 2111 ‚
685 2074 830 2115 Joannes
851 2097 862 2113 ,
881 2076 1027 2117 joannes
1050 2097 1062 2113 ,
1088 2075 1151 2107 effe

263 2119 417 2154 inutilem
441 2119 670 2164 repetitionem
696 2145 703 2154 .
733 2121 802 2155 Cur
822 2131 959 2165 utraque
981 2123 1150 2158 translatio

263 2171 484 2214 praetermittat
495 2172 644 2206 octavum
656 2172 819 2215 Legatum
831 2197 841 2213 ,
869 2172 1063 2207 Helladium
1075 2173 1151 2208 Pto-

264 2221 415 2255 lemaidis
436 2221 635 2264 Episcopum
656 2245 667 2261 ,
694 2223 814 2265 ignoro
834 2247 840 2255 .
872 2222 1066 2256 Caffinenfis
1088 2223 1152 2258 Co«

263 2270 347 2304 dicis
383 2269 574 2313 Descriptor
602 2271 701 2304 etiam
739 2272 933 2315 praetermisit
972 2271 1149 2307 subnexam

266 2319 400 2364 Joannis
414 2319 620 2355 Antiocheni
634 2321 862 2356 salutationem
875 2348 885 2363 ,
901 2323 934 2356 &
946 2322 1152 2367 subscriptio-

265 2380 347 2403 num
369 2370 560 2405 memoriam
575 2395 582 2402 .
609 2370 759 2405 Praefatas
783 2373 929 2416 quinque
954 2373 1151 2408 Audientias

265 2419 501 2456 Theodoretus
522 2421 696 2455 confirmat
718 2422 752 2454 in
775 2422 894 2455 litteris
914 2421 955 2455 ad
975 2422 1149 2457 Domuum

90 2479 214 2521 Epis‘ffl,
222 2491 246 2509 2,
262 2470 487 2505 Patriarcham
501 2469 773 2505 Antiochenam:
793 2470 1071 2513 Constantinopolim
1084 2484 1149 2506 evo-

262 2526 322 2556 cati
341 2547 352 2562 ,
380 2526 558 2566 cognitiones
577 2519 726 2563 praesente
750 2520 812 2565 ipso
836 2525 1015 2563 Imperatore
1040 2528 1150 2566 quinas

264 2571 421 2606 habuimus
438 2598 446 2607 .

315 2623 398 2657 Haec
421 2620 568 2666 Epistola
595 2621 742 2656 similiter
767 2632 829 2656 nos
855 2622 1001 2666 quaedam
1030 2622 1128 2657 docet
1144 2649 1151 2656 .

265 2673 381 2708 Primo
398 2698 408 2713 ,
434 2672 523 2716 quod
547 2673 719 2707 Himerius
739 2671 1006 2707 Nicomediensis
1020 2672 1148 2715 Episco-

267 2733 326 2766 pus
336 2723 353 2755 a
366 2724 421 2755 sua
433 2734 487 2765 per
500 2723 587 2757 viam
598 2722 792 2757 infirmitate
806 2722 952 2757 videatur
972 2723 1150 2757 convaluis-

267 2774 318 2812 se,
345 2773 522 2816 &praesens
543 2774 639 2807 fuisse
661 2775 785 2818 quintae
808 2774 922 2807 saltem
947 2772 1149 2807 Audientiae.

266 2823 312 2856 Et
334 2820 412 2857 hinc
434 2824 578 2858 Ostavus
598 2824 822 2859 Orientalium
849 2823 993 2868 Legatus
1012 2847 1023 2864 ,
1052 2834 1149 2865 quem

267 2871 371 2906 brevis
395 2873 528 2907 Relatio
552 2873 691 2908 affirmat
712 2873 847 2908 defuisse
869 2874 991 2916 quintae
1004 2873 1150 2907 Audien-

267 2922 338 2962 tiae,
366 2923 494 2958 videtur-
514 2924 606 2958 fuisse
628 2926 775 2968 praefatus
786 2922 982 2964 Helladius,
1008 2935 1075 2957 non
1090 2925 1150 2957 Hi·

268 2973 402 3007 merius.
419 2975 473 3007 Est
486 2985 596 3008 tamen
607 2985 655 3008 res
669 2975 791 3008 incerta
807 2998 813 3005 .
844 2974 976 3008 Etenim
992 2974 1046 3007 die
1059 2984 1150 3017 quar-

268 3030 301 3055 ta
312 3022 521 3066 Septembris,
550 3022 589 3058 ad
605 3025 742 3067 primam
767 3023 1006 3064 Audientiam,
1034 3022 1149 3058 Hime-

269 3070 333 3104 rius
357 3074 497 3108 necdum
511 3074 683 3109 advenerat
696 3073 944 3108 Chalcedonem
959 3098 965 3105 .
993 3074 1149 3108 Secundo

270 3119 422 3156 docemur
445 3149 454 3164 ,
482 3123 570 3167 quod
593 3125 734 3168 Joannes
762 3123 989 3158 Antioche-nus
1022 3135 1060 3157 ac
1081 3124 1150 3166 ejus

270 3168 360 3202 Socii
383 3184 478 3213 ulque
491 3175 532 3208 ad
551 3174 651 3207 finem
674 3174 883 3209 constiterint
906 3175 1146 3217 pertinacissimi

270 3217 308 3251 in
331 3220 459 3260 praefato
482 3224 537 3257 suo
553 3223 746 3258 Herodiano
758 3225 956 3268 juramento.
988 3223 1147 3258 Noranda

271 3267 345 3301 sunt
367 3269 401 3301 &
414 3267 478 3302 haec
492 3271 583 3306 verba
598 3286 608 3305 .·
638 3276 759 3309 cyrillus
772 3273 967 3317 ubiquefugit
979 3275 1148 3315 colloquium
1161 3274 1164 3308 i

272 3317 398 3357 nostrum
415 3342 422 3349 .
446 3318 634 3355 Caffinenfis
656 3322 760 3355 codex
790 3322 949 3358 coincidit
966 3337 975 3355 .·
1004 3326 1052 3356 Εό
1071 3324 1165 3365 quedl

270 3369 402 3408 csrillus
424 3367 554 3403 omnibus
578 3373 673 3404 modis
697 3372 955 3418 nobiscumfugiat
967 3372 1074 3408 habore
1085 3386 1149 3408 con—

1189 3475 1200 3559 uua-—

1245 310 1338 349 fuiffe
1349 314 1536 355 praesentem
1549 340 1556 348 .
1584 318 1646 353 Ast
1665 319 1852 363 oppositum
1863 321 1990 355 constat
2001 334 2042 356 ex
2055 322 2124 366 eius

1245 359 1413 408 ,Apologia
1431 363 1472 396 ad
1497 363 1706 408 Principem:
1735 369 1864 404 Diserte
1883 371 1954 405 istic
1970 374 2124 407 asseverat

1244 413 1275 445 se
1296 424 1365 446 non
1389 413 1541 452 adfuisse,
1568 414 1713 450 Proinde
1723 417 1845 454 faetiofi
1858 419 1975 466 Legati
1988 433 2043 466 per
2056 423 2124 466 Cy-

1242 461 1350 497 rillum
1365 462 1420 497 hic
1432 465 1622 509 intelligunt
1642 465 1709 508 eJus
1722 466 1874 502 Vicarios
1886 495 1893 502 .

1293 513 1438 557 Epistola
1458 516 1574 559 scripta
1596 516 1642 550 est
1666 517 1750 552 circa
1779 516 1879 553 finem
1901 521 2120 563 Septembris.

1243 563 1298 597 Est
1311 565 1400 598 enim
1411 565 1526 610 scripta
1537 578 1605 600 non
1617 565 1788 601 dumtaxat
1801 568 1871 612 post
1889 570 2041 612 quintam
2052 573 2121 608 Au-

1239 614 1419 656 diemiam,
1446 616 1500 653 sed
1520 618 1620 651 etiarn
1650 618 1721 661 post
1742 617 1852 654 datam
1871 621 1890 656 a
1911 619 2064 665 Principe
2084 623 2120 658 δε

1239 664 1443 702 Confistorio
1455 668 1650 705 sententiam
1661 692 1668 700 .
1697 669 1781 717 Qae
1789 670 1902 704 omnia
1921 670 2120 715 incaeperunt

1239 726 1350 759 quarta
1362 716 1415 750 die
1429 717 1520 752 istius
1532 720 1650 758 mensis
1660 744 1671 759 ,
1697 720 1732 754 δε
1747 719 1898 755 videntur
1907 732 1976 755 non
1987 722 2120 765 expleta

1237 765 1351 804 diebus
1360 768 1545 807 continuis.
1573 770 1669 817 Qu
1692 770 1798 804 immo
1809 770 1971 814 Principis
1986 773 2120 809 sentem.

1236 817 1282 851 tia
1304 826 1373 852 non
1396 817 1441 853 est
1465 818 1540 853 data
1554 819 1789 860 Chalcedone,
1817 821 1870 855 sed
1882 821 2119 858 Constantino·

1235 866 1325 911 poli,
1353 868 1421 910 post
1445 868 1485 901 eo
1509 869 1712 907 introdussos
1729 871 1870 915 Legatos
1884 872 2030 914 Synodi.
2059 873 2120 907 Et·

1235 918 1299 951 iam
1324 917 1395 960 post
1424 928 1486 953 tres
1516 917 1805 955 Schismaticorum
1838 921 2119 964 contestationes,

1233 966 1446 1002 Chalcedone
1468 970 1663 1004 transmissas
1684 971 1723 1004 ad
1737 970 1946 1014 Principem.
1977 973 2120 1007 Emana-

1231 1019 1279 1052 vit
1298 1029 1413 1053 tamen
1435 1029 1511 1057 ante
1522 1019 1721 1064 Maximiani
1735 1022 2032 1055 consecrationem.
2062 1023 2119 1057 Et·

1230 1069 1322 1104 enim
1341 1070 1477 1104 Fastiosr
1502 1070 1537 1104 in
1561 1070 1625 1108 suis
1643 1070 1760 1108 litteris
1772 1072 1897 1108 nullam
1909 1072 1977 1114 ejus
1988 1073 2118 1108 faciunt

1231 1115 1446 1159 memoriam,
1472 1120 1505 1155 δε
1526 1119 1586 1153 ista
1606 1121 1720 1154 omnia
1742 1122 1902 1163 compleri
1920 1133 1988 1155 non
2004 1132 2118 1166 potue-

1230 1178 1328 1208 runt,
1355 1168 1412 1201 nifi
1434 1169 1520 1202 circa
1543 1169 1660 1202 mensis
1676 1170 1796 1203 finem.
1823 1169 1929 1205 Porro
1938 1182 2035 1213 quam
2047 1183 2118 1216 gra-

1228 1227 1260 1251 ta
1283 1216 1511 1253 Orientalibus
1532 1218 1631 1253 fuerit
1653 1218 1729 1254 data
1744 1230 1804 1263 pro
1816 1219 1949 1264 Cyrillo
1960 1220 1996 1253 &
2007 1221 2122 1257 Mem-.

1229 1279 1318 1301 none
1338 1268 1498 1306 sententia
1518 1293 1531 1311 ,
1556 1268 1654 1306 docet
1676 1270 1822 1313 ipsorum
1845 1272 2013 1315 praefatum
2031 1270 2115 1315 jura·

1228 1328 1378 1355 mentum
1394 1343 1403 1355 0

1422 1619 1464 1678 C
1484 1629 1687 1680 APUT
1723 1632 1918 1677 xxxu.
1969 1647 2121 1705 ..120⁴

1221 1821 1442 1885 Contestatio
1494 1827 1627 1890 prima
1662 1826 1821 1876 Joannis
1853 1857 1868 1882 ,
1915 1818 2114 1868 Antioche-

1292 1910 1345 1938 nae
1380 1889 1484 1938 Sedis
1535 1890 1771 1938 patriarcha»
1803 1926 1817 1951 ,
1864 1895 1923 1936 Φ
1957 1889 2115 1956 reliquo-

1292 1981 1377 2007 rum
1402 1959 1483 2026 fix
1516 1997 1530 2020 ,
1566 1981 1682 2027 quam
1709 1958 1913 2024 Theodcfio
1945 1963 2117 2029 Imperii..

1290 2036 1362 2076 tori
1397 2030 1423 2076 ιὶ
1459 2028 1687 2079 Chalcedone
1714 2029 1927 2077 direxerunt
1945 2066 1958 2092 ‚
1994 2048 2115 2096 quan-

1290 2098 1336 2147 do
1369 2103 1416 2146 eis
1450 2098 1528 2146 illic
1563 2099 1698 2148 relic‘iis
1733 2104 1900 2147 intravit
1933 2100 2113 2163 Constan-

1288 2168 1479 2237 tinopolim
1503 2188 1588 2217 cum
1620 2168 1677 2217 his
1702 2167 1869 2234 Mtffis,
1906 2173 1970 2235 qui
2004 2187 2112 2219 erant

1288 2244 1324 2289 in
1360 2243 1563 2306 Legatione
1598 2238 1625 2287 oi
1659 2244 1779 2286 {Beato
1813 2239 1957 2304 Cyrillo
1989 2275 2004 2300 ‚
2051 2245 2111 2287 (9⁴

1287 2309 1432 2374 Synodo
1492 2327 1570 2376 quae
1610 2314 1758 2382 pariter
1819 2313 1990 2357 convenit
2037 2314 2110 2358 in..

1290 2376 1484 2451 Ephesum
1495 2416 1508 2431 .

1321 2570 1462 2604 Otivum
1486 2570 1589 2602 fuerat
1611 2579 1717 2612 neque
1738 2569 1756 2602 a
1777 2567 1925 2610 quolibet
1945 2567 2014 2602 alio
2033 2579 2107 2613 pro-

1344 2629 1416 2662 pter
1434 2619 1501 2660 spes
1523 2618 1647 2651 futuras
1686 2617 1721 2651 δε
1748 2618 1947 2661 incongruas
1973 2619 2104 2661 pietatis
2144 2646 2146 2648 .

1214 2667 1343 2702 verbum
1364 2667 1480 2711 prodi,
1509 2666 1628 2700 nedum
1653 2666 1694 2700 ab
1717 2665 1789 2707 his,
1816 2668 1874 2711 qui
1896 2667 2102 2704 sacerdotale

1212 2719 1358 2753 officium
1381 2718 1454 2751 sunt
1477 2717 1582 2750 sortiti
1605 2741 1616 2757 ,
1643 2718 1677 2751 δε
1702 2716 1919 2752 Ecclefiarum
1941 2717 2102 2753 defentio-

1214 2780 1310 2802 nem.
1338 2769 1433 2814 Qos
1456 2767 1638 2806 nescimus,
1665 2767 1839 2811 quomodo
1866 2768 2103 2810 concupiscen-

1211 2817 1482 2859 tiaPraefidendi,
1510 2816 1765 2861 &principatus
1776 2827 1891 2859 amor,
1917 2818 1952 2853 ἀ
1978 2818 2102 2863 frigidae

1212 2869 1356 2913 quaedam
1370 2866 1592 2912 promiffiones
1604 2867 1722 2902 adhoc
1735 2869 1835 2911 usqtie
1855 2866 2075 2911 deposuerunt
2085 2878 2101 2907 ·.

1212 2931 1248 2953 ut
1262 2919 1375 2953 omnia
1388 2918 1522 2962 quidem
1536 2916 1800 2952 Christianorum
1815 2918 1975 2961 Praecepta
1996 2918 2098 2961 despi-

1211 2980 1342 3010 cerent,
1368 2967 1428 3002 soli
1450 2967 1527 3001 vero
1549 2967 1617 3009 ejus
1637 2967 1694 3002 viri
1719 2968 1900 3002 intentioni
1919 2969 2099 3008 servirent,

1210 3020 1315 3064 quiex
1329 3026 1489 3062 praeventu
1502 3018 1612 3051 omnia
1628 3018 1761 3061 speravit
1775 3043 1785 3059 ,
1811 3027 1877 3053 tam
1890 3017 1945 3052 fibi
1961 3042 1971 3058 ,
1998 3028 2098 3059 quam

1210 3071 1308 3105 etiam
1329 3069 1403 3110 his,
1430 3069 1486 3112 qui
1512 3069 1552 3102 ad
1579 3067 1642 3103 hoe
1667 3069 1697 3102 ei
1710 3069 1876 3112 cooperati
1899 3069 1996 3110 sunt,
2025 3078 2099 3102 eve·

1213 3122 1300 3155 nire.

1259 3170 1413 3204 Dicimus
1423 3168 1501 3206 vero
1516 3167 1734 3204 Alexandrini
1747 3169 1867 3212 Cyrilli
1883 3193 1894 3208 ,
1920 3168 1975 3211 qui
1999 3167 2099 3202 solius

1210 3220 1435 3254 controverfiae
1448 3220 1539 3253 causa
1552 3218 1698 3254 haeretica
1709 3220 1835 3254 Sanstis
1858 3220 1923 3253 Dei
1948 3218 2098 3255 Ecclefiis

1211 3271 1460 3313 superinducens
1485 3270 1654 3314 Dogmata
1678 3295 1688 3310 ,
1715 3270 1750 3303 ὅ(
1776 3270 1841 3304 haec
1867 3268 2097 3303 convincenda

1212 3321 1434 3364 praesentiens,
1463 3331 1516 3362 per
1537 3321 1640 3353 solum
1661 3319 1853 3354 Memnonis
1878 3319 2097 3352 ministerium

1210 3371 1244 3407 &
1257 3371 1494 3418 Episcoporum
1505 3370 1752 3410 conniventiam
1765 3369 1991 3416 praedictorum
2001 3393 2011 3408 ‚
2037 3365 2098 3400 dis<

1938 3420 2048 3463 sugere
