2320 3730
572 223 885 281 ScH0L11s‚
923 238 986 267 ετ
1021 221 1223 269 Nous
1260 233 1660 264 ILLUSTRATAE.

197 322 287 358 quam
311 306 522 344 chalcedonem
559 313 699 341 venimus
723 329 734 347 ,
760 306 854 349 fama
887 311 1050 348 accepimus
1063 328 1074 344 ,

1888 221 1946 278 85

1140 304 1307 349 mitigatio
1323 328 1330 335 .
1357 302 1511 338 Secundo
1522 328 1534 343 ,
1561 303 1651 348 quod
1662 302 1748 338 hanc
1760 305 1898 349 gratiam
1912 305 2019 350 prim&

191 364 348 407 quodante
358 357 417 391 0070
427 357 515 396 dies,
533 355 713 400 priusquam
737 366 995 400 compareamus,
1021 357 1078 390 Do-
1141 354 1337 389 intellexerit
1364 365 1405 388 ex
1431 353 1579 388 adductis
1610 353 1721 387 Isidori
1748 354 1863 389 litteris
1890 383 1896 389 .
1925 356 2023 391 Certe

191 418 286 447 minus
298 407 449 449 Nestorius
472 407 511 440 ab
532 406 650 451 Epheso
665 408 796 450 dimtffus
812 407 852 449 fit
869 432 876 439 .
905 406 998 452 Qid
1012 405 1050 441 fit
1067 429 1077 445 ,

192 457 371 502 Priusquam
390 466 624 500 compareremus
636 482 648 499 ‚
674 468 838 501 exponere
858 456 988 490 videtur
1001 455 1077 488 Cas-

191 510 321 545 finenfis
342 508 513 543 translatio
527 523 538 541 .·
564 510 651 551 ,Quia
671 517 742 543 ante
762 506 824 539 080
847 506 914 540 dies
927 506 1078 542 adventus

192 559 414 601 nostriPiiffimo
426 562 602 601 Imperatori
622 559 771 600 placuerit
797 559 956 589 Dominum
980 554 1081 595 Nesto-

193 616 272 645 rium
292 608 333 643 ab
354 606 474 652 Epheso
494 609 609 642 dimitti
628 632 637 640 .
664 607 899 643 Verumtamen
922 603 987 642 hoc
1012 616 1081 640 non

194 658 336 695 cohaeret
356 669 435 693 cum
457 659 548 702 supra
571 656 718 693 adductis
755 655 974 696 testimoniis,
1002 656 1084 692 affir-

194 709 364 745 mantibus
377 706 462 743 istud
477 706 702 750 Principinon
725 706 901 750 placuisse,
928 705 988 741 nifi
1014 703 1084 749 post

195 760 329 796 auditos
340 760 485 804 Legatos
495 758 614 793 Sancta
623 756 753 799 Synodi
764 779 773 788 .
799 755 948 791 Proinde
963 780 974 796 ,
986 753 1087 798 Prius2

195 821 289 855 quam
298 818 527 853 compare-remus
538 832 550 849 ,
575 805 717 842 omnino
730 806 861 842 videtur
872 808 977 843 facere
996 803 1086 843 hunc

195 862 346 896 sensum.-
373 859 565 902 Priusquam
577 857 734 892 audiendi
745 867 1009 902 compareremus
1033 867 1087 889 an·

198 921 232 946 te
242 910 446 952 Principem.
476 908 609 952 Nempe
623 907 750 951 Synodi
762 907 908 952 Legatos
928 904 1087 941 Theodo-

198 961 259 994 sius
269 967 363 994 antea
375 957 545 996 audiverat
556 983 566 998 ‚
592 967 688 1001 atque
700 969 741 992 ex
753 957 824 992 solo
838 958 983 1001 ipsorum
1011 956 1089 990 rela-

198 1021 235 1046 tu
258 1008 451 1054 processerat
471 1006 511 1042 ad
531 1007 617 1042 istud
638 1007 818 1050 judicium.
846 1007 904 1044 Est
916 1018 965 1041 res
977 1006 1087 1045 statim

199 1058 403 1095 discutienda
426 1056 568 1101 largius.
597 1056 690 1104 Qid
713 1057 793 1102 quid
813 1057 852 1092 fit
874 1082 886 1099 ‚
912 1056 1088 1092 Nestorius

198 1107 424 1193 {offitsusque
455 1107 496 1145 ad
516 1106 657 1145 solutam
684 1106 860 1151 synodum
886 1108 1088 1152 permansisse

232 1169 253 1203 p
278 1168 340 1194 er.

411 1429 676 1480 CAPUT
711 1433 862 1479 XXV.
927 1448 1087 1491 --113

202 1566 378 1641 'Epistola
413 1568 594 1633 Nestorii
626 1566 811 1638 rescripta
845 1569 898 1616 ad
945 1571 1095 1619 eundem

270 1638 495 1707 Praeftblum
529 1643 793 1687 Praetoriorum
830 1639 1026 1690 Antioche.

343 1729 460 1774 num,
495 1709 549 1758 ad
572 1708 783 1779 Epssolam
807 1708 862 1777 fi'
889 1730 956 1758 ra-

531 1778 728 1850 firiptam
739 1818 752 1830 .

271 1958 473 2006 Uscepimus
502 1969 566 1996 tua:
594 1960 840 2007 Magnitudinis
876 1960 999 1996 litteras
1025 1986 1036 2002 ,
1063 1961 1097 1994 in

292 2011 413 2055 quibus
427 2011 648 2056 cognovimus
660 2012 679 2045 a
694 2011 843 2046 Piiffimo
869 2011 903 2046 &
914 2011 1010 2047 omni
1032 2010 1098 2045 lau-

205 2061 248 2096 de
275 2061 467 2106 digniffimo
487 2062 687 2106 Imperatore
698 2071 892 2105 praeceptum
904 2085 915 2102 ,
941 2071 978 2095 ut
990 2072 1051 2094 nos
1064 2061 1098 2093 in

205 2111 412 2146 Monasterio
431 2111 643 2156 degeremus.
672 2110 718 2145 Et
740 2111 877 2146 Decreti
900 2110 1027 2144 donum
1051 2110 1101 2144 su·

206 2172 281 2197 mus
290 2161 449 2206 amplexi.
481 2160 580 2196 Nihil
593 2161 684 2196 enim
697 2159 794 2196 nobis
804 2161 945 2206 amplius
959 2160 1100 2196 honora·

205 2211 274 2247 bile
286 2212 331 2246 est
341 2237 352 2253 ‚
379 2222 478 2256 quarn
490 2223 549 2256 pro
563 2211 682 2256 pietate
703 2211 846 2247 remotio
858 2237 865 2245 .
892 2211 979 2246 Illud
991 2220 1100 2245 autem

207 2261 329 2296 mentis
344 2261 452 2295 vestrae
466 2261 732 2307 magnitudinem
744 2263 871 2305 quaeso,
896 2271 933 2295 ut
947 2273 1006 2306 pro
1030 2262 1063 2296 R
1073 2272 1103 2295 e-

207 2311 338 2356 ligione
358 2311 545 2353 frequenter
565 2311 607 2348 ad
618 2312 811 2347 memoriam
833 2311 965 2356 piissimi
978 2310 1106 2346 Princi-

207 2360 260 2406 pis
280 2360 463 2402 reducatis,
490 2370 528 2397 ut
547 2360 754 2398 verbositates
776 2361 897 2405 Cyrilli
913 2386 924 2403 ‚
950 2373 1032 2406 quas
1051 2361 1104 2396 ad-

209 2410 370 2454 iudicavit
381 2410 491 2445 Pietas
501 2410 568 2452 ejus
579 2435 591 2452 ,
617 2422 671 2454 per
687 2411 833 2454 publicas
846 2412 1033 2454 Imperiales
1056 2411 1106 2445 lit-

211 2469 295 2492 teras
316 2467 410 2491 notet
431 2459 572 2501 ubique.
602 2459 659 2493 Ut
670 2470 725 2501 per
750 2461 920 2493 universas
934 2459 1105 2493 Orthodo-

214 2518 273 2542 xas
283 2507 434 2551 legantur
449 2506 605 2541 Ecclesias
620 2532 627 2539 .
656 2507 711 2542 Ne
721 2507 805 2542 forte
815 2507 860 2542 ob
877 2506 942 2542 hoc
961 2509 1028 2544 fine
1053 2508 1105 2543 lit-

215 2556 291 2592 teris
301 2556 348 2599 pii
366 2557 573 2600 Imperatoris
592 2556 747 2590 dicantur
761 2557 803 2591 ab
822 2568 864 2592 eo
877 2557 998 2601 cyrilli
1024 2559 1107 2593 Scri·

214 2615 270 2652 pta
292 2606 422 2650 percelli
443 2631 450 2639 .
491 2605 753 2650 Simplicioribus
775 2605 855 2640 hinc
875 2607 1104 2642 scandalorum

214 2657 364 2691 nascetur
383 2656 510 2691 occasio
530 2681 542 2698 ‚
568 2655 726 2700 tanquam
746 2667 816 2691 non
838 2654 911 2691 vere
929 2657 1083 2693 dicantur
1096 2684 1103 2691 .

215 2707 262 2742 Et
274 2706 341 2741 tuis
353 2705 424 2740 vere
443 2706 489 2741 est
510 2706 630 2741 animis
640 2705 787 2748 dictum,
814 2704 856 2741 ad
881 2704 1105 2743 defensionem

217 2755 361 2791 veritatis
373 2755 529 2791 adhibere
545 2768 755 2801 quaecumque
771 2755 920 2800 poffibile
939 2757 986 2792 est
997 2783 1004 2790 .
1032 2758 1104 2793 Suf-

217 2806 287 2840 ficit
298 2817 436 2850 namque
446 2805 511 2841 hoc
522 2805 630 2841 solum
640 2806 749 2841 dicere
760 2808 801 2841 ad
813 2817 847 2842 te
857 2832 868 2848 ,
894 2807 952 2849 qui
965 2819 1023 2852 per
1034 2820 1104 2843 orn-

219 2856 275 2891 nia
288 2880 300 2896 ‚
316 2867 524 2902 quaecumque
536 2855 597 2892 tibi
610 2857 862 2893 committuntur
872 2881 884 2900 ,
896 2857 1004 2894 bonus
1015 2869 1104 2895 com-

219 2905 364 2950 probaris
383 2907 519 2943 existere
530 2932 538 2939 .

407 3063 912 3114 Scn0L10N.

222 3203 426 3290 EPistola
449 3207 517 3244 haec
527 3210 624 3246 docet
635 3212 746 3256 plura.
773 3211 909 3254 Primo,
933 3211 1023 3258 quod
1035 3212 1102 3247 Ne-

328 3257 446 3292 storius
471 3258 668 3305 Praeceptum
693 3287 705 3304 ,
743 3274 811 3308 quo
837 3263 879 3299 ab
904 3263 1101 3308 Imperatore

219 3306 321 3351 jussus
339 3307 514 3344 fuitredire
537 3310 576 3344 ad
590 3312 957 3356 suumMonasterium,
983 3314 1101 3359 ample·
1140 3313 1142 3318 ’

220 3367 284 3391 erus
293 3358 391 3393 fuerit
402 3370 459 3403 pro
467 3360 585 3404 grandi
598 3361 758 3397 beneficio
771 3389 779 3397 .
806 3363 894 3410 Qa
907 3364 1024 3409 nempe
1035 3374 1102 3400 erat

222 3405 358 3443 Decreti
370 3433 383 3451 ,
411 3420 479 3453 quo
489 3409 599 3445 Petras
609 3412 802 3455 proscriptus
811 3414 915 3450 fuerat
925 3439 937 3457 ‚
961 3415 1102 3460 gradosa

322 3457 431 3501 cbrast.
447 3463 528 3505 Lup}
541 3466 641 3504 opera
650 3464 682 3499 T,
688 3465 754 3497 νιι.

1139 405 1231 439 exilii
1248 406 1351 449 legem
1371 404 1438 447 jam
1458 415 1535 441 ante
1557 404 1763 439 intellexerat
1776 430 1783 436 .
1810 404 1899 439 Nam
1910 419 1950 440 ex
1962 405 2023 441 hac

1143 455 1261 489 notitia
1281 455 1512 499 supplicaverat
1535 455 1595 489 fibi
1606 454 1782 488 transmitti
1801 456 2001 490 evectionem
2014 481 2023 489 .

1142 505 1263 539 Tertio
1282 505 1440 540 docemur
1467 504 1664 540 horrendam
1692 504 1759 548 ejus
1779 504 1964 548 superbiam
1986 517 2023 539 ac

1144 555 1374 598 pertinaciam.
1403 556 1509 590 Lucet
1529 567 1570 590 ex
1592 555 1644 589 his
1667 554 1770 589 verbis
1792 567 1799 586 :
1828 554 1922 587 Nihil
1942 555 2028 588 nobis

1144 605 1276 647 amplias
1296 606 1463 639 honorabile
1484 606 1540 647 est,
1567 618 1658 649 quam
1674 614 1730 648 pro
1754 610 1865 647 pietate
1884 611 2003 638 remotio
2018 629 2026 637 .

1145 655 1292 688 Socrates
1313 656 1514 700 compendio
1541 652 1680 701 e'xponit
1707 654 1874 699 Ephefinae
1900 654 2032 698 Synodi

1146 704 1238 745 lites,
1266 713 1363 746 atque
1385 705 1536 751 adjungit
1558 719 1566 739 2
1593 711 1651 740 His
1670 706 1759 741 robus
1779 705 1821 748 fic
1838 705 2032 748 perturbatis

1146 756 1181 789 (9·
1206 753 1329 796 confufis
1351 778 1362 794 ,
1401 755 1553 794 Nestorius
1573 782 1584 797 ‚
1612 768 1678 790 cum
1697 762 1894 792 contentionis
1921 754 2033 798 pestem

1146 805 1239 838 latins
1265 810 1297 837 in
1317 804 1426 847 vulgus
1452 814 1590 840 emanare
1615 808 1796 851 intelligeret
1815 832 1827 847 ‚
1850 811 2033 848 paenitentia

1149 854 1297 888 adduam
1321 857 1453 887 Mariam
1464 855 1628 894 Deiparam
1639 862 1783 898 vocavit,
1802 855 1842 898 fic
1851 858 2004 900 eloquutus
2019 867 2035 897 ‚⁰

1150 906 1290 940 Dicatur
1311 904 1419 938 Maria
1442 903 1608 947 Deipara,
1634 906 1669 940 δε
1687 907 1879 942 offensiones
1909 907 2039 941 animo-

1151 965 1222 989 rum
1234 954 1382 989 sedentur
1397 980 1403 986 .
1434 955 1541 987 Veram
1553 965 1637 987 nemo
1656 954 1741 987 rllum
1749 962 1928 996 poenitentia
1941 958 2037 990 addu-

1151 1005 1230 1039 c‘lum
1251 1005 1315 1039 haec
1336 1004 1442 1048 dixiffe
1463 1003 1652 1043 existimavit
1675 1028 1687 1045 ,
1714 1005 1749 1037 (9
1766 1012 1922 1046 propterea
1940 1006 2038 1040 adhuc

1152 1062 1242 1089 etiam
1254 1054 1349 1097 Oafim
1359 1055 1481 1095 incolit,
1507 1062 1572 1088 tum
1586 1053 1770 1097 Episcopatu
1778 1060 1924 1096 privatus
1939 1080 1950 1096 ‚
1976 1067 2040 1090 tum

1153 1107 1315 1140 mulctatus
1326 1107 1430 1139 exilio.
1462 1103 1605 1140 Videtur
1616 1106 1747 1139 asserere
1763 1128 1775 1144 ‚
1796 1102 1885 1147 quod
1897 1103 1962 1139 haec
1979 1107 2041 1140 sint

1156 1158 1240 1192 faita
1265 1155 1384 1199 Ephesi
1410 1180 1417 1187 .
1458 1153 1507 1190 At
1538 1154 1607 1191 haec
1635 1154 1782 1199 Epistola
1809 1154 1937 1189 evincit
1970 1153 2043 1188 lon-
2060 1149 2216 1183 A<ln-Not·-

1155 1208 1195 1252 ge
1223 1206 1313 1243 aliud
1337 1231 1343 1237 .
1381 1206 1416 1241 Si
1436 1206 1557 1241 fastum
1579 1206 1618 1242 sit
1649 1229 1661 1246 ‚
1694 1206 1814 1239 fastum
1838 1206 1884 1240 est
1910 1228 1921 1245 ‚
1962 1204 2043 1238 dum
2060 1193 2118 1259 ‘3³¹⁰‘
2146 1202 2218 1228 439-

1157 1255 1346 1291 Patriarcha
1374 1257 1542 1299 loannes,
1578 1255 1648 1300 ejus
1677 1254 1889 1300 blasphemiis
1915 1266 1953 1289 ac
1978 1265 2045 1298 per·
2061 1239 2220 1301 fioggtessi‘

1156 1307 1278 1341 tinacia
1292 1307 1442 1350 pertaesus
1464 1330 1477 1347 ,
1502 1307 1609 1349 ipsum
1632 1306 1762 1351 rogavit
1784 1317 1825 1341 ex
1850 1306 1960 1341 Sanfti
1984 1305 2048 1339 Eu·
2064 1310 2153 1354 storia:
2167 1319 2220 1349 ριν

1157 1356 1260 1402 prepii
1291 1354 1461 1390 Coenobio
1495 1356 1636 1400 propelli
1657 1358 1694 1391 in
1726 1356 1870 1401 aliquam
1898 1350 2116 1391 solitudi-surt
2134 1371 2142 1380 .

1157 1419 1252 1443 nem.
1280 1406 1391 1453 Quare
1403 1406 1566 1451 Evagrius
1593 1406 1846 1451 Epiphanienfis
1872 1406 1953 1442 reste
1980 1407 2052 1441 scri-

1157 1457 1206 1493 bit
1242 1457 1407 1495 Socratem
1420 1456 1513 1496 fuisse
1543 1456 1697 1503 ignarum
1728 1457 1921 1494 Nestoriani
1951 1469 2052 1503 nego-

1159 1518 1219 1543 tn,

1209 1556 1342 1605 Qrto
1363 1556 1544 1599 docemur,
1570 1557 1661 1603 quod
1672 1558 1845 1593 Nestorius
1868 1557 2054 1601 Sansticy-

1160 1608 1225 1642 rilli
1247 1608 1401 1652 Capitula
1423 1607 1524 1644 etiarn
1546 1617 1628 1644 tunc
1649 1609 1878 1648 damnaverit,
1905 1609 2053 1642 clamans

1161 1660 1223 1693 esse
1250 1658 1462 1694 verbositates
1486 1658 1658 1693 damnatas
1695 1657 1738 1692 ab
1780 1657 1854 1702 ipso
1879 1657 2054 1700 Principe.

1163 1709 1207 1743 Et
1234 1709 1341 1743 revera
1368 1707 1584 1743 Theodosius
1610 1708 1682 1751 ipsis
1706 1707 1961 1743 adversabatur.
1990 1708 2055 1741 Lu-

1162 1768 1214 1794 cet
1242 1770 1285 1794 ex
1311 1756 1606 1794 Schismaticorurn
1634 1760 1838 1803 Legatorum
1864 1758 1984 1793 litteris
2010 1756 2053 1792 ad

1165 1810 1293 1844 Rufum
1321 1806 1652 1844 Thessalonicensem
1685 1809 1889 1854 Episcopum
1917 1822 1925 1841 z
1957 1811 2057 1852 ,Quin-

1165 1861 1227 1893 tam
1247 1861 1319 1900 jam
1345 1870 1422 1897 nos,
1447 1861 1481 1892 ὁ*
1507 1858 1586 1901 ipsos
1601 1883 1612 1899 ‚
1639 1858 1809 1902 Ephefinae
1835 1858 1965 1902 Synodi
1994 1859 2059 1898 Le<

1164 1918 1259 1954 gatos
1280 1933 1290 1949 ,
1318 1907 1434 1949 affatus
1462 1910 1607 1950 Princeps
1641 1932 1653 1948 ,
1691 1909 1753 1942 illis
1779 1909 1903 1952 quidem
1928 1909 2057 1942 manda-

1165 1964 1212 1994 vit
1234 1983 1246 1999 ‚
1288 1966 1322 1990 ut
1357 1958 1410 1991 vel
1434 1961 1550 2001 Capita
1576 1959 1680 1996 cyrilli
1717 1968 1874 2001 tamquam
1906 1970 1972 1992 cum
1994 1958 2059 2000 fide

1161 2013 1333 2053 pugnantia
1372 2009 1531 2048 rejicerent
1556 2032 1567 2048 ‚
1605 2016 1661 2041 aut
1684 2010 1765 2041 cert?
1796 2007 1930 2051 suscepto
1956 2014 1988 2041 in
2014 2017 2057 2040 eo-

1164 2070 1231 2092 rum
1259 2056 1453 2101 definfionem
1478 2063 1641 2092 certamine
1678 2082 1690 2098 ,
1725 2058 1900 2093 sanctorum
1926 2060 2057 2091 Patrum

1166 2120 1217 2143 con
1235 2109 1325 2148 effioni
1350 2106 1545 2151 consentanea
1570 2108 1620 2152 effe
1639 2108 1748 2150 palam
1768 2108 1892 2150 faciant
1915 2133 1923 2141 .
1961 2108 2061 2144 Prin·

1165 2160 1247 2203 cipis
1274 2159 1307 2194 &
1335 2158 1478 2202 plurium
1504 2157 1734 2195 Palatinorum
1760 2159 1944 2194 adversatio
1971 2158 2060 2193 sum·

1167 2211 1269 2254 pserat
1296 2210 1446 2243 fomenta
1484 2220 1526 2243 ex
1553 2208 1681 2243 Acacio
1707 2209 1915 2246 Melitinenfi
1953 2235 1965 2251 ,
2000 2209 2060 2254 qui

1167 2270 1278 2294 coram
1316 2258 1473 2304 Principe
1509 2258 1703 2294 sustinuerat
1746 2259 1833 2294 hanc
1867 2260 2059 2305 propositio·

1170 2321 1267 2345 nem:
1295 2312 1406 2343 Deitas
1433 2306 1472 2350 est
1487 2309 1630 2352 paffibilis
1646 2335 1654 2342 .
1682 2308 1886 2347 Credebatur
1916 2309 1973 2354 ipsi
2001 2309 2062 2344 Di·

1170 2359 1302 2395 vinitati
1338 2358 1583 2403 paffibilitatem
1623 2360 1805 2397 adscribere
1830 2385 1842 2402 ,
1879 2370 1976 2403 atque
2014 2361 2061 2394 ita

1169 2421 1244 2444 cum
1280 2409 1477 2452 nequissimo
1513 2410 1716 2454 Apollinarii
1751 2411 1929 2455 Discipulo
1965 2410 2061 2445 Pole-

1169 2469 1270 2492 mone
1297 2456 1520 2500 blasphemare
1539 2484 1546 2491 .
1592 2459 1798 2495 Credebatur
1824 2459 2062 2503 blasphemiam

1171 2506 1302 2541 haufiffe
1326 2515 1369 2541 ex
1397 2505 1584 2551 Capitulis.
1611 2507 1665 2541 Ex
1692 2507 1754 2543 hac
1782 2509 1981 2544 calumniosa
2003 2509 2063 2543 im·

1171 2557 1331 2602 preffione
1357 2555 1530 2591 Nestorius
1560 2557 1722 2593 Isidorum
1749 2569 1844 2605 rogat
1864 2583 1875 2599 ,
1904 2568 1940 2593 ut
1967 2559 2061 2596 istam

1171 2606 1403 2651 Capitulorum
1431 2605 1683 2642 damnationem
1719 2619 1810 2643 curet
1847 2609 1968 2643 firmari
2005 2621 2062 2655 per

1169 2658 1281 2692 Sacras
1306 2656 1553 2699 &Encyclicas
1581 2656 1740 2702 Augustae
1766 2658 1947 2702 Majestatis
1976 2659 2062 2695 litte-

1169 2719 1218 2742 ras
1242 2732 1253 2748 ,
1281 2707 1315 2742 &
1341 2706 1423 2750 ipsas
1447 2705 1547 2752 dirigi
1569 2718 1623 2752 per
1648 2718 1749 2743 omne
1774 2708 1969 2744 Romanurn
1996 2710 2065 2748 Im-

1168 2758 1296 2804 perium
1320 2782 1328 2790 .
1366 2755 1494 2792 Verum
1533 2756 1744 2794 Theodosius
1784 2758 1959 2804 postmodo
1997 2760 2061 2794 fuit

1169 2807 1443 2894 3⁶¹³·0r}·d⁰stu⁵
1459 2831 1470 2849 ‚
1493 2808 1528 2844 &
1540 2808 1635 2855 plene
1656 2810 1787 2846 cessavit
1808 2810 1850 2846 ab
1874 2810 2059 2846 aversandis

1202 2869 1291 2903 aprtu
1307 2870 1353 2893 rs.
