2320 3730
592 175 907 231 Seuerus,
945 187 1011 216 Er
1047 170 1240 218 Norrs
1275 183 1682 219 ILLUSTRATAE.

186 266 229 289 ex
251 255 317 292 hoe
335 256 439 303 etiam
457 252 621 299 principio
636 255 671 289 ὅ(
692 256 722 290 S.
751 254 899 290 hominis
924 253 1069 301 paffione

187 307 319 342 fuerunt
331 305 453 341 infiniti
466 305 572 339 meriti
583 330 592 337 .

238 358 290 392 Ex
299 355 349 390 his
362 355 439 390 item
452 355 610 400 intelligis
622 356 756 400 scopum
767 356 859 391 AEtii
871 353 1070 390 Archi—Dia·

185 407 265 442 coni
277 405 641 450 Constantinopolitani
653 431 663 448 ,
691 408 723 441 δε
735 405 852 441 duram
859 403 1070 440 Theodoreti

188 456 230 490 de
238 455 304 499 ejus
315 457 399 490 facto
411 457 650 501 querimoniam
660 481 669 497 ‚
698 457 848 500 scriptam
859 455 898 489 ad
910 455 990 498 Joan
997 466 1070 488 nem

188 506 407 541 OEconomum
418 521 429 541 .·
447 509 567 548 Multi,
595 516 629 540 ut
641 509 764 549 quidam
774 507 925 548 affirmant
935 528 946 545 ‚
973 511 1006 537 in
1023 516 1073 537 ur-

189 556 351 598 bejadlant
365 581 375 598 ‚
402 560 483 600 quod
492 557 672 596 Presbyterts
685 555 837 590 orantibus
850 579 861 596 ‚
889 556 924 589 ὢ·
944 559 1072 588 orationi

186 605 404 652 filtrumfiuem
414 607 629 650 apponentibus
641 632 650 640 .
677 605 935 650 Apponentibus
948 628 958 644 ,
980 604 1071 651 Qia

189 666 225 690 te
234 657 327 691 decet
335 658 443 702 gloria
457 682 467 698 ,
494 659 527 692 δε
547 657 713 692 Christum
727 666 823 690 tuum
836 680 846 696 ‚
873 656 907 689 ὅ(
919 654 1072 688 Sanctum

190 708 456 751 tuumspiritum
474 732 485 749 ‚
511 709 582 742 allis
595 710 687 748 vera,
715 706 830 741 Gratia
855 705 891 739 δε
913 703 1072 749 benigni—

191 766 260 791 tate
269 755 390 792 Christi
405 759 477 799 tui,
503 768 579 793 cum
593 768 658 800 quo
671 766 704 790 te
722 756 817 793 decet
829 755 945 789 Gloria
960 779 971 795 ,
997 765 1073 788 curn

192 807 310 844 Sancto
323 819 382 842 tuo
395 809 514 852 Spiritu
526 831 537 847 ‚
561 807 715 840 mandarit
729 805 956 850 sapientffmus
977 803 1076 837 Archi·

193 859 343 892 Diaconus
354 870 414 891 non
427 865 556 900 oportere
568 854 738 893 Christum
746 859 842 890 dicere
852 881 863 897 ‚
888 854 944 895 sed
952 854 1074 898 Unige-

193 908 302 941 nitum
308 906 472 952 glorificare
484 932 490 939 .
517 909 610 952 ‚Quod
620 909 740 950 quidem
751 932 762 949 ,
782 906 813 948 fi
818 917 923 940 verum
935 904 972 945 eli
985 928 997 944 ,
1017 915 1075 936 om·

192 969 263 991 nem
273 956 398 1001 fiaperat
418 959 537 991 modum
558 963 741 1000 impietatis,
767 957 851 1004 Qo
871 965 1019 997 tempore
1040 953 1074 987 id

194 1009 316 1042 fartum
327 1009 363 1042 fit
375 1032 387 1048 ,
413 1008 536 1042 docent
550 1007 717 1054 sequentia
731 1006 826 1039 verba
842 1018 850 1042 ;
878 1010 935 1037 Aut
955 1009 1034 1038 enim
1044 1008 1075 1039 in

193 1059 266 1090 duos·
283 1057 361 1098 filios
382 1057 500 1089 dividet
520 1067 611 1089 unum
640 1059 800 1094 Dominum
824 1054 951 1098 nostrum
965 1052 1075 1098 Jeficm

192 1105 345 1145 christum
357 1128 367 1145 ,
392 1113 447 1139 aut
468 1103 680 1149 ,insolescentem
700 1116 778 1139 nunc
796 1104 928 1146 haerefim
941 1104 1076 1144 stabilire

125 1155 130 1159 '
191 1164 332 1190 conatur.
359 1158 406 1188 Et
426 1157 547 1198 quidem
563 1155 594 1197 fi
611 1156 680 1188 dira
703 1153 857 1197 tempestas
877 1154 1076 1194 incumberet,

185 1204 386 1250 suspicaretur
390 1200 516 1248 fhrtasse
526 1204 675 1248 quisptam
687 1208 774 1239 illum
787 1204 902 1247 baerefis
915 1203 1077 1237 authorum

189 1261 327 1299 potentia
337 1259 515 1293 deterritum
524 1280 536 1300 ,
561 1254 776 1299 blasphemiam
786 1255 936 1299 indulgere
946 1258 1076 1295 tempor!⁸

193 1306 355 1348 Postquam
375 1315 476 1340 autem
492 1311 542 1347 is,
567 1311 618 1348 qui
638 1304 881 1350 blasphematur,
907 1308 1077 1346 increpavit

193 1365 303 1393 ventos
330 1358 365 1391 ὁ·
385 1368 466 1393 mare
479 1380 491 1396 ,
508 1356 695 1400 jac‘latisque
718 1354 853 1396 Ecclefiis
875 1355 1079 1397 tranquillita-

192 1414 255 1440 tem
263 1407 351 1439 dedit
362 1430 373 1446 ,
399 1407 433 1439 (θ’
442 1414 523 1439 terra
534 1413 670 1449 marique
686 1406 878 1449 Apostolorum
890 1405 996 1447 ubsque
1012 1413 1079 1446 pro-

193 1457 346 1499 mulgatur
352 1457 543 1498 pradicatio,
550 1467 665 1499 ecquem
675 1457 769 1493 locum
780 1455 870 1490 babet
882 1453 1079 1499 blasphemia?

194 1510 322 1540 Etenim
343 1517 395 1540 nec
405 1506 450 1547 isti
460 1530 472 1547 ‚
501 1511 553 1548 qui
569 1518 661 1540 unam
670 1513 772 1540 carnis
797 1518 833 1540 ac
847 1510 980 1540 Deitatis
992 1514 1079 1539 naru-

193 1568 263 1591 ram
268 1558 414 1598 perverse*
424 1567 501 1590 nunc
513 1554 714 1596 Ecclefiasticls
726 1556 912 1600 dogmatibus
924 1553 1058 1597 inserunt
1070 1579 1081 1595 ‚

193 1605 345 1646 Christum
355 1608 516 1639 Dominum
537 1607 656 1638 laudari
666 1613 787 1639 vetant‘.
817 1605 930 1640 Palam
955 1604 1026 1649 agit
1044 1604 1078 1638 in

193 1653 427 1698 Eutychianos
441 1679 450 1687 .
475 1654 621 1690 Proinde
641 1655 777 1699 epistola
801 1655 918 1699 scripta
941 1654 987 1689 est
1007 1654 1078 1697 post

193 1705 389 1741 damnatum
410 1705 451 1745 ab
470 1706 668 1749 Imperatore
690 1706 865 1741 Marciano
879 1703 1079 1748 Ephesmurn

192 1755 408 1790 latrocinium
430 1778 444 1798 ,
470 1756 696 1800 redditamque
718 1754 927 1792 orthodoxis
950 1755 1080 1798 plenam

194 1805 381 1841 libertatem
397 1806 595 1851 praedicandi
606 1808 681 1842 resti
692 1805 858 1851 dogmatis
869 1805 982 1841 contra
1005 1807 1078 1848 sup-

195 1858 334 1901 pressam
346 1855 542 1903 Eutychetis
555 1857 755 1900 potentiam.
786 1856 838 1889 Ex
866 1855 923 1890 ista
939 1854 1079 1889 occasio-

196 1917 243 1940 ne
255 1905 467 1947 Nestoriani‚
495 1906 633 1951 quinon
654 1907 750 1950 pauci
770 1915 861 1940 erant
883 1906 967 1948 apud
989 1905 1081 1939 Con·

196 1955 450 2000 stantinopolim
466 1981 478 1996 ,
503 1955 615 1990 denuo
635 1966 808 1991 erexerunt
826 1955 957 1996 cristas,
984 1956 1082 1990 sacra-

197 2006 318 2040 tiffirna
333 2017 415 2045 voce
432 2030 444 2047 ,
469 2004 603 2046 Christus
619 2031 630 2047 ,
655 2004 746 2041 abuti
759 2016 930 2051 pergentes
948 2005 988 2040 ad

196 2067 277 2090 men
297 2057 357 2090 suae
368 2056 521 2100 nequitiae
531 2079 539 2086 -
566 2056 715 2090 Laudata
727 2056 928 2100 glorificatio
938 2064 1005 2087 erat
1013 2064 1081 2097 gra-

196 2106 319 2140 tiarum
341 2103 428 2140 affio
447 2117 506 2148 pro
530 2106 595 2139 Dei
618 2104 720 2139 Verbi
742 2103 888 2149 paffione
908 2126 919 2142 ,
944 2113 1052 2137 morte
1071 2126 1081 2142 ,

195 2155 333 2200 aliisque
354 2154 534 2193 humilibus
556 2155 742 2198 Mysteriis.
770 2155 853 2189 Haec
878 2154 969 2188 enim
986 2154 1082 2192 sunt,

197 2217 271 2249 quae
291 2215 512 2241 memorantur
531 2228 542 2245 ,
567 2215 605 2238 ac
627 2204 840 2248 praedicantur
862 2205 897 2238 in
919 2202 1081 2249 liturgiis.

196 2253 345 2289 Proinde
366 2262 403 2291 ut
414 2252 455 2288 ad
476 2254 543 2297 ipsa
565 2265 635 2292 non
654 2254 712 2288 soli
726 2255 820 2294 voci,
845 2251 979 2292 Christus
992 2276 1003 2291 ,
1029 2251 1083 2285 sed

196 2305 299 2340 etiam
323 2304 398 2339 voci
419 2329 431 2346 ,
458 2307 542 2338 Deus
563 2328 574 2345 ,
602 2301 810 2341 adscribenda
833 2326 845 2343 ,
872 2303 907 2337 δε
928 2302 968 2337 ad
990 2301 1084 2335 istam

197 2354 351 2400 quotidie
364 2355 398 2392 in
423 2355 492 2401 ipso
514 2355 724 2392 Sacrosancto
736 2353 904 2391 Sacrificio
922 2351 1085 2397 profeffio-

199 2416 279 2438 nem
300 2404 435 2438 dolosos
463 2404 680 2438 Nestorianos
700 2403 914 2447 adstringeret
939 2402 1055 2434 AEtius
1076 2423 1087 2439 ‚

200 2464 261 2497 pro
271 2463 377 2492 voce,
403 2452 536 2493 cbristus
550 2476 561 2492 ,
590 2453 668 2498 poni
681 2452 767 2495 juffit
788 2462 927 2491 vocem,
953 2454 1085 2494 Unigeni-

201 2513 251 2538 tus
265 2527 272 2534 .
300 2502 394 2537 Hinc
403 2513 480 2539 eum
491 2501 726 2539 Theodoretus
736 2503 821 2546 quali
844 2502 1023 2544 suspestum
1035 2500 1089 2534 ha-

202 2553 275 2588 buit
287 2552 328 2587 de
341 2553 490 2589 fomento
505 2551 724 2596 Eutychianae
734 2550 956 2598 blasphemiae.
973 2550 1089 2584 Theo·

202 2602 310 2637 doreti
331 2602 480 2636 adversus
493 2600 579 2636 hanc
601 2601 820 2635 mutationem
831 2601 917 2635 certe
932 2612 998 2635 non
1014 2602 1089 2636 sunt

202 2650 368 2689 invalida:
397 2651 532 2688 Interim
545 2650 870 2687 nihilobtinuerunt-
900 2650 1035 2687 Etenim
1058 2650 1088 2683 S.

204 2701 341 2747 Joannis
354 2700 605 2746 Chrysostomi,
634 2712 698 2745 qua
720 2711 801 2735 tunc
814 2699 955 2735 omnino
977 2699 1089 2734 uteba·

203 2765 256 2788 tur
268 2751 640 2795 Constantinopolitana
655 2751 796 2789 Ecclesia
809 2776 820 2792 ,
834 2751 965 2796 liturgia
977 2750 1088 2785 etiam·

179 2806 188 2815 ⁸
204 2814 287 2837 num
311 2801 410 2836 hodie
434 2800 533 2835 habet
553 2801 645 2834 istam
668 2803 908 2839 mutationem.
934 2800 1088 2838 Omnino

204 2852 335 2887 videtur
347 2851 408 2887 effe
437 2852 454 2889 a
467 2850 602 2888 laudato
615 2850 715 2887 AEtio
726 2877 734 2885 .

256 2903 337 2937 Haec
347 2912 438 2938 erant
451 2900 600 2940 Eutherii
613 2901 968 2947 argumentaadversus
979 2901 1084 2939 Sanffi

205 2953 327 2996 Cyrilli
342 2952 495 2998 Capitula
506 2977 517 2994 ‚
542 2953 575 2987 ὅς
588 2952 738 2987 adversus
748 2954 864 2990 initam
877 2953 1084 2988 sineillorum

204 3001 479 3040 anathematismo
502 3014 614 3047 pacem
640 3003 675 3040 δε
697 3005 985 3042 communionem.
1011 3004 1086 3040 Cla-

205 3052 317 3100 mabat
328 3054 390 3087 effe
412 3065 480 3088 non
503 3064 638 3099 pacem,
662 3064 732 3089 non
754 3055 989 3097 concordiam,
1015 3066 1085 3089 non

205 3104 498 3146 communionem,
526 3101 846 3147 Sedconfufionem,
872 3106 1029 3149 majorem
1041 3104 1083 3138 la-

204 3152 406 3187 cerationem
420 3177 431 3193 ‚
455 3153 654 3189 acerbiorem
664 3153 877 3190 discordiam.
906 3155 1012 3191 Porro
1033 3167 1085 3198 pa-

203 3201 253 3235 cis
263 3202 381 3237 author
395 3203 536 3246 Joannes
550 3203 735 3239 patriarcha
755 3206 932 3252 reponebat
951 3219 958 3239 :
986 3205 1084 3240 naara

203 3252 242 3293 est
265 3253 399 3296 expofirio
422 3255 569 3296 dogmatis
594 3254 638 3287 ad
664 3251 889 3299 succurrendum
908 3247 1083 3299 pistilentiae

203 3305 326 3336 Mundi.
353 3304 431 3337 Hoc
444 3304 489 3338 est
503 3328 514 3344 ,
543 3302 620 3337 licet
635 3302 781 3348 Cyrillus
793 3317 861 3340 non
872 3306 1084 3340 anathemati-

203 3363 251 3390 zet
264 3353 319 3390 sua
332 3354 483 3400 Capitula
494 3378 506 3397 ,
532 3353 598 3398 ipsa
611 3362 721 3390 tamen
733 3354 767 3390 in
779 3355 1003 3392 orthodoxum
1016 3357 1084 3392 sen-

1846 190 1873 221 2
1886 189 1939 232 15

1133 252 1384 298 sumexposuit:
1413 251 1458 287 Et
1480 250 1546 287 hoc
1558 251 1699 285 omnino
1720 254 1795 290 satis
1817 257 1915 293 estad
1928 257 2013 293 abo-

1135 303 1266 339 lendam
1287 314 1423 338 omnem
1441 299 1657 337 discordiam.
1686 302 1762 337 Ubi
1785 318 1862 342 nota
1885 334 1895 349 ,
1921 308 2014 355 quod

1137 354 1279 397 Ioannes
1291 351 1480 390 Patriarcha
1493 350 1789 389 Ecclefiasticarum
1808 360 2015 397 personarum

1138 405 1210 438 lites
1228 404 1367 449 appellet
1386 402 1504 440 mundi
1532 402 1751 446 pestilentiam
1774 428 1780 434 .
1811 405 1992 442 Restiffim&
2009 434 2017 442 ,

1139 455 1210 492 Nec
1221 456 1287 491 fine
1296 454 1478 492 rationibus
1490 478 1498 486 .
1526 451 1629 490 Porro
1639 450 1813 489 Eutherius
1826 454 1855 487 ei
1869 459 1996 498 reponit
2008 483 2019 497 ,

1139 515 1250 549 pacem
1264 517 1323 540 nec
1337 507 1407 545 fore
1417 515 1523 539 veram
1535 529 1546 545 ,
1566 515 1625 537 nec
1638 503 1764 537 firmam
1778 527 1789 543 ‚
1818 503 1875 537 nist
1889 505 2022 540 anathe-

1139 556 1333 590 matizentur
1343 555 1496 600 Capitula
1506 579 1513 586 .
1539 554 1622 589 Haec
1632 553 1722 592 enim
1733 553 1794 592 effe
1805 553 1949 592 radicem
1974 566 2023 591 to-

1139 605 1203 638 tius
1215 604 1382 650 languoris
1393 631 1400 638 .

1191 654 1354 700 Adjungit
1379 656 1413 689 δε
1437 655 1534 690 aliam
1557 653 1725 690 discordiae
1740 656 1889 690 eausam:
1920 653 2026 703 Qod

1140 703 1288 747 Cyrillus
1310 707 1342 738 se
1363 706 1521 748 glorietur
1544 706 1720 745 victorem,
1745 706 1874 740 &reste
1885 706 2027 740 actitasse

1140 753 1274 795 omnia,
1301 752 1440 797 ideoque
1461 754 1479 787 ὲ
1501 757 1625 790 ωηξὶὶε
1646 767 1759 800 pacem
1773 757 1938 790 intraturis
1951 755 2027 798 Epi-

1140 803 1245 848 scopis
1266 804 1378 848 exigat
1391 803 1547 838 subscribi
1558 804 1592 837 in
1604 805 1852 841 damnationem
1864 806 2026 845 Nestorii,

1140 865 1177 888 ac
1202 854 1236 887 in
1250 853 1381 897 plenam
1405 852 1573 896 Ephefinae
1596 855 1720 898 Synodi
1733 856 1941 890 firmitatem.
1970 856 2029 890 Et·

1139 904 1229 941 enirn
1242 905 1419 947 Imperator
1427 903 1639 943 Theodosius
1651 905 1744 940 istam
1757 906 2028 950 subscriptionem

1139 954 1270 1001 jusserat
1281 955 1344 988 effe
1356 965 1460 988 unum
1473 954 1491 987 ὲ
1506 955 1593 998 pacis
1606 953 1751 988 articulis
1762 978 1772 994 ,
1784 957 1817 989 &
1828 957 1869 990 ab
1880 958 1950 1001 ipso
1960 955 2030 1000 Cy-

1141 1003 1232 1039 rillus
1257 1002 1391 1038 nolebat
1414 1004 1613 1038 retrocedere
1635 1028 1642 1036 .
1684 1005 1733 1039 At
1754 1003 1829 1039 vero
1850 1005 2028 1040 Eutherius

1143 1054 1294 1089 censebat
1305 1053 1553 1099 impossibilem.
1583 1054 1636 1086 Ex
1648 1054 1743 1087 variis
1756 1054 1874 1088 caulis.
1901 1055 2030 1096 Primo,

1142 1105 1233 1149 quod
1246 1104 1420 1139 Nestorius
1433 1103 1603 1147 nunquam
1617 1102 1724 1137 fuisset
1735 1105 1907 1138 convictus
1918 1104 1959 1139 de
1971 1104 2033 1138 ha:-

1143 1154 1222 1196 refi,
1249 1154 1355 1189 immo
1370 1165 1431 1188 nec
1443 1153 1595 1188 auditus:
1624 1152 1758 1197 Utpote
1770 1153 1827 1197 qui
1849 1164 1919 1187 non
1937 1164 2032 1187 com-

1145 1205 1294 1249 paruisset
1314 1204 1350 1239 in
1362 1204 1524 1248 Synodo,
1549 1203 1739 1240 solemniter
1758 1202 1910 1239 adversus
1931 1204 2034 1248 ipsam

1145 1255 1360 1300 protestatus.
1387 1254 1541 1289 Secundo
1553 1278 1565 1295 ,
1591 1253 1680 1298 quod
1693 1253 1867 1288 Nestorius
1877 1254 1954 1288 effer
1965 1266 2033 1289 ma·

1147 1303 1262 1343 nifeste
1276 1305 1437 1340 innocens
1450 1318 1462 1337 .·
1490 1303 1626 1348 Utpote
1639 1304 1696 1348 qui
1710 1302 1797 1337 nihil
1817 1303 1962 1348 unquam
1974 1305 2034 1338 do-

1145 1356 1259 1393 cuiffet
1270 1355 1479 1400 peregrinum
1501 1354 1537 1388 in
1551 1353 1634 1389 fide.
1661 1353 1770 1391 Immo
1783 1354 1840 1398 qui
1863 1352 2035 1398 Propheti-

1145 1417 1245 1446 cum,
1271 1405 1534 1450 Evangelicum‚
1559 1417 1598 1439 ac
1621 1403 1854 1449 Apostolicum
1877 1404 1918 1439 de
1940 1403 2034 1439 Chri·

1146 1457 1196 1491 sto
1208 1456 1363 1492 Domino
1373 1456 1497 1502 dogma
1507 1455 1587 1493 citra
1599 1455 1808 1491 vitiationem
1821 1453 2017 1499 praedicasset
2027 1480 2034 1487 .

1147 1506 1267 1550 Ajebat
1291 1508 1426 1541 unicum
1452 1506 1520 1550 ejus
1538 1516 1710 1549 peccatum
1720 1507 1804 1546 effe,
1831 1505 1921 1549 quod
1937 1505 2035 1539 novis

1147 1557 1380 1601 Capitulorum
1393 1555 1605 1602 dogmatibus
1616 1554 1837 1591 adversaretur
1851 1580 1862 1596 ,
1887 1566 1956 1598 quae
1966 1555 2035 1597 ipse

1148 1608 1289 1651 loannes
1300 1617 1336 1642 ut
1348 1607 1530 1652 prophanas
1541 1617 1660 1641 vocum
1687 1606 1849 1639 novitates
1863 1605 1963 1638 etiam
1978 1602 2037 1638 da·

1148 1666 1332 1691 rnnaverat.
1359 1656 1465 1704 Qod
1478 1655 1568 1691 enim
1581 1655 1724 1698 superius
1736 1654 1896 1695 adducta,
1923 1654 2036 1688 adver·

1148 1708 1221 1742 sum
1243 1707 1399 1751 Capitula
1420 1706 1438 1740 a
1460 1707 1588 1750 Joanne
1614 1703 1802 1739 Patriarcha
1820 1705 1862 1738 ad
1882 1705 2033 1738 Firmum

1149 1759 1385 1792 Caesaraeensem
1406 1756 1522 1801 scripta
1538 1781 1548 1796 ,
1576 1755 1724 1799 Epistola
1746 1755 1845 1790 suerit
1864 1755 1968 1790 etiam
1990 1753 2034 1788 ad

1150 1807 1346 1842 Eutherium
1356 1806 1475 1842 directa
1485 1831 1498 1850 ‚
1523 1805 1761 1845 Theodoretus
1771 1806 1910 1840 affirmat
1931 1805 1966 1838 in
1980 1802 2034 1837 lit-

1149 1858 1226 1892 teris
1244 1856 1283 1890 ad
1295 1859 1470 1892 Domuum
1493 1855 1630 1899 Ioannis
1639 1855 1858 1892 Succefforem
1871 1879 1878 1887 .
1910 1852 2033 1888 Exista

1150 1907 1298 1950 Epistola
1322 1905 1496 1943 Eutherius
1516 1906 1656 1940 affirmat
1667 1904 1822 1950 Capitula
1844 1904 1972 1944 &ase‚
1997 1902 2034 1937 δε

1149 1959 1166 1991 a
1179 1959 1306 2001 Joanne
1330 1956 1417 2000 prius
1437 1958 1500 1991 effe
1513 1955 1666 1990 damnata
1675 1979 1686 1996 ‚
1712 1956 1813 1998 quam
1825 1954 1843 1988 a
1855 1953 2013 1988 Nestorio
2025 1978 2033 1985 .

1149 2007 1271 2041 Tertio
1293 2031 1304 2047 ,
1330 2007 1413 2041 dicit
1445 2005 1638 2039 Nestorium
1659 2004 1808 2039 damnari
1835 2015 1906 2037 non
1928 2003 2040 2046 posse,

1151 2057 1209 2089 nisi
1235 2057 1408 2090 damnetur
1429 2056 1543 2099 &ipse
1564 2055 1733 2097 Cyrillus:
1763 2053 1899 2097 Utpote
1918 2052 2040 2096 quiea·

1149 2104 1224 2139 dem
1235 2105 1384 2145 senserit,
1409 2116 1448 2139 ac
1469 2105 1637 2140 docuerit.
1664 2105 1760 2138 Hinc
1786 2103 1957 2138 concludit
1971 2103 2039 2136 Ne-

1150 2155 1299 2190 storianae
1309 2153 1535 2190 damnationis
1547 2154 1815 2197 subscriptionem
1825 2154 1895 2188 fore
1907 2154 2039 2197 plenam

1150 2206 1348 2240 eversionem
1362 2204 1450 2246 pacis
1464 2228 1471 2235 .
1498 2201 1629 2249 Qartd
1640 2201 1732 2236 addit
1750 2204 1866 2237 omnia
1884 2203 1940 2236 illa
1955 2203 2039 2236 blas-

1152 2254 1289 2298 phemiae
1310 2253 1521 2292 testimonia,
1547 2263 1617 2294 quae
1642 2251 1821 2294 synodalia
1842 2250 1925 2285 Aeta
1954 2252 2038 2285 affir-

1153 2315 1243 2338 mant
1255 2303 1422 2346 desumpta
1445 2314 1485 2337 ex
1496 2301 1644 2336 Nestorii
1660 2301 1818 2345 Scriptis,
1845 2302 1907 2336 effe
1918 2301 2036 2335 falfiffi·

1152 2366 1206 2388 ma
1217 2355 1372 2398 figmenta
1385 2377 1396 2393 ‚
1419 2353 1568 2386 consutas
1580 2351 1760 2386 calumnias
1773 2377 1780 2384 .
1808 2351 1906 2386 Adeo
1916 2354 2036 2387 restam

1153 2405 1186 2438 &
1199 2404 1325 2437 firmam
1345 2403 1539 2446 opinionem
1561 2402 1777 2445 issiEpiscopi
1797 2400 1978 2436 habuerunt
1995 2401 2036 2435 de

1156 2454 1331 2488 Nestorio.

1206 2502 1365 2541 Notanda
1386 2504 1460 2537 sunt
1484 2501 1551 2536 haec
1566 2501 1714 2536 Eutherii
1739 2501 1855 2537 verba:
1880 2505 1912 2536 si
1931 2502 2032 2542 Nesto-

1151 2561 1229 2588 rium
1254 2553 1301 2585 bis
1337 2560 1486 2586 nocentem
1520 2552 1699 2593 deprehendi
1724 2559 1899 2596 contigerit,
1937 2553 2033 2586 modis

1150 2604 1285 2637 omnibus
1313 2601 1509 2646 suscipiamus
1549 2602 1728 2634 addic‘lionis
1750 2601 1958 2645 sententiam.
1987 2607 2033 2636 Et

1151 2655 1250 2690 nullus
1256 2651 1297 2695 fic
1309 2654 1372 2686 odit
1381 2658 1517 2687 animam
1524 2650 1608 2695 [uam
1620 2676 1631 2693 ,
1656 2660 1690 2685 ut
1702 2663 1760 2685 non
1782 2663 1849 2686 mox
1860 2652 2035 2686 anathema-

1149 2710 1222 2738 tizet
1244 2714 1297 2745 ea,
1325 2714 1391 2745 quae
1411 2701 1565 2743 manifeste*
1579 2702 1698 2745 fuerint
1717 2710 1822 2744 prava
1846 2726 1858 2742 ,
1883 2713 1946 2736 cum
1972 2702 2034 2746 ipfh

1149 2760 1201 2798 qui
1221 2765 1256 2787 ea
1277 2755 1361 2787 dixit
1380 2779 1387 2785 .
1413 2755 1485 2786 slve
1506 2753 1555 2786 ille
1571 2776 1581 2793 ,
1610 2752 1725 2797 utique
1748 2752 1922 2787 Nestorius
1945 2778 1955 2793 ,
1982 2755 2036 2788 vel

1149 2807 1276 2847 Angelus
1300 2804 1336 2837 de
1353 2804 1432 2837 coelo
1445 2802 1543 2845 fuerit
1568 2827 1578 2843 ,
1616 2807 1667 2846 qui
1689 2804 1783 2836 dicere
1802 2802 2030 2846 praesumpserit

1148 2861 1307 2899 incongrua
1320 2879 1329 2887 .
1357 2853 1526 2899 Augustus
1544 2853 1635 2887 enim
1655 2851 1866 2887 Theodosius
1891 2864 1958 2886 non
1981 2853 2032 2888 so-

1148 2906 1215 2938 lam
1236 2904 1440 2939 Nestorianae
1470 2905 1613 2947 personae
1633 2928 1644 2943 ,
1671 2903 1722 2939 sed
1749 2902 1848 2938 etiam
1875 2901 2031 2936 doetrinae

1148 2955 1397 2990 damnationem
1426 2953 1554 2998 jusserat
1586 2952 1717 2987 admitti
1742 2978 1753 2994 ‚
1793 2964 1832 2986 ac
1854 2952 2029 2987 subscribi.

1148 3004 1372 3040 Haeeinterim
1395 3005 1490 3040 verba
1511 3002 1644 3038 suadent
1658 3001 1854 3038 Eutherium
1877 3004 1970 3038 fuisse
1981 3014 2032 3038 or-

1142 3055 1358 3096 thodoxum,
1384 3057 1419 3091 δε
1440 3055 1513 3089 istic
1535 3053 1689 3087 dodirinae
1712 3053 1917 3096 nequaquam
1940 3052 2031 3088 addi-

1147 3107 1233 3141 etum
1256 3131 1267 3147 ‚
1303 3105 1355 3141 sed
1378 3106 1439 3140 soli
1461 3129 1472 3145 ,
1506 3104 1596 3145 quod
1628 3104 1843 3140 innocentem
1865 3103 2029 3143 crederet,

1147 3158 1289 3200 personae
1316 3181 1324 3189 .
1364 3157 1407 3190 Et
1434 3154 1498 3189 hoc
1525 3154 1630 3197 ipsum
1664 3153 1776 3188 suadet
1811 3153 2028 3194 Eutheriani,

1146 3208 1231 3251 apud
1249 3207 1399 3241 Sanctum
1425 3202 1642 3239 Athanafium
1664 3204 1821 3239 exstantis
1841 3206 1947 3248 operis
1975 3217 2029 3239 ca·

1146 3268 1224 3300 put,
1251 3256 1373 3292 habens
1394 3255 1482 3290 hunc
1506 3254 1662 3288 titulum:
1691 3256 1861 3289 Advemim
1881 3268 1951 3296 eos,
1978 3261 2027 3297 qut

1145 3308 1248 3342 dicunt
1259 3308 1400 3341 bumanae
1422 3311 1455 3339 in
1466 3303 1581 3345 cbristo
1594 3307 1718 3338 Domino
1739 3315 1859 3340 naturae
1883 3305 2027 3348 Confifft·

1145 3369 1193 3392 res
1203 3356 1422 3403 defigeresuam
1437 3354 1522 3400 spem
1536 3361 1569 3390 in
1591 3354 1722 3391 homine.
1752 3357 1808 3392 Est
1821 3368 1871 3391 res
1884 3358 2027 3390 incerta-

1847 3404 1978 3441 Interim
