2320 3730
601 196 907 249 Scironis,
958 211 1020 239 ET
1057 190 1255 239 Nous
1291 207 1689 241 ILLusrRATae.

1900 210 1989 258 175

236 285 382 330 symboli
401 280 552 316 adversus
573 289 654 316 tunc
673 283 881 323 enascentes,
908 293 945 315 ac
970 281 1000 314 se
1013 279 1047 312 in
1059 279 1121 311 isto
1183 289 1250 312 non
1262 286 1332 312 tota
1345 276 1498 319 Synodus
1510 300 1521 317 ‚
1548 276 1601 311 sed
1615 277 1702 311 solus
1712 290 1752 312 ex
1763 280 1829 323 ejus
1839 292 1958 328 rogatu
1978 280 2061 317 Aca.

239 332 401 380 Symbolo
423 330 607 366 facinorose
625 332 801 368 fundantes
825 328 1121 376 Apollinariiblas—

238 383 405 430 phemias,
434 393 493 416 nec
516 394 585 415 non
607 383 777 418 adversum
799 383 952 426 reliquias
963 378 1058 414 Pauli
1071 378 1121 412 Sa-

235 434 428 470 mosacenfis
441 459 447 465 .
476 432 640 468 Existimo
653 432 741 468 hanc
752 433 947 476 postremam
960 429 1122 464 conditio·

236 494 315 519 nem
324 483 418 518 fuiffe
427 483 581 527 adjesiam
596 484 682 527 quasi
695 485 729 517 in
742 482 863 526 Cyrilli
882 480 1041 524 gratiam:
1068 477 1123 511 Ne

236 534 404 568 videretur
425 532 511 567 nihil
534 533 681 568 habuisse
700 559 707 566 .
740 531 874 565 Etenim
900 528 1122 568 Athanasius,

235 594 354 628 utpote
375 584 622 619 Alexandrinus
646 584 824 627 Episcopus
844 592 914 616 non
939 587 1063 625 poterat
1075 578 1121 611 illi

236 646 307 669 non
321 635 449 678 placere
459 659 467 667 .
759 675 761 677 Ι

286 685 343 719 De
368 684 456 724 istis,
485 684 654 728 praesertim
675 682 778 726 prima
806 683 840 716 ὃ(
862 680 1019 720 secunda,
1047 689 1123 713 con-

235 733 422 770 ditionibus
435 736 570 770 Sanstus
584 733 728 777 Cyrinus
750 731 832 767 reste
853 732 973 775 scripsit
993 729 1036 764 ad
1052 731 1123 764 Do·

237 795 355 819 natum
369 784 573 828 Nicopoleos
595 784 815 827 Episcopum:
842 786 984 816 Meminit
1006 779 1122 818 sanffl-

236 844 289 868 tas
300 844 354 868 tua
365 843 458 878 nuper
467 832 579 875 prefi
586 845 698 876 quoque
708 832 852 877 ejusmodi
875 833 914 865 ab
931 833 991 866 illis
1001 827 1120 875 propost-

236 884 564 930 aasfuiffeconditiones
577 879 595 916 .’
614 884 748 918 Etenim
762 884 841 918 dum
856 882 971 928 Ephefi
983 882 1125 925 Joannes

235 929 426 972 Patriarcha
438 933 549 968 turbas
560 945 667 979 ageret
680 959 691 975 ,
719 934 899 978 imperator
917 930 1125 965 Theodosius

236 983 349 1018 denuo
369 983 777 1026 consuluitBerrheensem
799 983 983 1023 Acacium,
1009 981 1042 1015 ὅ(
1058 979 1126 1023 ejus

239 1034 403 1078 Iudicium
413 1036 562 1072 secutus,
592 1045 647 1075 per
669 1034 831 1076 Ioannem
855 1033 1025 1067 Sacrarum
1050 1030 1125 1064 Lar·

235 1083 405 1127 girionum
419 1081 588 1116 Comitem
601 1079 719 1126 scripsit
731 1083 771 1117 ad
786 1083 978 1125 Synodum:
1005 1086 1043 1115 Ut
1055 1083 1125 1114 San·

235 1132 329 1169 Ritus
340 1131 439 1172 vestra
451 1144 509 1165 non
519 1134 602 1166 modo
608 1141 666 1175 per
679 1133 784 1174 nostra
796 1136 924 1166 Pietatis·
945 1133 1064 1165 litteras
1084 1136 1127 1163 in—

235 1188 332 1216 citata
352 1183 397 1220 ad
424 1183 607 1216 concordiam
624 1182 734 1228 speHct
747 1207 759 1224 ‚
783 1189 875 1217 etiam
899 1187 996 1216 Aeacii·
1027 1181 1127 1215 sanavi

239 1231 460 1274 Berrbtenfium
481 1231 623 1276 Episcopi
643 1234 752 1266 ledam
775 1236 796 1270 ,ἆ
821 1233 906 1266 nobis
934 1231 1098 1273 Epistulam
1117 1254 1126 1270 ,

236 1294 300 1325 qua
309 1283 390 1316 idem
394 1281 523 1325 suadet,
551 1284 596 1315 ad
604 1294 657 1316 vos
668 1282 813 1324 mifimus.
841 1286 898 1316 Hic
920 1293 986 1315 cum
1004 1290 1127 1324 propter

237 1340 403 1367 extremam
412 1330 594 1375 seneclutem
604 1332 779 1373 sandhffimo
789 1333 881 1371 vestro
891 1332 1019 1366 Concilio
1042 1329 1127 1373 ades-

234 1381 270 1425 se
285 1394 344 1416 non
359 1382 471 1425 posset,
496 1394 533 1417 ca
551 1391 608 1424 per
619 1383 740 1416 litteras
761 1382 907 1425 consulit,
934 1393 1002 1425 quae
1026 1382 1127 1424 &pie-

238 1441 336 1466 tatem
346 1431 432 1474 ipsius
446 1433 573 1473 decent,
600 1432 828 1467 &Ortbodoxae
858 1434 1003 1477 Religioni
1023 1433 1129 1465 condu-

237 1491 313 1519 cunt
323 1506 331 1514 .
358 1482 442 1515 Haec
453 1482 531 1522 vero
542 1493 654 1524 erant,
682 1493 718 1518 ut
731 1484 883 1518 cessarent
895 1483 1015 1526 Cyrilli
1034 1482 1130 1526 Capi«

240 1532 335 1573 tula,
359 1531 538 1575 omniaque
560 1533 724 1578 utriusque
745 1534 846 1576 partis
863 1535 1009 1577 Scripta,
1035 1534 1068 1566 δε
1091 1541 1128 1566 ut

235 1582 350 1620 ,euasti
375 1582 478 1617 essent
503 1584 654 1617 contenti
680 1583 751 1617 solo
779 1583 921 1617 Nicaeno
946 1581 1128 1626 Symbolo.

239 1631 486 1669 Acacius‘enim
508 1641 576 1671 erat
587 1634 733 1672 annosa,
758 1633 901 1679 ideoque
925 1633 959 1667 &
982 1632 1130 1667 astutissi-

240 1691 296 1716 ma
306 1682 420 1726 vulpes
434 1707 441 1715 .
468 1681 613 1721 Proinde
637 1683 672 1717 ἀ
684 1681 750 1718 hoc
761 1683 863 1718 simile
879 1684 1011 1727 praesens
1028 1682 1130 1717 eonfi-

238 1731 549 1771 liumeratabillo.
577 1733 756 1772 Eratenim
767 1744 859 1769 mens
884 1734 1045 1779 &lingua
1072 1731 1130 1767 hu-

238 1780 293 1826 jus
317 1780 446 1825 Synodi
473 1807 481 1815 .
508 1781 603 1822 Hinc
631 1782 786 1822 Eruditus
812 1784 976 1827 praesentis
1000 1783 1125 1818 codicis

241 1831 454 1877 Compilator
475 1831 553 1867 huie
576 1833 714 1875 Synodo
747 1833 913 1877 adscripsit
934 1833 1022 1866 hunc
1032 1833 1132 1866 Titu-

240 1881 316 1915 lum
335 1893 343 1913 :
372 1881 590 1923 Propofitiones
618 1906 629 1922 ,
655 1894 722 1924 quae
735 1883 857 1916 direaeae
877 1881 949 1925 sunt
972 1883 1010 1916 ab
1032 1885 1133 1914 Acacio

243 1930 424 1973 Berrbfenfi
433 1930 577 1974 Episcopo
586 1940 643 1974 per
654 1932 822 1973 Aristolaum
833 1933 999 1966 Tribunum
1026 1934 1060 1966 ὢ·
1071 1937 1132 1965 Νο·

242 1985 357 2015 tarium
367 1983 472 2025 Cyrillo
486 1983 691 2015 Alexandrino
701 1995 739 2016 ex
750 1984 879 2016 Concilio
903 1981 1111 2026 Episcoporum
1122 2006 1132 2022 ‚

235 2035 379 2081 Joannis
391 2031 554 2073 Antiochia
565 2054 575 2071 ,
604 2033 770 2066 Alexandri
783 2034 955 2073 Hierapoli:
969 2055 981 2071 ,
1006 2035 1132 2063 Macar-ii

245 2083 414 2118 Laodicaeae
425 2105 437 2121 ,
463 2082 593 2118 Andreae
603 2080 768 2123 samosata
782 2105 793 2121 ,
819 2082 854 2114 cb·
866 2080 1040 2117 Theodoreti
1053 2083 1131 2120 Cyri,

242 2132 284 2164 de
289 2139 364 2172 pace
366 2130 529 2172 facienda.
558 2129 710 2165 Affirmat
723 2128 780 2164 has
791 2130 1026 2174 propositiones
1037 2130 1131 2165 fuisse

237 2180 379 2225 quidem
404 2179 617 2223 synodaliter
643 2190 818 2223 conceptas
835 2206 846 2222 ,
873 2181 992 2215 Sancto
1018 2190 1129 2215 tamen

243 2229 377 2273 Cyrillo
388 2228 586 2265 transmissas
605 2241 660 2272 pet
684 2229 789 2264 solum
803 2229 965 2265 Acacium
979 2254 986 2263 .
1013 2230 1130 2265 Scribit

242 2277 312 2314 hm:
324 2289 366 2314 ex
377 2277 508 2313 laudata
518 2279 627 2313 Sancti
637 2280 757 2322 Cyrilli
778 2280 819 2314 ad
833 2281 1007 2315 Donatum
1030 2281 1132 2315 Nico-

243 2329 431 2374 politanum
443 2329 613 2374 Epistola:
637 2331 808 2364 Orientales
829 2329 972 2373 Episcopi
996 2334 1132 2365 Acacium

244 2378 461 2422 Berrbeensem
471 2404 482 2420 ‚
507 2388 540 2413 ut
552 2381 598 2413 ad
605 2392 652 2413 me
661 2379 795 2422 absurda
805 2383 948 2422 quaedam
963 2380 1110 2426 scriberet
1122 2404 1133 2419 ,

245 2431 448 2462 induxerunt.
476 2428 607 2470 Nempe
627 2429 768 2471 Joannes
789 2428 975 2464 patriarcha
990 2453 1002 2469 ,
1029 2429 1132 2463 Nico-

245 2475 390 2514 mediam
410 2476 512 2521 cogi,
538 2477 573 2511 δε
594 2477 614 2511 ὲ
638 2476 800 2522 Principis
826 2480 1001 2523 conspectu
1022 2489 1131 2522 perpe·

245 2528 343 2564 tuum
354 2526 507 2572 proscribi
518 2527 638 2561 timens
649 2550 661 2567 ,
686 2529 789 2562 etiam
800 2528 914 2562 timuit
939 2528 1054 2563 similia
1074 2540 1132 2574 po·

246 2577 365 2615 stulare
389 2588 428 2611 ae
452 2574 664 2612 subscribere.
691 2576 795 2623 Quod
823 2577 929 2620 ipsum
953 2580 1132 2614 timuerunt

239 2628 281 2665 a&
299 2627 358 2666 alii
377 2625 559 2661 adsidentes
580 2625 750 2670 Episcopi.
779 2626 874 2662 Hine
897 2627 958 2660 soli
979 2627 1106 2663 Acacio
1119 2653 1130 2670 ,

245 2679 345 2715 firmo
355 2676 390 2715 in
402 2675 561 2720 Principis
572 2675 695 2721 gratia,
722 2676 949 2720 imposuerunt
974 2675 1061 2713 hanc
1085 2679 1132 2712 in-

244 2726 370 2764 vidiam
389 2750 400 2761 .
437 2725 581 2762 Aeceffit
606 2727 640 2761 δε
660 2725 724 2761 alia
743 2727 829 2762 ratio
852 2740 860 2761 :
887 2727 992 2774 Quod
1015 2728 1133 2773 nempe

246 2776 392 2813 Aeacius
401 2776 509 2814 effeta
522 2775 673 2819 Principe
684 2777 881 2815 constitutus
904 2779 990 2812 inter
1012 2776 1072 2814 has
1089 2779 1132 2814 la·

243 2826 454 2865 sacratissimas
466 2835 571 2872 partes
580 2825 741 2862 mediator
752 2852 763 2870 ,
790 2839 828 2862 ac
838 2827 940 2863 fibula
951 2827 1055 2872 pacis.

296 2878 381 2911 Haec
403 2876 450 2913 est
467 2877 563 2912 tertia
585 2876 884 2922 JoannisSynodus
904 2879 974 2922 post
987 2879 1131 2914 reditum

243 2926 290 2963 ab
309 2925 442 2972 Epheso
465 2952 473 2959 .
498 2926 624 2963 Partim
648 2926 834 2963 Antiochiae
855 2927 988 2970 habita,
1015 2929 1130 2973 partim

246 2975 401 3014 Betrhaeae
412 3003 420 3011 .
447 2976 574 3014 Lucide
585 2975 651 3011 hoc
660 2976 770 3014 scribit
781 2979 914 3014 Sanctus
924 2980 1071 3024 Cyrillus
1089 2979 1129 3015 ad

248 3025 497 3063 Melitinensem
509 3026 690 3064 Acacium:
719 3032 890 3066 orientales
900 3029 1040 3074 Epifiopi
1051 3032 1133 3073 apud

249 3075 464 3120 Berrbeensem
475 3081 608 3113 Acacium
617 3079 747 3125 congreffi
751 3077 844 3124 scribi
866 3083 912 3115 ad
921 3092 968 3116 me
988 3089 1130 3116 curarunt

247 3131 452 3160 conventionis
464 3130 583 3162 modum
594 3151 604 3168 ,
627 3127 724 3170 nilico
739 3131 845 3173 modo,
870 3143 959 3175 quem
980 3131 1037 3175 ipſs
1049 3140 1130 3174 prae-

247 3174 433 3219 ⁴scriberent,
455 3176 523 3221 fieri
544 3190 602 3212 non
615 3177 734 3214 debere.
758 3180 891 3229 Nempe
916 3183 1058 3218 Aeacius
1083 3181 1129 3216 ob

249 3226 389 3261 nimiam
409 3228 605 3263 senestutem
625 3226 780 3274 nequibat
800 3233 880 3269 ferre
906 3232 1042 3277 itinera,
1069 3243 1128 3267 nec

249 3275 484 3312 Patriarchales
505 3276 660 3321 synodos
683 3280 855 3318 accedere:
881 3283 977 3319 Hinc
994 3283 1130 3318 Patriar-

251 3325 316 3362 cha
327 3327 502 3365 accedebat
528 3326 703 3374 adipsum.
731 3329 887 3368 Notamia
913 3335 987 3369 sunt
1013 3333 1128 3369 verba:

249 3377 345 3415 scribi
370 3379 415 3412 ad
436 3390 484 3414 me
507 3387 665 3414 curarunt.
693 3380 817 3417 Denuo
831 3383 1015 3423 affirmant,
1039 3383 1129 3429 quod

1135 3431 1139 3482 ἱ

1174 1256 1177 1265 ι

1183 329 1254 362 cius
1279 327 1321 362 ad
1346 328 1501 362 Sanstum
1528 326 1697 375 Cyrillum
1724 330 1878 372 scripserit
1902 358 1910 365 .
1944 332 2060 367 Exstat

1182 377 1392 413 Theodoreti
1407 377 1449 411 ad
1472 376 1640 413 Andream
1660 377 1914 414 samosatensem
1938 383 1979 417 de
1991 383 2062 417 Ari·

1184 427 1278 463 stolai
1298 428 1385 472 apud
1410 428 1566 464 Sanctum
1592 427 1758 472 Cyrillum
1784 427 1876 464 Actis
1893 431 2061 473 Epistola,

1184 479 1237 512 cui
1264 479 1392 513 Marius
1417 478 1583 513 Mercator
1615 478 1770 522 apposuit
1803 476 1889 514 hanc
1916 480 2061 516 Notam:

1186 530 1282 561 Aliam
1296 540 1407 572 quoque
1417 529 1582 571 Epistolam
1602 528 1799 563 Theodoretus
1814 527 1930 571 firipſst
1951 532 1994 563 ad
2007 535 2064 563 An-

1183 579 1287 611 dream
1300 577 1529 623 samosatensem
1542 577 1722 622 Episcopum
1733 603 1744 620 ,
1769 578 1851 612 lectis
1863 579 1964 612 Sanffl
1975 582 2065 619 cyril-

1182 628 1206 660 li
1218 630 1370 671 Pontificis
1384 631 1580 666 Alexandrini
1595 630 1706 664 litteris
1726 631 1747 661 ἃ
1760 628 1908 663 Berrbaea
1920 630 2042 667 dircblis
2057 656 2065 663 .

1185 678 1279 712 Hine
1307 676 1348 711 ad
1373 690 1471 714 voces
1493 705 1504 721 ,
1532 684 1557 713 A
1583 679 1731 714 Berrbaea
1754 680 1896 720 direeiis,
1925 680 2068 723 Joannes

1186 727 1463 763 Garneriusdedit
1475 728 1540 764 hoc
1553 729 1731 766 Scholion:
1759 735 1833 764 Non
1860 728 1976 773 obscure
2002 731 2070 766 inde

1183 778 1334 819 conficitur
1345 778 1487 816 synodum
1498 801 1509 817 ,
1536 791 1605 820 quae
1615 781 1635 813 ἃ
1640 784 1673 826 J
1676 792 1769 816 oanne
1782 780 1956 818 Antiocheno
1969 806 1980 823 ,
1998 781 2069 816 dum

1184 827 1366 866 trat‘larctur
1375 831 1522 871 negotium
1534 834 1621 869 pacis
1634 852 1645 868 ,
1670 831 1776 865 habita
1796 829 1962 875 scribitur,
1989 830 2072 873 apud

1189 882 1324 911 Acacium
1333 876 1490 911 Berrbaeae
1500 876 1677 915 ,celebratam
1693 881 1802 924 fuisse,
1830 883 1864 916 ό·
1885 892 1943 914 non
1972 885 2071 918 Antio-

1186 927 1261 962 cbiae
1276 952 1287 968 ,
1311 929 1392 970 quod
1410 933 1574 970 opinantur
1595 931 1791 964 conciliorum
1813 933 1955 970 Editores
1968 956 1979 972 ,
2005 932 2075 968 alii·

1188 988 1242 1021 que
1253 983 1445 1012 communiter
1451 979 1556 1019 plures
1566 1003 1573 1010 .
1604 979 1760 1022 Colligitur
1771 985 1862 1016 etiam
1873 1003 1883 1023 ,
1894 982 1972 1023 quod
1980 983 2075 1016 aliun-

1188 1029 1226 1062 de*
1236 1027 1396 1068 certumest
1408 1052 1420 1069 ,
1445 1026 1654 1060 Theodoretum
1676 1039 1735 1060 non
1755 1028 1916 1071 interfuisse
1927 1029 2076 1074 hujusmo-

1190 1081 1222 1112 di·
1231 1080 1343 1118 synodo
1353 1103 1365 1120 ,
1383 1077 1448 1120 five
1461 1079 1540 1121 quod
1550 1082 1741 1120 impatienter
1744 1077 1842 1119 ferret
1857 1079 1894 1112 de
1909 1087 1980 1120 pace
1999 1087 2049 1124 agi
2062 1104 2075 1123 ‚

1188 1128 1287 1169 hocest
1299 1153 1310 1170 ‚
1337 1129 1375 1162 de
1384 1130 1627 1163 condemnatione
1638 1126 1772 1168 Nestorii
1788 1151 1798 1168 ,
1826 1128 1860 1162 Θ
1878 1130 1980 1166 cyrilli
2002 1140 2076 1162 rece-

1184 1185 1309 1221 ptione,
1334 1189 1457 1221 quorum
1478 1179 1568 1212 alten·
1600 1177 1791 1212 vehementer
1803 1177 1964 1219 studebat,
1989 1180 2079 1214 alteri

1188 1228 1324 1272 infensus
1336 1236 1400 1268 erat
1407 1227 1504 1273 supra
1516 1229 1634 1263 modum
1645 1241 1655 1273 ς
1674 1227 1740 1271 five
1751 1239 1808 1273 quo
1818 1228 1875 1262 alio
1887 1229 2081 1270 impedimen·

1188 1289 1219 1319 to
1234 1275 1425 1325 prohibitus*-

1240 1329 1396 1370 Eruditus
1422 1327 1471 1363 vir
1496 1328 1616 1365 labitur
1643 1329 1730 1365 varie
1757 1355 1764 1362 .
1802 1328 1917 1364 Primo
1939 1354 1951 1371 ,
1992 1327 2083 1374 quod

1188 1378 1426 1416 Theodoretus
1450 1377 1529 1414 huic
1540 1380 1769 1424 pacificatoriae
1780 1380 1920 1424 Synodo
1939 1390 2008 1413 non
2034 1379 2084 1413 in-

1190 1430 1337 1465 terfuerit
1359 1456 1368 1465 .
1406 1429 1548 1469 Praesens
1571 1430 1781 1475 Synodicum
1805 1427 1970 1465 'Actorum
1994 1439 2087 1465 com·

1192 1479 1351 1525 pendium
1363 1480 1565 1518 demonstrat
1578 1481 1761 1516 interfuisse
1772 1505 1780 1514 .
1807 1480 1962 1516 Secundo
1971 1504 1981 1520 ,
1993 1477 2085 1524 quod

1191 1529 1428 1566 Theodoretus
1440 1532 1647 1575 impatienter
1658 1532 1771 1566 tulerit
1783 1531 1911 1569 tradiari
1921 1531 1963 1565 de
1983 1540 2062 1574 pace
2075 1552 2083 1564 .

1193 1582 1327 1616 Etenim
1340 1579 1389 1615 hae
1402 1582 1606 1620 Caffinenses
1617 1581 1770 1625 Epistoiae
1788 1581 1968 1615 ostendunt
1990 1579 2085 1613 fuiffe

1192 1631 1281 1671 illius
1312 1632 1590 1675 cupientiffimum
1615 1642 1653 1665 ac
1679 1629 1946 1670 studiosissimum
1965 1653 1972 1662 .
2000 1628 2087 1664 Ter-

1191 1681 1242 1715 tio
1253 1705 1264 1721 ,
1291 1682 1382 1724 quod
1395 1682 1482 1723 pacis
1496 1681 1671 1726 negotium
1683 1683 1761 1715 effer
1772 1680 1858 1714 idem
1869 1704 1880 1720 ‚
1907 1678 1997 1725 quod
2009 1690 2087 1713 eon-

1192 1731 1362 1766 demnatio
1375 1731 1539 1766 Nestorii.
1570 1731 1704 1765 Etenim
1717 1729 1792 1764 licet
1806 1731 1909 1765 essent
1920 1740 2086 1769 connexa,

1193 1781 1432 1816 Theodoretus
1442 1792 1553 1816 tamen
1564 1780 1688 1815 studuit
1711 1781 1768 1815 illa
1781 1781 1960 1814 discernere
1985 1792 2024 1813 ac
2035 1780 2087 1816 se·-

1195 1842 1305 1874 parare
1318 1856 1325 1862 .
1355 1831 1437 1873 Ejus
1455 1831 1681 1874 cogitationes
1701 1830 1904 1873 apparebunt
1931 1829 2086 1863 inferius.

1194 1879 1346 1927 Qartti,
1374 1879 1465 1923 quod
1486 1877 1723 1914 Theodoretus
1739 1881 1817 1914 esset
1838 1879 1970 1923 Cyrillo
1995 1879 2087 1922 supra

1194 1930 1333 1968 modum
1353 1930 1497 1964 offensus
1513 1954 1520 1962 .
1549 1930 1684 1963 Etenim
1705 1939 1773 1964 erat
1792 1928 1902 1973 potius
1923 1928 2086 1973 Capitulis

1194 1981 1362 2020 offensus,
1389 1991 1488 2023 quam
1504 1980 1659 2022 personae.
1689 1979 1845 2026 Qinto,
1871 1979 1961 2021 quod
1981 1980 2090 2021 Syno-

1194 2030 1255 2067 dus
1277 2031 1313 2063 in
1336 2029 1474 2063 adducta
1495 2029 1537 2062 ad
1551 2029 1812 2063 samosatensem
1825 2028 1995 2064 Andream
2009 2028 2090 2072 Epi·

1194 2078 1277 2117 stola
1293 2077 1450 2112 scribatur
1473 2078 1543 2112 asta
1553 2079 1640 2122 apud
1668 2078 1849 2113 Acacium.
1877 2077 1977 2114 Nihil
1994 2079 2088 2123 quip-

1195 2139 1234 2173 pe
1257 2128 1360 2164 simile
1379 2128 1452 2162 istic
1466 2128 1512 2163 est
1526 2129 1653 2173 legere.
1679 2129 1804 2171 Sextd,
1830 2129 1921 2173 quod
1941 2128 2008 2163 haec
2029 2131 2089 2172 Sy-

1195 2178 1302 2213 nodus
1315 2179 1351 2212 sit
1363 2177 1474 2216 habita
1485 2179 1570 2221 apud
1583 2178 1766 2214 Berrhaeam
1780 2205 1787 2211 .
1814 2179 1963 2223 Septimo
1973 2204 1984 2220 ,
1995 2177 2088 2223 quod

1197 2227 1430 2264 Conciliorum
1454 2227 1608 2264 Editores
1633 2239 1670 2262 ac
1681 2229 1739 2262 alii
1767 2229 1873 2271 plures
1894 2229 1980 2263 male
2006 2229 2087 2263 affir-

1195 2288 1287 2316 ment
1308 2279 1412 2314 astam
1439 2276 1532 2315 fuisse
1556 2276 1644 2321 apud
1672 2275 1919 2313 Antiochiam.
1949 2278 2087 2315 Etenim

1195 2329 1281 2371 ipsos
1293 2329 1375 2362 recta
1388 2327 1498 2362 dicere
1509 2326 1712 2365 demonstrat
1723 2327 1907 2363 Alexandri
1925 2329 2089 2373 Hierapo-

1195 2378 1291 2411 litani
1315 2377 1540 2420 Metrop‘olitae
1569 2378 1718 2422 Epistola
1740 2379 1782 2414 ad
1809 2377 2088 2414 Theodoretum:

1195 2430 1275 2461 Tunc
1285 2432 1318 2460 in
1331 2425 1485 2459 Antiochia
1515 2432 1592 2460 inter
1604 2439 1656 2461 nos
1676 2430 1761 2462 locuti
1779 2428 1885 2472 sumus
1899 2454 1910 2470 ,
1936 2431 2085 2463 dicentes:

1196 2475 1458 2521 ,Quodficyrillus
1470 2478 1556 2510 illam
1576 2479 1768 2515 conditionem
1786 2477 1948 2521 susceperit
1960 2504 1970 2519 ,
1996 2479 2086 2521 abJ'e-

1194 2533 1321 2570 ceritque
1353 2527 1501 2570 capitula
1515 2551 1527 2567 ‚
1548 2535 1656 2568 pacem
1675 2528 1744 2570 fieri
1755 2534 1910 2562 convenit.
1938 2529 1994 2563 Est
2007 2530 2086 2564 infe·

1193 2578 1260 2611 rius
1274 2575 1465 2610 adducenda
1478 2600 1486 2608 .
1514 2576 1630 2614 Palam
1643 2579 1711 2622 agit
1722 2577 1763 2612 de
1775 2577 1837 2613 hac
1845 2579 1988 2622 Synodo
2001 2604 2009 2612 .

1245 2626 1376 2670 Nempe
1385 2624 1574 2660 Patriatcha
1589 2627 1731 2672 Joannes
1754 2628 1842 2671 prius
1853 2641 1930 2663 eum
1943 2629 2086 2664 Alexan·

1193 2675 1275 2719 dro,
1301 2676 1466 2718 Meletio,
1493 2675 1649 2718 Andrea,
1675 2689 1714 2712 ac
1724 2677 1946 2717 Theodoreto
1955 2681 2086 2716 Sacram

1194 2726 1359 2770 Principis
1377 2726 1550 2772 jussionem
1572 2727 1737 2769 discussit,
1764 2729 1799 2763 &
1817 2739 1938 2763 certam
1958 2729 2000 2765 de
2018 2731 2085 2774 ejus

1194 2778 1392 2814 executione
1413 2778 1556 2812 formam
1576 2779 1755 2823 concepit,
1781 2780 1907 2817 &tune
1927 2791 2004 2815 cum
2015 2781 2084 2815 istis

1194 2828 1341 2863 transivit
1377 2827 1558 2863 Berrhaeam
1583 2853 1595 2870 ,
1629 2830 1744 2865 omnia
1777 2830 2083 2866 communicaturus

1195 2877 1323 2913 Acacio
1336 2903 1344 2910 .
1374 2878 1419 2912 Et
1442 2877 1496 2913 hic
1509 2877 1658 2926 probavit
1670 2889 1868 2924 conceptum
1881 2905 1891 2920 ‚
1917 2889 2015 2923 atque
2034 2880 2082 2915 ita

1194 2929 1359 2976 persuasus
1376 2929 1422 2963 est
1435 2928 1494 2964 sub
1507 2930 1578 2964 solo
1601 2930 1658 2964 suo
1670 2930 1807 2964 nomine
1818 2930 1957 2964 scribere
1969 2929 2079 2973 Cyril-

1194 2980 1246 3016 lo.
1273 2978 1367 3012 Hinc
1386 2980 1420 3013 &
1432 2979 1576 3023 Cyrinus
1590 2991 1658 3015 non
1682 2980 1735 3014 isti
1748 2980 1887 3023 Synodo
1899 2981 2079 3024 rescripsit,

1193 3029 1248 3065 sed
1260 3030 1320 3064 soli
1332 3029 1480 3064 Acacio:
1509 3030 1554 3069 Et
1573 3030 1698 3065 litteras
1720 3041 1790 3063 non
1802 3028 2021 3065 Antiochiam
2033 3029 2080 3064 di-

1193 3081 1277 3115 rexit
1289 3105 1301 3122 ,
1326 3080 1381 3115 sed
1394 3079 1574 3115 Berrhaeam
1589 3105 1597 3112 .
1625 3080 1758 3115 Litterae
1777 3079 1980 3118 adducentur
1991 3081 2079 3119 infe*-

1192 3131 1276 3169 tius.
1306 3131 1370 3166 Eas
1390 3131 1534 3166 Aeacius
1556 3141 1635 3164 mox
1658 3130 1796 3179 Joanni,
1826 3131 1969 3176 Joannes
1987 3140 2078 3166 com·

1191 3182 1373 3218 munieavit
1390 3181 1464 3215 aliis
1484 3180 1545 3215 fibi
1565 3180 1640 3214 fidis
1652 3178 1840 3225 Episcopisss
1868 3182 1914 3221 Et
1924 3180 2076 3226 deipfisa

1190 3233 1222 3267 se
1231 3231 1375 3270 discussis
1386 3229 1620 3267 Theodoretus
1643 3230 1766 3276 scripsit
1780 3231 1920 3270 Andreae
1940 3231 2075 3276 Episto-

1192 3282 1258 3318 lam
1272 3307 1284 3324 ,
1311 3282 1408 3318 nobis
1427 3280 1654 3320 custoditam&
1668 3281 1781 3321 Mario
1803 3281 2011 3321 Mercatore,
2038 3281 2074 3315 dc

1193 3332 1274 3369 infra
1296 3332 1355 3368 sub
1375 3332 1437 3367 alia
1464 3331 1675 3370 translatione
1697 3332 1925 3371 adducendam
1947 3357 1954 3364 .
1981 3330 2075 3364 Hinc

1192 3383 1319 3419 Marius
1340 3383 1422 3420 dicit
1442 3383 1549 3429 ipsum
1571 3383 1724 3430 scripsisse
1735 3383 1837 3420 Lec'lts
1857 3380 2073 3469 sanfticrtm

1928 3440 1938 3462 ι
1964 3439 1994 3465 er
2006 3440 2022 3463 s
