2320 3730
613 209 921 266 Senotns,
961 222 1022 252 ετ
1058 205 1245 252 Nor1s
1279 217 1679 252 utusrnnrffl.
1878 223 1973 273 157

221 305 301 333 runt
317 295 335 337 ’ἦ
359 290 690 330 ac'inthronizaru‘nt
711 319 718 328 .
746 294 808 329 Sed
842 305 941 330 manu
971 291 1080 338 potius
1094 315 1105 332 ,
1168 291 1226 325 fis.
1255 290 1366 326 Primo
1385 302 1428 326 ex
1449 280 1611 336 paue‘itate
1632 290 1853 329 clericorum.
1881 296 1974 331 Dum
1988 295 2049 330 Ec?

223 356 320 393 quarn
339 344 526 379 voluntate.
553 343 712 381 Attamen
738 346 773 380 ἀ
798 345 984 380 voluntate.
1015 342 1102 376 Nam
1169 342 1262 377 clesia
1282 341 1453 387 indigebat
1475 342 1639 386 Episcopo
1661 350 1718 375 aut
1741 342 1893 383 Clerico,
1918 347 1951 380 ὃς
1971 355 2046 390 apta

224 397 290 432 fine
302 394 471 429 voluntate
483 406 598 430 manus
608 391 732 439 operari
743 407 811 430 non
824 403 952 438 poterat
965 418 972 425 .
993 390 1104 436 Pergit
1170 394 1304 434 persona
1329 404 1396 427 non
1415 403 1483 427 erat
1506 392 1546 426 ad
1561 403 1695 426 manum
1708 415 1719 432 ‚
1745 393 1940 435 quandoque
1952 407 1992 429 ex
2003 397 2050 431 se-

222 444 419 490 Gregorius:
450 450 489 478 Ut
511 452 589 479 enim
606 443 773 480 iubentibus
791 448 900 476 animis
913 443 1103 485 decefferunt,
1170 442 1329 485 metipso,
1356 443 1551 486 quandoque
1573 442 1614 477 ab
1635 441 1800 486 Episcopo
1822 451 1878 476 aut
1889 444 1988 478 Clero
1998 457 2050 482 ac.

222 506 258 532 ae
265 493 445 538 sententiam
452 494 540 539 suam
552 502 584 529 in
591 495 645 539 fico
664 489 833 529 arbitrio&
844 491 986 535 potestate
998 490 1106 523 babue-
1171 494 1286 527 census
1296 492 1441 536 Populus
1449 492 1594 536 rapiebat
1615 493 1759 537 aliquem
1771 516 1783 533 ,
1809 501 2001 536 raptumque
2011 506 2050 529 ac

221 554 295 580 runt
315 571 326 587 ,
352 544 495 587 confilium
516 551 594 580 inter
612 544 754 589 seineunt
767 568 779 584 ‚
805 540 956 585 haudscio
971 553 1012 574 an
1022 539 1107 583 spiri·
1171 541 1227 575 sibi
1249 544 1472 586 praesentatum
1486 543 1668 587 Episcopus
1681 541 1906 578 consecrabat.
1934 544 2052 578 Secun-

222 596 305 632 tuale
332 619 343 636 ‚
363 594 421 638 sed
439 590 544 629 ineunt
563 605 662 630 tamen
675 618 686 635 ‚
709 594 813 635 nempe
833 601 875 626 ut»
889 591 968 625 nihil
988 601 1104 630 eorum,
1171 590 1217 624 d&
1231 616 1240 632 ‚
1265 603 1306 625 ex
1317 594 1449 628 avaritia
1463 619 1470 626 .
1498 594 1546 628 lta
1567 592 1715 628 nobilem
1729 592 1834 628 virum
1848 592 2024 627 Pinianum
2038 619 2052 635 ,

223 656 292 688 quae
309 644 388 690 gesta
401 645 553 688 fuerant,
580 654 680 680 ratum
701 655 736 678 ac
744 643 866 686 firmum
878 642 928 685 effe
947 644 1106 681 ducerent,
1173 640 1261 684 quod
1274 642 1402 676 illustris
1415 656 1453 678 ac
1464 643 1639 687 opulentus
1659 645 1756 683 esset,
1781 642 2050 687 &Hipponensis

223 706 275 729 nec
286 694 493 735 institutionem
503 698 677 740 legitimam:
705 697 772 726 Vim
784 699 811 727 ei
836 693 1005 735 objicientes
1017 716 1029 733 ‚
1057 695 1109 733 qui
1173 691 1207 724 δε
1229 690 1439 735 Tagastensis
1463 693 1602 728 Ecclesia
1613 694 1804 729 studuerunt
1815 694 1873 727 suo
1885 694 1986 728 Clero
1997 705 2052 737 per

223 757 284 780 non
304 751 445 780 minorem
466 745 528 789 ipse
547 751 611 779 vim
629 744 728 788 paffics
743 743 852 786 fuerat
868 767 880 783 ,
906 754 940 777 ac
957 741 1109 786 sermones
1175 739 1368 774 violentiam
1379 740 1574 784 adscribere,
1601 744 1751 788 atqueita
1772 744 1904 787 quaestio
1917 755 1993 779 nata
2005 743 2053 778 est

223 794 368 839 quosdam
390 801 590 839 arripientes,
617 804 652 828 ut
671 795 845 837 petulanter
865 798 962 837 magis
983 817 994 834 ,
1021 802 1111 834 quam
1175 790 1260 824 inter
1281 801 1390 824 earum
1419 790 1598 834 Episcopos
1621 818 1633 833 ‚
1658 795 1810 828 Sanstum
1843 793 1995 837 Alipium
2015 805 2053 829 ac

208 863 212 867 «
221 844 418 893 sapientereo
428 853 554 887 tempore
569 845 718 887 prolatos.
748 845 905 889 Episcopi
919 843 968 877 illi
982 841 1022 877 ad
1035 840 1112 884 Epi·
1176 841 1326 874 Sannum
1348 838 1592 885 Augustinurn.
1619 842 1670 877 Eo
1692 845 1781 878 enim
1801 853 1945 888 tempore
1955 843 2057 878 Cleri-

227 895 367 939 scopalis
395 895 664 930 Consecrationis
691 895 834 930 valorem
862 892 1015 927 volebant
1042 901 1110 924 non
1176 901 1254 925 cum
1273 889 1490 934 sequebantur
1514 890 1628 924 omnia
1639 891 1706 933 ejus
1717 893 1825 934 bona,
1850 895 1970 930 &curn
1982 895 2053 938 ipso

223 944 397 980 dumtaxat
410 945 446 979 in·
457 946 647 981 consecrato
660 970 672 986 ‚
698 945 861 980 sedetiam
872 943 906 978 in
925 942 1114 977 consecrari·
1176 939 1432 975 devolvebantur
1453 940 1661 982 indicclefiae
1679 940 1865 978 dominium
1877 969 1888 984 ‚
1916 943 2062 990 ideoque

225 995 314 1031 tibus
333 996 453 1039 requiri
475 996 678 1029 voluntatem
699 1018 710 1034 ‚
738 1005 806 1028 non
836 1002 998 1027 extortam
1022 1015 1034 1032 ,
1061 990 1113 1024 sed
1176 990 1312 1035 quidam
1334 990 1455 1034 Populi
1485 990 1688 1025 conabantur
1725 991 1901 1035 opulentos
1929 1005 2061 1039 rapere.

224 1044 323 1088 plene
340 1044 475 1077 liberam
497 1067 509 1084 ‚
534 1042 675 1087 ideoque
701 1045 756 1078 sua
778 1043 815 1077 in
838 1042 982 1077 Eusebio
1015 1051 1112 1084 opera
1177 1040 1315 1081 Tertio,
1340 1040 1509 1085 rapiebant
1531 1050 1571 1073 ex
1598 1039 1721 1074 invidia
1735 1065 1742 1071 .
1768 1041 1816 1074 Ita
1837 1041 1970 1084 quidam
1981 1045 2062 1089 Epin'

221 1092 412 1128 clamabant
429 1093 493 1127 effe
503 1093 593 1128 irrita
613 1105 651 1128 ac
662 1094 772 1128 nulla.
800 1093 897 1127 Adeo
909 1092 1008 1127 alieni
1020 1100 1112 1126 erant
1177 1092 1267 1136 scopi
1278 1093 1372 1131 suoS‚
1397 1102 1479 1135 quos
1488 1090 1623 1126 oderant
1636 1114 1648 1131 ‚
1664 1088 1975 1133 Archi-Diaconos,
2002 1103 2075 1131 autr

221 1141 266 1179 ab
286 1141 346 1177 illo
358 1142 563 1178 Commento
578 1168 590 1185 ,
617 1143 708 1187 quod
731 1143 800 1178 vult
820 1142 1112 1178 Consecrationem
1178 1151 1269 1186 raptu
1282 1166 1294 1183 ,
1319 1150 1376 1176 aut
1388 1142 1452 1176 alia
1472 1141 1629 1176 violentia
1639 1139 1872 1175 consecrabant
1883 1141 1917 1174 in
1930 1140 2065 1186 Presbyus

222 1191 319 1239 plene
339 1192 454 1228 invitis
473 1198 586 1228 contra
607 1204 742 1228 omnem
767 1192 946 1227 voluntatis
971 1193 1112 1226 renisum
1178 1201 1286 1227 teros.
1312 1192 1362 1226 Ita
1386 1192 1420 1226 ἀ
1436 1190 1651 1232 Patriarchae,
1677 1191 1862 1232 primates,
1887 1203 1925 1227 ac
1937 1191 2063 1238 Metro-

222 1243 315 1287 posse
336 1242 502 1286 imprimi.
529 1242 656 1278 Verum
679 1242 860 1287 Gregorius
886 1241 1113 1275 Nazianzenus
1177 1242 1284 1285 politae
1308 1241 1434 1276 invisos
1452 1241 1511 1276 fibi
1538 1242 1685 1277 Clericos
1711 1242 1872 1278 violenter
1898 1239 2066 1286 consecrar-¹

222 1292 410 1337 Episcopus
431 1301 582 1338 potenter
604 1292 801 1333 interceffit,
827 1290 1050 1326 demonstrans
1061 1302 1114 1325 ex·
1177 1292 1257 1326 bant
1279 1291 1315 1325 in
1341 1291 1543 1336 Episcopos:
1570 1293 1653 1340 Qo
1675 1304 1732 1327 eos
1757 1305 1800 1328 ex
1821 1293 1876 1327 sua
1898 1293 2067 1335 Ecclesia,

222 1351 347 1377 tortam
373 1343 580 1378 voluntatem
591 1342 626 1376 in
638 1340 799 1377 ambobus
809 1342 953 1376 sufficere
965 1366 972 1373 .
999 1342 1044 1375 Et
1056 1342 1114 1375 ista
1177 1353 1214 1377 ae
1226 1342 1243 1376 a
1256 1341 1319 1377 suis
1326 1341 1430 1377 oculis
1441 1341 1500 1376 sub
1511 1341 1650 1377 honoris
1659 1344 1737 1377 fuco
1748 1343 1909 1386 ejicerent.
1929 1344 1978 1378 Ita
1990 1343 2067 1378 Bas-

222 1393 340 1427 omnia
362 1393 397 1425 in
418 1392 550 1427 laudata
572 1392 722 1428 oratione
743 1391 919 1428 confirmat
940 1391 1008 1436 ejus
1028 1392 1116 1426 filius
1177 1392 1333 1427 sianuma
1346 1394 1531 1428 Memnone
1542 1391 1729 1437 Ephefino‚
1755 1394 1773 1428 a
1786 1391 1913 1436 Joanne
1935 1393 2067 1428 Raven-

222 1442 409 1487 Gregorius
420 1442 637 1488 Theologus.
1177 1453 1254 1478 nate
1274 1443 1459 1478 audivimus
1482 1443 1709 1479 consecratum
1731 1443 1932 1489 Gregorium
1959 1444 2070 1484 Mutis

255 1524 258 1528 .
275 1492 402 1526 Eadem
414 1491 460 1526 est
471 1494 556 1526 ratio
567 1493 700 1527 istarum
712 1493 972 1529 Ordinationum
983 1517 995 1535 ‚
1016 1504 1115 1538 quam
1178 1494 1313 1530 nensem
1330 1493 1532 1539 Episcopum
1542 1519 1551 1527 .

222 1541 333 1578 invito
343 1539 540 1585 Presbytero
551 1543 712 1585 sylvanus
724 1543 979 1589 Calaguritanus
990 1544 1025 1577 in
1040 1544 1117 1585 His·⁴
1229 1544 1356 1591 Qarta
1379 1545 1543 1580 violentiae
1563 1546 1658 1580 causa
1678 1545 1742 1579 fuit
1767 1545 1862 1588 jussio
1879 1542 2044 1588 Principis
2058 1545 2071 1581 2

221 1592 546 1642 panianEpiscopub
577 1593 611 1627 &
632 1603 730 1636 quam
754 1593 917 1637 Gregorio
934 1592 1114 1627 Mutinensi
1177 1594 1389 1642 Qandoque
1413 1595 1519 1638 justa,
1544 1595 1743 1638 quandoque
1769 1594 1902 1638 iniqua.
1930 1593 2069 1628 Etenim

219 1642 392 1688 Episcopo
419 1642 574 1687 impteffit
587 1643 729 1686 Joannes
740 1643 1040 1688 Archi-Episcopus
1051 1642 1116 1678 Ra·
1177 1644 1342 1687 Capitaies
1361 1655 1456 1685 reos,
1483 1653 1540 1679 aut
1564 1643 1794 1688 undecumque
1814 1644 1873 1678 fibi
1886 1645 2045 1687 suspestos
2057 1667 2070 1684 ‚

222 1703 361 1727 vennae.
387 1692 531 1727 Primam
545 1694 579 1728 in
592 1694 708 1728 litteris
730 1695 866 1729 Ascanii
887 1693 1116 1731 Tarraconen·
1176 1693 1257 1729 dum
1289 1694 1367 1730 clari
1398 1691 1567 1739 sanguinis
1594 1703 1650 1729 aut
1683 1692 1860 1728 eminentis
1895 1693 2071 1739 dignitatis

222 1743 266 1777 fis
282 1741 507 1787 Metropolitae
527 1743 569 1778 ad
593 1743 749 1781 Hilarum
771 1745 915 1789 Papam,
942 1744 1116 1780 secundam
1176 1745 1277 1780 essent
1296 1770 1307 1787 ,
1335 1744 1504 1788 Principes
1524 1754 1594 1779 non
1627 1742 1700 1778 raro
1722 1743 1855 1786 jubebat
1881 1744 2011 1778 tonderi
2033 1745 2070 1777 in

222 1791 325 1827 habes
348 1792 384 1828 in
407 1793 524 1828 litteris
535 1793 698 1838 Simplicii
708 1794 882 1831 Pontificis
897 1794 938 1828 ad
952 1795 1114 1838 praefatum
1178 1794 1389 1835 Monachos,
1415 1794 1593 1828 auveriam
1620 1794 1803 1828 consecrari
1826 1794 1861 1827 in
1886 1794 2070 1837 Episcopos

223 1842 408 1887 Joannem.
435 1843 498 1877 Ista
522 1844 679 1878 violentia
707 1853 773 1878 erat
786 1854 866 1879 tunc
878 1842 959 1878 adeo
970 1854 1116 1878 commu·
1178 1843 1228 1877 vel
1251 1842 1413 1877 Clericos.
1446 1843 1543 1885 Juxta
1567 1842 1690 1876 variam
1702 1843 1842 1886 personae
1854 1842 2066 1886 qualitatem.

195 1906 202 1916 ·
225 1893 280 1928 nis
294 1916 306 1934 ‚
330 1901 368 1927 ut
383 1893 515 1927 Sanetus
528 1892 733 1939 Augustinus
746 1895 860 1929 scribat
879 1894 914 1928 in
928 1894 1070 1929 secundo
1082 1892 1115 1927 li·
1178 1894 1231 1928 Sic
1251 1893 1340 1931 onim
1356 1891 1536 1929 consecrati
1550 1891 1731 1936 nequibant
1756 1892 1797 1926 ad
1807 1893 1978 1939 cingulum
1990 1894 2072 1928 redi·

226 1942 290 1979 bro
310 1942 352 1977 de
371 1942 564 1977 adulterinis
588 1944 751 1988 conjugiis
775 1959 786 1977 :
811 1945 938 1978 Solemus
968 1950 1010 1979 eis
1023 1969 1034 1985 ,
1059 1944 1115 1988 qui
1179 1954 1236 1985 re,
1262 1953 1319 1978 aut
1333 1943 1537 1986 Reipublicae
1550 1953 1657 1976 creare
1668 1941 1871 1985 periculum.
1898 1944 1981 1977 Sunt
1994 1943 2070 1987 plu-

225 1991 357 2028 dimissa
377 1991 422 2028 ob
437 1991 630 2027 adulterium
644 2003 747 2028 uxore
760 1995 879 2029 nolunt
892 1994 975 2030 caste
987 1996 1095 2029 vivere
1105 2018 1114 2033 ,
1178 1994 1260 2026 rima
1284 1993 1432 2035 exempla
1444 2017 1451 2024 .
1479 1991 1523 2026 Et
1537 1990 1602 2025 haec
1614 1991 1721 2035 palam
1742 1990 1966 2027 demonstrant
1977 1993 2070 2027 fuisse

224 2042 285 2078 sed
315 2041 357 2077 ad
381 2053 483 2077 novas
503 2044 631 2077 transire
652 2044 781 2087 nuptias
803 2066 816 2084 ‚
837 2051 1001 2086 proponere
1025 2047 1117 2076 etiam
1137 2039 1143 2045 ⁴
1179 2041 1409 2081 necessariam,
1435 2053 1472 2076 ac
1497 2042 1621 2084 semper
1641 2042 1830 2077 consecrato
1852 2041 1986 2077 adfuisse
2012 2043 2069 2077 sal-

225 2097 435 2128 continentiam
445 2094 622 2125 elericorum
642 2116 653 2132 ‚
673 2097 727 2135 qui
743 2094 919 2136 plerumque
938 2096 984 2126 ad
991 2094 1117 2127 eandem
1179 2101 1246 2126 tem
1272 2100 1435 2126 extortam
1462 2090 1670 2126 voluntatem
1683 2116 1690 2123 .
1719 2092 1809 2127 Nam
1832 2092 1900 2127 fine
1920 2093 1976 2127 illa
1996 2094 2071 2138 quis

221 2140 374 2186 sarcinam
389 2141 576 2185 subeundam
595 2148 753 2185 capiuntur
778 2148 895 2185 inviti,
925 2154 1045 2186 eamque
1067 2141 1117 2187 su·
1178 2141 1309 2177 adultus
1328 2142 1424 2186 possit
1447 2142 1518 2176 fieri
1539 2141 1754 2176 Monachus?
1782 2142 1891 2188 Regia
1910 2142 2003 2186 juffio
2014 2152 2073 2179 aut

225 2191 358 2236 sceptam
387 2191 476 2234 usque
496 2194 539 2225 ad
549 2192 802 2234 debitumfinem‚
829 2197 956 2227 Domino
966 2195 1118 2234 adjuvan·
1179 2193 1462 2227 consecrationem
1487 2191 1680 2234 imponebat
1702 2202 1760 2226 aut
1783 2202 1946 2234 mortem,
1973 2204 2074 2238 atque

226 2251 276 2282 te,
301 2242 484 2284 perducunt.
514 2245 650 2276 Dicimus
673 2254 739 2286 ergo
762 2248 805 2276 eis
819 2257 831 2277 .-
857 2246 948 2287 ‚Quid
960 2243 990 2285 fi
1006 2245 1041 2277 eit
1064 2254 1117 2277 vos
1180 2243 1223 2277 ita
1239 2242 1446 2276 voluntatem
1457 2240 1675 2285 extorquebat
1689 2265 1696 2272 .
1724 2241 1891 2289 Qintarn
1903 2243 2071 2281 violentiae

226 2292 272 2325 ad
293 2290 345 2325 hoc
359 2290 550 2335 subeundum
576 2294 752 2335 Populorum
764 2293 912 2327 violentia
921 2298 1117 2336 caperemini,
1179 2294 1309 2327 causarn
1329 2291 1510 2327 edicuntin
1523 2292 1577 2325 sua
1596 2290 1748 2326 adversus
1759 2302 1832 2327 eam
1845 2292 1918 2337 lege
1931 2294 2073 2337 Impera-

224 2353 324 2376 nonne
341 2340 509 2385 susceptum
529 2342 603 2383 caste
625 2343 806 2382 custodiretis
831 2345 951 2386 offiium
965 2368 975 2384 ,
1000 2352 1122 2385 repente,
1181 2353 1265 2376 tores
1287 2344 1357 2377 Leo
1379 2353 1416 2376 ae
1427 2341 1640 2385 Majoranus:
1669 2344 1746 2376 sane
1757 2353 1816 2376 non
1828 2343 1938 2385 injusta
1946 2342 2071 2387 suspicio

227 2390 359 2431 conversi
381 2393 424 2422 ad
432 2393 640 2431 impetrandas
653 2398 735 2424 vires
747 2395 767 2424 ἃ
786 2396 911 2425 Domino
923 2416 935 2432 ,
959 2394 996 2424 de
1012 2392 1119 2433 quibus
1181 2391 1216 2430 est
1227 2391 1291 2424 huic
1314 2397 1393 2433 operi
1418 2394 1582 2425 Parentum
1607 2391 1733 2424 colludia
1749 2395 1924 2436 plerumque
1934 2393 2066 2437 misceri,

230 2450 389 2481 nunquam
402 2447 494 2473 antea
508 2439 673 2486 cogitastis?
699 2441 759 2473 Sed
768 2440 855 2496 'mi'
882 2445 1024 2483 inquiunt
1035 2465 1046 2481 ,
1072 2439 1120 2473 bo·
1182 2441 1253 2473 dum
1269 2440 1385 2474 Liberis
1397 2441 1468 2474 aliis
1480 2452 1578 2474 amore
1588 2444 1678 2473 nimio
1683 2442 1897 2485 gratificantur
1907 2468 1917 2484 ‚
1943 2445 1978 2477 ό·
1988 2446 2068 2478 altos

231 2501 288 2523 ntor
303 2490 467 2530 plurimum
491 2487 653 2531 consolatur
675 2515 681 2521 .
713 2488 931 2533 Respondemus
956 2504 966 2524 :
993 2494 1040 2523 Et
1066 2501 1120 2524 vos
1183 2488 1291 2530 injusta
1298 2488 1447 2532 sententia
1451 2490 1688 2535 persequuntur,
1714 2497 1831 2526 invitos
1847 2493 1921 2535 filios
1929 2493 2064 2537 praefato

230 2544 320 2573 timor
333 2540 458 2580 amplior
469 2539 649 2572 moderetur.
678 2541 798 2571 sienim
822 2541 911 2573 multi
929 2539 1120 2580 Deiministri
1183 2545 1263 2574 oneri
1278 2539 1402 2583 subdidi
1424 2551 1456 2573 e.
1487 2540 1568 2575 Non
1590 2540 1634 2575 ob
1645 2543 1874 2578 omnimodam
1885 2545 2065 2579 voluntatis

230 2595 351 2631 repente
374 2597 464 2630 atque
489 2593 676 2629 inopinanter
711 2586 875 2629 impositum
907 2587 1120 2631 susceperunt,
1183 2590 1358 2624 carentiam
1379 2614 1389 2629 ,
1415 2589 1468 2623 sed
1483 2589 1528 2624 ob
1549 2590 1618 2634 ejus
1645 2590 1824 2629 violentam
1844 2595 2064 2631 extorsionem

228 2637 386 2683 sperantes
407 2636 441 2681 se
462 2637 603 2678 illustrius
625 2643 657 2670 in
675 2636 788 2678 Christi
798 2637 973 2672 baereditatc
978 2639 1119 2683 fulgere,

233 2697 350 2733 quanto
371 2694 464 2732 magis
475 2700 531 2722 vos
542 2689 691 2721 adulteria
707 2689 842 2722 cavendo
851 2694 957 2724 vivere
969 2694 1118 2723 continen-

232 2746 280 2772 ter
303 2738 438 2777 debetis,
458 2747 617 2772 metuentes
640 2749 697 2771 non
719 2745 752 2773 in
764 2741 866 2783 Regno
877 2743 933 2772 Dei
954 2739 1120 2781 minusful-

232 2798 322 2832 gere,
343 2786 399 2831 'sed
419 2793 450 2820 in
465 2787 611 2832 gehennae
632 2787 748 2830 ignibus
772 2791 878 2822 ardere
891 2814 898 2821 .
927 2788 1021 2824 Dicit
1044 2789 1120 2824 illos

234 2838 439 2882 Populorum
464 2837 620 2873 violentia
641 2837 734 2882 capi,
758 2838 793 2872 δε
806 2839 937 2877 Sacrum
949 2838 1118 2874 ministerii

1183 2639 1304 2674 invitos
1329 2665 1336 2672 .
1368 2639 1553 2675 Istiusmodi
1589 2642 1790 2677 consecratio
1819 2654 1886 2678 erat
1915 2644 2062 2680 obnoxia

1183 2690 1294 2725 multis
1315 2690 1537 2726 incommodis
1558 2717 1566 2724 .
1592 2691 1687 2727 Hinc
1708 2693 1828 2736 praefati
1848 2694 2062 2738 Imperatores

1181 2740 1330 2775 adversus
1350 2740 1443 2775 illam
1466 2742 1665 2777 sanxerunt.-
1691 2744 1741 2776 Ad
1747 2742 1962 2787 suscipiendum
1971 2748 2064 2780 Cleri-

1181 2800 1267 2824 catus
1290 2791 1411 2832 officium
1435 2796 1587 2835 unicuique
1598 2805 1650 2826 nos
1663 2800 1807 2835 optionem
1817 2796 1956 2829 dedimus
1966 2820 1979 2836 ‚
2004 2807 2062 2830 non

1180 2843 1289 2884 legem.
1317 2844 1400 2886 ‚Quia
1409 2843 1569 2884 quamlibet
1580 2844 1722 2878 sanctum
1731 2856 1826 2884 onus,
1852 2852 1885 2878 ut
1895 2845 2060 2880 volentibus

232 2887 397 2924 Ordinem
417 2888 483 2921 illis
511 2897 643 2932 repente
669 2900 707 2922 ac
733 2889 944 2933 inopinanter
968 2889 1118 2946 imponi,
1176 2896 1315 2932 patimur
1335 2898 1446 2935 imponi
1467 2917 1480 2934 ‚
1504 2899 1550 2927 ita
1574 2893 1613 2926 ab
1645 2900 1756 2928 invitis
1782 2893 1923 2935 jubemus
1943 2903 2057 2931 arceri.

232 2939 274 2973 ὰ
294 2949 404 2972 tamen
427 2939 513 2982 ipsos
536 2937 693 2981 suscipere
713 2937 797 2974 istud
817 2951 902 2974 onus
922 2964 934 2980 ,
960 2942 1122 2985 sperantes

238 2986 364 3031 fulgere
386 2987 420 3021 in
444 2987 567 3022 Christi
598 2987 721 3032 Regno
733 3013 744 3030 ‚
770 2989 806 3024 δε
823 2991 995 3025 conversos
1012 2989 1120 3026 adim·
1180 3003 1252 3025 onus
1264 2991 1341 3033 fflud
1363 2999 1490 3036 imponit
1502 3018 1512 3034 ‚
1538 3004 1571 3028 ut
1581 2996 1770 3035 improvidas
1783 3004 1892 3027 mentes
1904 2996 2057 3030 violentia

237 3036 410 3082 petrandas
431 3038 449 3071 a
471 3037 626 3072 Domino
646 3039 745 3073 vires.
777 3039 864 3088 Qia
878 3052 995 3085 nempe
1006 3042 1120 3076 nolen-
1180 3043 1386 3077 intercedentis
1407 3043 1515 3087 offensa
1534 3046 1580 3076 ad
1598 3045 1695 3076 odium
1711 3050 1774 3086 piae
1798 3046 1959 3089 Religionis
1977 3045 2056 3087 insti-

236 3097 287 3122 tes
301 3086 417 3120 volunt
429 3111 440 3128 ‚
465 3088 498 3122 ἀ
510 3087 655 3133 volentes
665 3088 805 3126 nolunt.
835 3092 957 3126 Omnis
977 3103 1119 3135 namque
1129 3110 1141 3540 ι
1158 3101 1263 3543 leuat.
1291 3097 1340 3127 Eo
1356 3106 1422 3139 ergo
1446 3095 1593 3128 licentiam
1605 3093 1695 3135 hujus
1704 3093 1948 3138 praeficmptionis
1959 3098 2055 3130 exclu-

1180 2945 1217 2973 N
1218 2943 1397 2976 onnullorum
1409 2948 1487 2976 enim
1492 2943 1637 2987 persuafio
1647 2946 1834 2978 sacerdotum
1845 2945 2058 2979 reluc‘lantibus

236 3136 298 3171 ista
322 3135 481 3170 violentia
502 3137 636 3171 infertur
647 3138 686 3174 ad
697 3141 958 3185 extorquendam
970 3142 1121 3177 volunta·
1179 3144 1279 3177 dimus
1294 3168 1305 3185 ,
1330 3153 1363 3178 ut
1367 3145 1398 3186 fi
1403 3143 1557 3188 quisquam
1562 3143 1707 3186 probatus
1727 3143 1844 3187 fuerit,
1874 3147 2054 3187 meandris,

237 3196 322 3221 tem.
350 3185 432 3231 Qae
444 3186 523 3220 dum
535 3199 603 3221 non
625 3197 855 3236 extorquetur,
881 3191 965 3226 nihil
989 3193 1045 3233 fit,
1072 3192 1119 3226 ni-
1173 3191 1231 3235 sub
1256 3196 1429 3228 contumelia
1443 3193 1562 3236 publica
1586 3197 1752 3228 clericatus
1774 3195 1863 3238 officia
1881 3195 2052 3240 suscepisse,

238 3235 288 3272 hil
300 3236 368 3270 fieri
383 3236 486 3280 potest
499 3261 506 3268 .
533 3238 611 3271 Sine
621 3237 685 3280 ipsa
704 3240 870 3284 ordinatus
880 3242 984 3285 potest
996 3242 1117 3276 imitari
1175 3244 1322 3278 licentiam
1331 3246 1540 3278 commodemus
1555 3246 1640 3286 apud
1639 3247 1773 3290 Judices
1796 3254 1989 3288 competentes
2002 3246 2053 3280 bu-

239 3287 425 3330 praesentem
446 3286 586 3320 militem
610 3288 798 3325 ordinatum
818 3292 979 3328 aFirmo:
1007 3291 1117 3328 Potest
1169 3292 1302 3337 jusmodi
1323 3296 1446 3338 admissa
1467 3295 1634 3337 damnare,
1660 3296 1710 3329 illo
1715 3295 1904 3339 suaereddito
1919 3298 2052 3329 volunta-

235 3336 343 3374 tedire
355 3336 394 3370 ad
405 3336 575 3381 cingulum
595 3337 630 3371 &
643 3339 810 3374 saeculum.
1176 3348 1224 3384 ti,
1251 3350 1303 3387 qui
1321 3345 1433 3379 coactus
1454 3355 1511 3378 non
1528 3351 1625 3387 potuit
1646 3344 1815 3388 consecrari.
1842 3349 1879 3380 si
1894 3351 1960 3387 quis
1977 3343 2051 3386 san-²·

290 3386 393 3425 Porro
414 3384 463 3420 hae
478 3387 639 3422 violentiae
650 3390 732 3423 olim
744 3388 867 3429 fiebant
887 3402 930 3428 ex
940 3394 1035 3429 variis
1046 3404 1118 3428 cau·
1175 3391 1335 3438 Episcopus
1340 3395 1437 3440 fuerit
1447 3396 1620 3437 ordinatus,
1630 3395 1708 3433 hant
1718 3394 1959 3440 conficrationem
1970 3393 2053 3426 ’'ull‘'

336 3435 445 3479 christ.
460 3440 539 3481 Lupi·
552 3442 649 3482 Opera
660 3442 694 3473 T.
702 3442 768 3473 VH.
1568 3447 1602 3483 0
1898 3442 2005 3483 violari
