2320 3730
919 152 1402 198 EPISTOLAE.

244 236 340 272 tlone
361 235 512 272 sortitus.
539 233 646 269 Porrd
665 242 702 269 ut
714 235 800 269 votis
811 234 877 269 tuis
889 236 1068 269 satisfacere
1088 233 1135 267 vi-

245 287 400 326 deamur,
419 296 495 329 .quae
517 284 601 319 circa
622 296 684 319 nos
706 287 778 320 sunt
793 309 804 326 ‚
829 295 890 320 ωε
915 286 1067 319 volumus
1082 284 1135 320 ln·

244 335 372 376 dustria:
397 335 467 368 fieri
489 335 637 369 notiora.
667 335 741 370 Nos
752 334 817 370 Dei
828 336 931 380 gratia
948 334 1134 378 &Aposto-

245 386 353 420 lorum
386 385 520 419 suorum·
540 385 630 419 Petri
653 386 687 421 δε
709 385 802 420 Pauli
826 386 968 427 meritis,
996 384 1080 419 bene
1100 383 1133 417 δε

244 433 393 479 prospere
404 435 514 471 sumus
523 460 533 475 ,
559 446 628 479 quae
639 435 740 470 officii
753 435 854 470 nostri
875 437 949 470 sunt
962 460 973 475 ‚
998 433 1086 470 intus
1099 434 1133 468 ὄε

242 493 336 519 extra
360 484 456 529 plena
477 486 623 520 libertate
645 486 871 528 disponimus,
897 487 930 518 in
959 497 1037 528 pace
1059 484 1132 517 sunt

244 534 358 569 omnia
369 546 441 577 quae
452 535 663 579 possidemus.
691 537 816 570 Fratres
828 536 929 570 nostri
943 533 1132 582 Cardinales

243 584 281 619 &
304 584 483 630 Episcopi,
508 586 542 621 δε
563 586 678 620 Clerus
695 586 806 620 omnis
828 586 1001 620 Romanus
1016 583 1132 618 indivi-

244 634 311 669 dua
333 634 432 669 nobis
441 634 600 671 charitate
612 633 790 670 cohaerent.
817 634 891 671 Viri
905 635 1049 669 lllustres
1061 635 1132 669 Leo

246 684 454 730 Frangipane
477 712 486 726 ‚
514 687 620 730 Hugo
647 685 817 720 Praefestus
840 684 946 720 Urbis
965 686 997 719 &
1019 686 1131 719 Frater

243 734 332 778 ejus,
361 735 466 769 Filius
477 736 599 771 Leonis
611 736 638 770 F
640 736 816 781 rangipane
827 735 860 769 δε
872 734 1008 769 Centius
1019 735 1131 768 Frater

242 784 314 827 ejus
324 809 337 825 ,
362 784 545 829 Stephanus
559 785 599 820 de
612 785 712 820 Petro
727 810 739 826 ,
765 784 948 828 Stephanus
958 785 998 819 de
1011 783 1130 818 Tebal-

242 834 291 868 do
302 846 317 876 ;
343 835 420 869 Filii
430 836 572 870 Henrici
583 836 624 870 de
636 837 753 871 Sansto
766 833 942 870 Eustachio
955 859 967 876 ,
992 833 1132 869 Nobiles

243 895 384 923 omnes,
405 885 440 919 ἀ
464 885 562 920 Plebs
583 886 695 920 omnis
706 886 879 929 Romana,
905 884 1076 928 Capitiumi
1096 882 1131 915 ἃ

243 933 398 968 Comites
417 934 474 979 qui
499 947 589 971 extra
611 936 706 977 sunt,
733 935 925 970 fidelitatem
937 933 1032 968 nobis
1045 931 1128 966 debi-

243 991 314 1017 tam
334 983 522 1027 juraverunt
535 1011 543 1019 .
571 985 742 1020 Basilicam
763 985 856 1019 Beati
868 984 978 1023 Petri,
1004 983 1132 1017 Latera-

242 1034 346 1066 nense
366 1034 561 1074 Palatium,
575 1035 611 1068 dc
632 1034 773 1075 reliquas
793 1033 995 1068 munitiones
1027 1032 1132 1067 Urbis

242 1080 549 1126 quieteaepacifice
565 1081 767 1117 detinemus.
799 1081 1006 1117 Com-ardum
1020 1082 1130 1128 Regni

243 1131 435 1166 Invasorem.
451 1132 616 1176 licetejus
636 1144 760 1167 nomen
783 1132 879 1167 nobis
902 1143 961 1176 pro
989 1134 1131 1167 minimo

243 1180 366 1222 fuerit,
392 1181 427 1215 in
447 1182 551 1217 Coena
569 1183 736 1222 Domini,
762 1182 915 1217 Laterani
939 1184 973 1217 in
997 1182 1131 1217 Basilica

245 1231 426 1270 Salvatoris
446 1256 457 1272 ,
484 1230 543 1266 sub
564 1234 671 1267 oculis
692 1232 840 1267 Ecclesia
861 1257 873 1274 ,
898 1243 968 1276 quae
986 1234 1135 1276 frequens

244 1292 285 1321 ea
294 1280 349 1316 die
360 1280 402 1315 de
413 1280 543 1316 diversis
554 1281 701 1326 partibus
719 1283 843 1317 Mundi
853 1293 1050 1317 convenerat
1062 1305 1073 1322 ‚
1099 1283 1133 1316 in

244 1331 544 1374 conspectaretiam
566 1334 719 1368 omnium
737 1342 823 1367 terra:
840 1334 918 1372 suae,
947 1332 1135 1367 solemniter

245 1382 625 1417 excommunicavimus.
654 1385 692 1419 In
717 1382 890 1418 Parasceve
908 1393 1038 1427 quoque
1049 1382 1133 1426 apud

244 1432 395 1467 sanctam
407 1431 614 1468 Hierusalem
624 1446 665 1469 ex
677 1435 811 1469 nomine
822 1445 880 1478 pro
893 1433 949 1468 Te
960 1436 995 1467 in
1007 1432 1137 1468 auribus

245 1480 398 1517 Ecclesia
410 1482 595 1518 orationem
605 1484 769 1528 publicam
782 1485 919 1519 fecimus
929 1508 936 1516 .
965 1484 1137 1528 Rogamus

244 1532 359 1576 itaque
381 1531 766 1569 nobilemPrudentiam
788 1534 927 1569 vestram
941 1558 953 1574 ,
976 1533 1055 1568 &in
1067 1533 1139 1567 Do·

244 1582 343 1616 mino
367 1593 640 1624 commonemus,
665 1585 747 1618 ficut
767 1585 809 1618 de
828 1594 860 1618 te
874 1586 960 1626 spem
973 1584 1138 1617 bonam&

245 1630 462 1666 firmiffimam
486 1632 706 1675 poffidemus,
732 1633 850 1667 nostris
867 1632 983 1667 debeat
996 1633 1137 1668 successi—

244 1680 308 1716 bus
329 1681 557 1726 congaudere,
585 1683 619 1716 ὅ(
643 1692 711 1716 tam
733 1694 794 1726 pro
815 1683 931 1724 nobis,
958 1694 1057 1727 quam
1081 1694 1137 1727 pro

244 1731 342 1765 omni
366 1731 508 1765 Ecclesia
532 1731 686 1767 Romana
698 1756 710 1773 ‚
726 1731 892 1778 Regalem
903 1743 941 1766 ac
954 1734 1042 1776 piam
1054 1733 1139 1768 solli-

244 1780 430 1816 citudinem
441 1791 552 1825 gerere
563 1806 575 1822 ,
600 1782 634 1816 ὅ(
646 1783 811 1817 efficacem
824 1782 919 1818 nobis
929 1783 1138 1828 diligentiam

245 1829 418 1866 exhibere.
445 1830 521 1866 Nec
541 1842 602 1866 vos
624 1833 843 1876 quorumdam
856 1845 951 1877 prava
965 1845 1137 1868 venenato·

246 1891 322 1915 rum
345 1881 538 1925 vaniloquia
558 1882 777 1925 conturbent,
806 1885 861 1928 qui
883 1894 988 1918 totam
1001 1885 1065 1918 Dei
1080 1883 1139 1919 Ec·

250 1931 381 1967 clesiam
396 1931 561 1979 3venenari
572 1933 761 1979 cupientes,
777 1934 867 1968 dum
879 1935 1067 1969 vexationes
1080 1935 1137 1978 pri-

246 1982 349 2016 stinas
371 1982 406 2017 δε
429 1984 583 2016 consueta
599 1984 812 2018 mercimonia
825 1986 858 2018 in
868 1984 1057 2019 Sanstuario
1070 1986 1138 2020 Do-

245 2032 331 2066 mini
365 2043 512 2067 exercere
542 2032 726 2068 statuebant
757 2057 767 2073 ,
804 2035 978 2069 testaceum
1001 2035 1137 2068 -ldolum

245 2083 391 2116 cruentis
410 2082 562 2117 manibus
584 2084 742 2125 plasmare
761 2079 895 2123 conati,
923 2084 1013 2127 quod
1026 2083 1139 2126 utique

245 2131 328 2175 lapis
351 2131 406 2164 ille
426 2132 616 2176 angularis,
640 2132 684 2166 de
708 2132 851 2166 Domini
875 2142 990 2166 monte
1010 2131 1139 2166 descen-

245 2180 350 2218 dens,
376 2180 456 2212 dura
468 2181 678 2221 impressione
699 2181 840 2213 minu-it.
867 2181 1074 2214 Incolumetn
1086 2192 1139 2220 re,

246 2230 281 2264 ἀ
294 2228 393 2262 nostri
407 2238 587 2262 memorem
602 2252 614 2269 ‚
640 2230 694 2270 pia
706 2228 773 2262 Dei
783 2228 915 2262 dextera
937 2229 954 2262 a
967 2230 1062 2262 malis
1071 2239 1138 2262 om-

247 2279 345 2314 nibus
371 2287 498 2312 tueatur
511 2302 519 2310 .
546 2277 674 2313 Datum
689 2279 807 2312 Romae
819 2278 904 2322 apud
918 2279 1070 2313 Sanctum
1082 2279 1140 2312 Pe·

247 2339 336 2365 trum
349 2353 360 2370 ‚
386 2328 499 2362 ldibus
512 2328 598 2362 Maii
612 2354 621 2362 .

328 2534 806 2617 EPISTOLA
867 2539 1066 2586 XVII

339 2639 491 2709 Uditutn
511 2640 710 2718 habemus,
721 2635 907 2711 chariffirria
929 2676 964 2710 in
984 2675 1136 2711 Domino

363 2724 472 2764 Filia,
499 2726 591 2767 quod
613 2727 685 2760 vere
712 2726 900 2761 Christiana
922 2725 1079 2761 charitate
1093 2737 1138 2761 re-

242 2773 372 2816 fulgeas
392 2797 404 2813 ,
430 2772 519 2817 quod
542 2773 701 2809 Ecclefias
721 2775 840 2822 diligas
854 2802 864 2817 ‚
892 2776 981 2821 quod
1018 2778 1135 2812 Servos

243 2823 311 2858 Dei
325 2822 386 2865 piis
397 2821 520 2866 ubique
533 2824 656 2859 solatiis
667 2824 777 2860 foveas
788 2851 795 2858 .
824 2826 897 2861 Nec
911 2825 1091 2861 minoribus
1103 2839 1135 2861 es

243 2871 391 2917 profesto
400 2874 569 2916 praeconiis
581 2874 763 2910 attollenda
776 2899 788 2917 ,
797 2877 887 2921 quod
902 2878 1003 2911 totius
1022 2877 1132 2922 Regni

242 2924 391 2968 regimen
409 2923 444 2956 dc
455 2925 587 2959 censura
611 2925 740 2968 justitiae
750 2926 791 2960 de
801 2937 857 2962 tua
869 2927 1070 2972 potissimum
1084 2928 1133 2961 di-

242 2973 328 3007 citur
337 2973 567 3009 moderatione
580 2975 736 3017 pendere.
765 2976 850 3025 Qae
867 2978 908 3012 de
919 2976 1130 3013 Beatitudine

242 3031 324 3064 ula,
348 3022 561 3066 Illustriffima
576 3025 683 3066 Filia,
708 3025 915 3068 audivimus,
941 3029 1131 3063 ιἠευηᾶιη-

243 3081 292 3107 ter
310 3073 346 3108 ὃ(
363 3071 546 3117 credimus,
572 3076 607 3109 &
629 3074 697 3109 haec
720 3076 827 3110 &alia
838 3078 929 3121 plura
940 3078 981 3112 de
993 3089 1024 3112 te
1038 3067 1131 3118 nobis

242 3121 330 3158 bona
343 3122 456 3167 saepius
472 3124 629 3160 nunciata
651 3125 841 3166 laetificant:
870 3128 913 3169 Et
923 3129 1130 3172 omnipoten-

239 3181 309 3207 tem
323 3172 433 3207 Deum
446 3172 575 3208 affiduis
592 3176 742 3219 precibus
767 3187 940 3213 exoramus
952 3204 963 3219 ‚
990 3188 1026 3213 ut
1039 3178 1128 3213 incae-

241 3233 296 3266 pta
308 3221 483 3258 sanctitatis
491 3235 587 3266 opera
598 3249 609 3265 ‚
639 3225 877 3269 Apostolorum
900 3227 987 3262 Petri
1003 3229 1037 3263 ὅ(
1047 3226 1127 3263 Pau·

239 3271 264 3306 li
274 3273 396 3307 meritis
408 3298 419 3314 ,
433 3274 490 3318 pio
499 3275 671 3309 &meliori
684 3284 715 3310 te
725 3275 824 3311 faciat
837 3278 903 3311 fine
911 3278 1124 3313 concludere.

238 3322 425 3359 Hortamur
435 3324 545 3367 itaque
556 3324 703 3359 nobilem
723 3325 937 3363 Prudentiam
957 3338 1066 3371 tuam,
1091 3330 1126 3364 &

339 3371 448 3414 christ.
462 3377 542 3418 Lupi
554 3380 653 3419 Opera
663 3379 698 3408 T.
706 3379 776 3409 VH.

1825 193 1830 199 -
1895 172 1963 216 40
1975 176 1992 205 1

1194 232 1226 266 in
1240 231 1393 267 Domino
1415 241 1664 267 commonemus
1676 257 1687 274 ,
1712 243 1749 268 ut
1760 233 1844 270 inter
1858 233 1968 279 Regni
1980 246 2074 271 curas

1193 284 1226 316 δε
1238 282 1436 316 saecularium
1457 281 1664 326 negotiorum
1677 285 1911 319 sollicitudines
1923 285 1956 318 &
1966 285 2069 319 saecuii

1192 333 1312 377 glorias
1322 357 1333 373 ,
1360 343 1416 365 cor
1437 342 1530 365 tuum
1552 332 1671 374 semper
1681 333 1719 367 ad
1733 334 1917 368 Dominum
1929 332 2047 369 habeas
2057 358 2069 375 ‚

1193 383 1226 416 δε
1239 394 1270 416 te
1281 383 1477 425 quandoque
1493 380 1619 426 cogites
1629 383 1835 417 morituram:
1862 385 1942 418 Non
1954 384 1995 418 de
2005 384 2070 428 piis

1192 433 1343 476 operibus
1356 432 1475 466 Mundi
1487 431 1598 465 laudes
1618 431 1742 464 affectes
1754 454 1765 471 ‚
1793 444 1831 465 ne
1841 432 1918 466 dum
1932 432 2076 468 hornini-

1193 483 1251 517 bus
1262 484 1341 516 foris
1354 483 1478 526 placere
1488 482 1623 515 delestat
1641 505 1652 521 ,
1679 481 1742 515 Dei
1765 481 1851 514 intus
1861 484 1954 524 posfis
1966 483 2071 518 oculis

1192 532 1359 575 displicere
1379 557 1387 564 .
1416 532 1534 566 Virum
1559 541 1652 566 tuum
1673 555 1683 572 ,
1710 527 1928 565 charisfimurn
1949 532 2072 567 Filium

1193 583 1338 616 nostrum
1371 582 1567 622 Lotharium
1593 579 1902 615 Christianiffimum
1925 581 2074 626 Regem,

1192 631 1310 666 sedulis
1331 631 1592 677 suggestionibus
1608 630 1801 672 adhortare,
1827 641 1862 664 ut
1884 631 1926 665 sic
1949 640 2074 665 terreno

1194 682 1315 726 Regno
1336 682 1480 716 humana
1511 682 1670 726 potestate
1701 681 1858 725 praefideat
1877 705 1888 721 ,
1917 691 2076 725 quatenus

1194 733 1323 775 ipsum,
1349 732 1406 776 qui
1431 733 1522 775 supra
1544 742 1605 766 nos
1622 731 1667 765 est
1681 755 1692 771 ,
1715 743 1770 775 per
1793 741 1888 775 quem
1913 730 2022 775 Reges
2032 741 2079 764 re·

1193 793 1296 826 gnant
1305 807 1316 824 ,
1327 782 1361 816 ὃ(
1374 782 1538 825 Principes
1546 781 1626 825 justa
1638 781 1817 816 decernunt
1826 803 1838 821 ‚
1848 781 1913 825 *qui
1924 781 2078 815 transfert

1196 833 1311 876 Regna
1324 843 1400 865 cum
1424 833 1513 873 vult,
1535 832 1591 876 qui
1615 833 1693 866 facit
1707 831 1816 877 Reges
1837 831 2020 875 inglorios,
2044 830 2079 864 δε

1194 882 1339 927 accingit
1350 883 1427 917 fune
1440 893 1530 917 renes
1540 893 1655 916 eorum
1667 906 1678 922 ‚
1704 881 1799 916 caute
1814 882 1934 924 semper
1957 881 1992 915 δε
2007 879 2082 914 dili-

1194 942 1307 975 genter
1317 931 1483 967 attendat.
1513 933 1556 966 Et
1582 931 1659 966 licet
1678 931 1746 975 ipse
1766 933 1952 967 Romanam
1965 929 2081 964 Eccle-

1194 981 1269 1016 siam
1282 1005 1293 1021 ,
1319 990 1496 1020 utcertum
1518 980 1698 1022 habemus,
1724 982 1830 1024 plenis
1853 979 1994 1016 brachiis
2013 990 2082 1014 am-

1195 1031 1340 1075 plexetur
1349 1055 1362 1071 ,
1387 1030 1596 1064 dilectionem
1607 1039 1716 1074 tamen
1735 1031 1803 1074 ejus
1815 1031 1849 1065 δε
1858 1027 2007 1065 affectum
2020 1029 2082 1064 cir·

1195 1093 1232 1116 ca
1245 1080 1360 1115 Sedem
1373 1079 1600 1123 Apostolicatn
1613 1103 1624 1120 ,
1649 1080 1682 1113 δε
1693 1090 1752 1112 nos
1765 1104 1777 1120 ,
1802 1082 1858 1124 qui
1870 1093 1945 1116 eum
1956 1093 1998 1116 ex
2009 1080 2081 1115 lon-

1195 1143 1240 1176 go
1250 1130 1315 1174 jam
1327 1139 1474 1172 ternpore
1486 1128 1660 1163 dileximus
1669 1151 1682 1168 ,
1708 1139 1764 1171 per
1773 1138 1863 1163 tuam
1875 1130 1982 1172 potins
1991 1140 2083 1172 opta·

1196 1192 1268 1215 mus
1291 1178 1481 1213 industriam
1503 1178 1690 1223 propagari.
1717 1177 1821 1211 Porro
1840 1190 1903 1212 nos
1913 1180 2083 1222 personam

1197 1231 1264 1273 ejus
1277 1230 1475 1273 propensiori
1486 1226 1644 1263 charitate
1654 1227 1842 1272 diligimus,
1865 1228 1900 1262 ὅ(
1921 1227 2083 1263 honorem

1197 1282 1289 1318 suum
1309 1304 1320 1320 ,
1347 1279 1505 1324 largiente
1527 1277 1681 1312 Domino
1701 1277 1851 1321 cupimus
1873 1278 2085 1318 conservare,

1197 1328 1454 1374 &diligentius,
1479 1341 1517 1363 ac
1538 1328 1710 1363 efficaciter
1732 1328 1906 1372 ampliare.
1927 1327 2087 1374 Qiaigi-

1197 1389 1270 1421 tur,
1297 1379 1437 1422 peccatis
1458 1379 1539 1422 meis
1558 1376 1765 1423 exigentibus
1787 1402 1800 1418 ‚
1827 1377 1977 1412 Ecclesiae
2003 1380 2086 1422 regi—

1199 1442 1274 1464 men
1289 1431 1358 1463 sum
1370 1428 1474 1464 subire
1482 1430 1612 1464 coactus
1619 1453 1631 1471 ‚
1659 1426 1970 1472 Apostolatusonus
1981 1439 2086 1473 cogor

1201 1482 1232 1514 in
1256 1480 1475 1515 amaritudine
1494 1480 1610 1515 animae
1638 1489 1713 1513 rneae
1724 1487 1866 1523 portare.
1893 1478 2088 1512 Sanstorum

1201 1530 1357 1565 Virorum
1372 1530 1494 1565 solatiis
1512 1540 1594 1574 egeo
1608 1553 1620 1569 ,
1645 1539 1681 1563 ut
1692 1529 1881 1563 orationum
1899 1529 2089 1563 suarumin-

1200 1581 1317 1614 stantia
1341 1578 1424 1615 mihi
1437 1581 1557 1623 semper
1568 1579 1677 1614 Deum
1691 1578 1870 1622 propitium
1882 1577 2025 1618 faciant,
2053 1578 2088 1612 &

1201 1630 1339 1676 gratiam
1352 1631 1420 1675 ejus
1432 1631 1465 1664 in
1478 1629 1635 1664 omnibus
1647 1628 1769 1673 ubique
1786 1627 2089 1672 opportunitatibus

1201 1691 1361 1726 augeant.
1373 1682 1434 1715 Et
1456 1680 1534 1714 ideo
1561 1690 1594 1714 te
1606 1678 1787 1725 plurimum
1797 1678 2027 1721 deprecamur,
2052 1687 2090 1711 ut

1201 1732 1234 1766 δε
1257 1733 1369 1766 Deum
1390 1723 1507 1765 debeas
1519 1740 1577 1774 pro
1599 1727 1696 1763 ndbis
1711 1726 1868 1762 obnixius
1878 1738 2029 1769 exorare,
2056 1727 2090 1762 ὅτ.

1201 1782 1330 1815 auxiliis
1341 1793 1378 1815 ac
1391 1779 1452 1825 piis
1463 1779 1610 1814 consiliis
1621 1779 1685 1813 tuis
1698 1789 1758 1812 nos
1778 1776 1920 1812 crebrius
1933 1777 2088 1812 allevare.

1204 1831 1318 1866 Vitam
1330 1831 1363 1865 ὅ(
1374 1840 1483 1865 annos
1491 1837 1565 1864 tuos
1574 1837 1787 1872 omnipotens
1794 1826 1984 1868 Dominus
1999 1826 2090 1871 Apo-

1202 1882 1361 1916 stolorum
1373 1881 1502 1914 suorum
1516 1878 1604 1915 Petri
1615 1879 1648 1913 &
1659 1877 1753 1912 Pauli
1767 1877 1912 1923 meritis,
1939 1879 1973 1911 in
1994 1875 2092 1916 bonis

1201 1931 1354 1976 operibus
1377 1940 1517 1975 augeat,
1543 1929 1577 1963 δε
1590 1929 1661 1973 post
1676 1929 1750 1968 vjtae
1760 1927 1870 1972 hujus
1864 1929 2013 1968 cursum,
2044 1928 2090 1964 vi-

1202 1993 1270 2017 tam
1293 1982 1353 2016 tibi
1376 1981 1531 2024 largiatur
1541 1989 1710 2021 aeternarn.
1738 1979 1994 2014 DatumRomae
2003 1977 2090 2022 apud

1203 2033 1358 2067 Sanctum
1370 2031 1524 2070 Petrum,
1551 2029 1662 2065 Idibus
1682 2028 1786 2063 Maii.

1288 2231 1769 2281 EPISTOLA
1834 2236 2003 2304 XVIII.

1284 2372 1370 2409 Ator
1392 2374 1615 2419 wasemium,
1643 2371 1879 2417 Ecclesia-rnre
1889 2373 2090 2418 Archi-Dian*

1307 2436 1411 2460 conus
1427 2450 1438 2466 ,
1450 2425 1490 2460 ad
1503 2425 2017 2470 Apostolorum*limina-veniens
2029 2453 2042 2470 ,
2066 2429 2086 2464 ὲ

1199 2475 1226 2508 F
1228 2477 1412 2510 raternitate
1431 2486 1486 2511 tua
1499 2478 1530 2512 se
1557 2475 1783 2511 vehementius
1796 2487 2034 2521 Jpraegravatum
2048 2479 2086 2514 iu

1201 2525 1306 2560 nostra
1331 2526 1527 2562 &Fratrum
1551 2527 1720 2570 praesentia
1729 2524 1923 2567 intimavit.
1953 2528 2085 2564 Retulit

1199 2576 1355 2621 siquidem
1367 2586 1400 2615 te
1412 2575 1455 2611 de
1466 2576 1654 2621 proditione
1677 2576 1781 2620 ipsum
1792 2588 1903 2618 coram
1916 2577 2084 2613 Fratribus

1198 2625 1387 2670 impetiisse,
1412 2627 1508 2671 seque
1521 2626 1659 2671 negasse
1672 2650 1684 2667 ,
1699 2626 1749 2667 BQ,
1761 2626 2017 2665 tibi>Canonice
2037 2630 2084 2663 sai-

1197 2676 1400 2712 tisfasturum
1413 2677 1450 2711 in
1461 2677 1618 2720 Capitulo
1628 2677 1830 2720 respondisse
1838 2700 1847 2710 .
1860 2677 1963 2718 ¹Cum
1976 2680 1984 2712 i
1989 2680 2080 2723 gitur

1196 2725 1315 2761 statuta
1334 2727 1388 2761 die
1401 2727 1447 2761 ad·
1458 2727 1622 2772 agendum
1639 2738 1700 2771 pro
1709 2725 1825 2762 eadem
1838 2727 1932 2762 causa
1943 2729 1977 2763 in
1991 2738 2080 2762 tuam

1195 2777 1613 2821 &Capituli-prasentiam
1637 2776 1838 2817 devenisset,
1864 2787 1963 2820 teque
1985 2790 2081 2813 accu-

1195 2828 1332 2862 satorem
1353 2826 1447 2863 fimul
1472 2828 1506 2861 &
1530 2826 1692 2870 judicem,
1717 2825 1806 2869 quod
1829 2825 1971 2861 omnino
1991 2827 2080 2869 justi-

1194 2877 1247 2911 tiae
1271 2876 1437 2912 &rationi
1460 2877 1665 2916 adversatur,
1691 2874 1831 2919 apertius
1853 2875 2078 2921 intelligeret,

1195 2928 1308 2962 Sedem
1332 2926 1559 2971 Apostolicam
1585 2926 1758 2968 appellavit
1782 2950 1792 2966 ‚
1817 2926 1852 2959 δε
1875 2929 2077 2969 terminum,

1193 2988 1260 3021 quo
1271 2977 1331 3012 tibi
1343 2988 1454 3012 coram
1468 2975 1631 3010 pontifice
1646 2976 1801 3010 Romano
1821 2975 1978 3018 justitiam
1993 2979 2079 3012 face-

1176 3038 1239 3061 ret
1258 3051 1268 3067 ,
1293 3027 1478 3061 nominavit
1498 3051 1506 3059 .
1537 3025 1616 3059 1³0st
1642 3024 1727 3059 hanc
1753 3033 1861 3059 autem
1884 3027 2077 3070 appellatio-

1177 3083 1267 3112 'nem
1279 3102 1290 3118 ,
1315 3076 1469 3121 sicutipse
1482 3076 1586 3111 afferit
1600 3100 1609 3114 ,
1627 3085 1760 3119 accepta
1772 3075 1941 3111 occasione
1951 3077 1992 3111 de
2001 3077 2075 3111 obi-

1190 3138 1226 3162 tu
1238 3128 1421 3165 Decefforis
1447 3126 1547 3160 nostri
1558 3133 1570 3165 ,⁴
1597 3124 1690 3160 bonae
1709 3128 1875 3160 memoria:
1885 3126 1980 3171 Papae
2000 3127 2075 3162 Ho-

1188 3178 1272 3212 norii
1284 3203 1294 3219 ‚
1320 3189 1394 3212 eum
1407 3175 1447 3210 ad
1461 3186 1520 3209 nos
1532 3200 1544 3217 ,
1569 3176 1653 3209 ficut
1672 3174 1859 3218 obtulerat,
1886 3178 2073 3212 venientem

1188 3227 1354 3263 beneficiis
1378 3227 1441 3261 suis
1467 3226 1586 3260 Eccies
1591 3225 1697 3260 asticis
1717 3226 1857 3261 &rebus
1877 3226 1946 3260 aliis
1961 3229 2071 3271 exspo-

1188 3278 1295 3313 liasti.
1325 3276 1507 3320 perpendat
1525 3275 1605 3320 ergo
1616 3276 1841 3310 fraternitatis
1861 3286 1922 3310 tuae
1937 3278 2069 3320 pruden-

1188 3338 1233 3362 tia
1243 3351 1255 3369 ,
1280 3339 1378 3374 quam
1390 3337 1489 3373 grnve
1500 3351 1511 3368 ⁸
1523 3337 1686 3410 ‘inaug-‘1130
1697 3326 1936 3362 inconveniens
1941 3327 2003 3408 llllt,
1999 3373 2021 3409 d
2030 3335 2067 3360 ut

1718 3386 1737 3425 3
1938 3386 1949 3409 Ι
1977 3386 1996 3409 U
