2320 3730
595 184 906 243 Scuotrxs,
946 199 1010 233 ετ
1045 180 1239 233 Nous
1271 193 1664 231 utus-ruant.

1880 203 1975 248 233

229 268 416 307 thodoxum
427 250 709 315 comprobatorem
732 273 824 309 fuiffe
834 275 986 308 Sanctum
999 271 1107 316 Cyril-
1158 270 1342 313 *possumus
1363 269 1493 303 firmum
1516 267 1677 312 judicium
1697 294 1706 303 .
1732 270 1867 310 Interim
1883 272 2045 310 Leontius

230 320 320 355 ium.
346 318 403 354 Ab
412 319 477 355 hoc
488 322 730 358 effiinduttam
743 324 777 358 in
790 325 944 360 Ecclefias
961 348 968 356 .
995 323 1038 356 Et
1050 321 1108 355 de-

230 369 407 406 monstrat:
434 371 611 410 Eutychiani
634 397 645 414 ‚
671 375 743 407 dum
768 376 789 406 ἃ
809 375 891 407 nobis
918 379 1106 416 interrogan-

1176 332 1245 354 non
1269 321 1441 360 affeverat,
1466 318 1519 353 sed
1533 318 1742 353 solummodo
1754 320 1832 356 dicit
1840 326 1902 359 esse
1912 325 2045 360 forsitan

1175 370 1309 404 vitiatos
1328 372 1345 403 a
1357 369 1542 404 Dioscoro.
1569 367 1667 403 Certe
1687 368 1777 403 aliud
1791 371 1856 413 ipse
1868 374 2046 409 Dioscorus

227 428 299 460 rin,
324 418 374 453 aba
387 421 507 455 DiHum
527 422 579 456 hoc
589 425 653 466 effer
675 429 707 456 in
718 424 824 457 sancio
845 422 1002 463 Athanasio
1015 447 1027 463 ‚
1053 432 1104 455 nec
1173 419 1256 454 dixit
1271 420 1309 454 ad
1324 418 1628 454 Chalcedonensem
1637 417 1828 463 Synodum:
1855 423 1919 464 Ego
1929 423 2047 462 testimo·

226 470 294 512 qius
302 468 470 509 ostendendi
491 478 602 514 copiam
613 472 725 507 babent
736 479 768 506 in
790 473 906 505 arctum
918 472 1023 511 coam,
1048 480 1105 512 pu·

1172 475 1224 501 ma
1238 469 1330 504 habeo
1340 472 1360 502 5
1360 469 1511 503 ane‘lorum
1524 470 1654 503 Patrum
1664 493 1676 510 ,
1702 467 1857 511 athanaſsi
1868 493 1880 509 ‚
1891 472 2024 514 Gregorii
2035 495 2048 511 ‚

222 519 322 565 filiam
331 522 492 562 quamdam
512 529 672 556 orationem
684 523 864 565 proferunt,
890 520 1103 564 quastduorum
1172 521 1295 560 Cyrilli,
1322 525 1354 553 in
1376 520 1478 553 multis
1502 521 1592 555 locis.
1618 522 1665 552 Et
1685 518 1790 553 borum
1813 517 1975 559 testimonia
1986 530 2044 552 non

196 567 202 571 ’
220 569 384 612 filiorum,
406 577 442 604 in
462 582 520 614 qua
532 573 652 606 Didium
670 572 725 606 hoc
744 574 865 616 legitur.
893 576 934 604 At
955 580 1057 604 notum
1069 569 1108 611 est

224 618 388 661 univerfi5‚
412 627 512 655 omnia
522 623 627 656 Sandis
649 620 800 663 Athanasii
823 629 911 663 opera
931 622 1024 654 valde.³
1044 632 1109 653 ma-

222 681 287 713 gna
304 670 374 715 effe.
401 672 494 715 ,Quid
512 681 612 706 autem
621 670 978 714 adbocrespondebimus
994 695 1005 710 ,
1031 670 1110 712 quod

225 722 358 754 Beatum
380 722 518 760 Cyrillum
537 723 726 764 producunt,
752 726 894 755 citantem
914 720 965 755 hoc
985 720 1109 752 Dic‘lum

224 772 261 803 in
278 768 356 803 libro
377 771 529 810 adversius
550 770 731 805 Theodorum
748 795 760 812 ,
788 770 872 814 quafi
887 770 1051 813 profec‘lum
1071 769 1109 801 ab

224 817 384 860 Athanafio
397 820 414 852 ,ἔ
439 824 596 855 Nimirum
612 821 736 854 dicimus
747 823 853 871 reapge‘
864 823 940 854 illud
948 821 1065 863 quidem
1075 823 1108 850 in

225 869 319 902 Beati
339 870 441 909 cyrilli
460 873 563 904 contra
584 871 767 905 Theodorum
796 870 964 905 Invedlivis
987 871 1044 912 legi
1052 866 1110 910 sed

220 918 368 952 mendum
391 919 441 962 effe
462 919 596 964 priscum
614 945 621 953 .
652 920 807 964 Dioscorus
833 926 913 953 enim
936 944 947 960 ,
973 918 1107 961 Succeffor

226 969 320 1002 Beati
333 969 542 1011 Cyrillifadus
553 994 565 1010 ‚
589 981 654 1003 cum
663 973 728 1011 ejus
738 978 827 1010 opera
836 969 1002 1011 reperisset:
1025 967 1105 1009 forte

225 1028 285 1051 non
295 1023 414 1051 veritus
435 1018 474 1057 est
495 1018 621 1059 inserere
648 1019 810 1059 nonnulla,
836 1029 902 1061 quae
927 1017 983 1060 ipsi
991 1017 1108 1051 libitum

219 1065 304 1107 fuit.
331 1069 439 1108 Neque
462 1068 532 1099 vero
553 1067 729 1109 conjeHurts
745 1080 798 1102 nos
811 1073 887 1108 m'ti,
912 1069 992 1110 quod
1003 1068 1108 1102 beatus

224 1114 351 1154 cyrillus
362 1116 440 1148 illud
458 1117 560 1150 contra
573 1116 754 1153 Theodorum
767 1129 824 1151 non
841 1120 1021 1160 produxerit
1033 1142 1044 1159 ,
1069 1129 1108 1152 ex

224 1176 256 1199 eo
276 1176 389 1208 quoquo
412 1166 598 1207 manifestum
624 1167 679 1207 est.
707 1172 794 1201 Nam
815 1168 1031 1207 Theodoretus,
1056 1173 1108 1210 qui

223 1213 405 1249 Theodorum
426 1215 629 1257 defendebat,
655 1216 813 1260 universas
838 1217 1041 1251 Autboritates
1066 1229 1108 1251 re-

217 1263 330 1307 fictam
341 1289 352 1306 ,
378 1263 570 1308 quascumque
583 1267 710 1300 Sam‘lus
723 1268 849 1303 Cm'llus
870 1277 973 1306 contra
983 1266 1109 1301 Theodo-

222 1325 293 1348 rum
315 1315 353 1347 de
363 1314 480 1348 Sandis
494 1315 640 1350 Patribus
649 1319 816 1358 protulerat
827 1342 838 1359 ,
864 1316 1009 1361 nusquam
1019 1317 1109 1358 hujus
1132 1323 1135 1326 ⁴

225 1364 312 1398 Davi
332 1369 485 1399 meminit.
513 1370 553 1399 At
562 1372 643 1399 enim
667 1368 713 1407 isti
737 1367 875 1409 referunt
894 1370 915 1401 ἃ
936 1367 1112 1401 Theodoreto

223 1412 335 1446 callida³
346 1415 472 1455 omiffiim
485 1439 492 1446 .
520 1417 615 1457 ,Quod
636 1424 714 1449 enim
737 1415 867 1457 adverfis
881 1419 971 1451 oculis
984 1428 1049 1452 eam
1059 1428 1110 1451 au-

225 1461 399 1496 thoritatem
410 1460 561 1505 adspicere
571 1474 629 1496 non
636 1466 726 1507 poffrt
735 1487 746 1503 ,
770 1473 804 1497 ut
815 1459 976 1499 admbdum
983 1467 1112 1508 planam

224 1513 261 1545 tu
281 1519 441 1554 apertam,
466 1513 575 1546 idcirco
592 1511 699 1555 sponte
718 1514 757 1546 ab
783 1514 845 1557 ipso
861 1514 1107 1557 praetermissam.

224 1560 450 1602 Respondemus
473 1563 595 1594 tantum
620 1562 712 1604 abeffe
736 1587 747 1603 ,
775 1572 808 1596 ut
829 1575 895 1596 eam
925 1563 969 1596 ibi
989 1563 1111 1605 positam

224 1608 422 1644 Theodoretus
445 1615 602 1652 praeterire
621 1612 768 1652 voluerit,
794 1619 826 1644 ut
846 1623 911 1645 cum
933 1615 1050 1646 Beatus
1063 1613 1111 1646 ille

226 1659 355 1699 esrillus
378 1659 453 1694 alibi-
475 1661 592 1702 dixiffet
613 1672 705 1694 unam
727 1671 868 1695 naturam
890 1666 948 1696 Dei
967 1661 1110 1706 sermonis

225 1714 440 1750 incarnatam,
460 1709 491 1751 fi
497 1711 618 1752 quidem
634 1709 764 1755 sciviffet
777 1712 976 1746 Theodoretus
999 1715 1035 1746 id
1046 1725 1112 1747 ver-

226 1757 314 1800 bum,
340 1759 418 1802 quod
439 1761 526 1801 apud
537 1760 675 1799 cyrillum
696 1761 812 1802 exstat,
838 1774 877 1796 ex
897 1763 1003 1795 Sant‘i‘o
1019 1763 1110 1796 Atha-

227 1808 306 1851 nasto
313 1814 434 1842 citatum
448 1834 457 1850 ,
489 1821 673 1855 nequaquam
690 1814 765 1845 adeo
777 1814 885 1846 temere-
906 1813 1037 1847 dicturus
1044 1813 1110 1854 fue-

226 1867 303 1893 rat.-
329 1860 417 1906 Qis
439 1857 499 1892 tibi
511 1859 642 1894 Parrum
667 1861 751 1895 dixit
762 1872 861 1896 unam
885 1872 1033 1897 naturam
1045 1862 1110 1898 Dei

226 1909 395 1942 Sermonis
408 1909 631 1943 incarnatam?
659 1912 778 1951 Vtciffim
799 1917 957 1957 ingerunt,
984 1922 1048 1947 tam
1060 1913 1111 1957 effe

225 1965 359 1998 certum,
381 1957 496 2002 sciviffe
509 1958 550 2001 fic
573 1961 697 1993 locutum
715 1961 905 2004 Athanafium
926 1987 938 2003 ‚
963 1972 998 1997 ut
1019 1969 1111 1998 etiam

226 2009 361 2041 dixerit:
388 2008 677 2056 Qemadmodum
691 2010 1018 2047 Patreslocutisunt.
1042 2018 1110 2046 Nos

226 2060 329 2092 contra
339 2069 481 2101 quemque
491 2061 616 2092 dicimus
637 2066 739 2100 enim,
767 2070 802 2094 ut
814 2061 946 2100 ostendat
961 2073 997 2095 ea
1016 2063 1038 2095 a
1052 2064 1110 2095 Pa-

225 2107 323 2141 tribus
329 2109 470 2149 prolata,
496 2119 565 2150 qua·
575 2107 636 2151 ipse
652 2110 748 2143 tradit
761 2134 772 2150 ‚
791 2109 887 2152 finon
906 2109 1013 2154 eisdem
1035 2123 1109 2145 ver-

225 2156 293 2197 bis,
314 2156 422 2201 saltem
443 2165 477 2192 'm'
489 2159 646 2192 verborum
666 2161 770 2192 eadem
783 2184 791 2192 .
818 2161 962 2204 Hypatii
977 2160 1110 2204 Ephesi·

226 2208 265 2242 ni
278 2207 432 2250 Episcopi
446 2231 457 2246 ,
485 2207 661 2241 idem-cum
673 2209 821 2243 Leontio
831 2209 999 2243 sentientis
1012 2233 1024 2250 ,
1044 2221 1114 2244 ver-

227 2255 269 2292 ba
279 2257 368 2299 supra
384 2256 584 2291 audivimus.
613 2257 747 2292 Ettunc
771 2269 838 2292 non
860 2269 900 2291 ex
921 2258 970 2292 sui
991 2258 1112 2298 solius,

227 2306 284 2340 sed
303 2317 346 2340 ex
366 2307 519 2341 omnium
542 2306 756 2352 Collegarum
782 2309 828 2342 est
843 2307 972 2341 locutus
986 2308 1111 2342 senten-

229 2356 275 2389 ria
288 2380 296 2389 .
327 2356 437 2390 Etiam
451 2358 585 2391 Sanctus
595 2358 726 2400 Martyr
747 2357 782 2391 δε
792 2356 906 2391 Abbas
919 2358 1089 2392 Maximus
1101 2383 1111 2399 ,

230 2405 310 2437 licet
329 2406 365 2437 sit
385 2406 537 2439 constans
560 2405 650 2439 istius
673 2407 906 2449 propositionis
932 2406 1084 2441 defensor
1097 2431 1108 2448 ,

231 2453 350 2487 nullibi
371 2454 454 2488 dicit
476 2455 539 2488 effe
549 2455 657 2488 saneti
670 2454 839 2488 Athanasii
853 2479 861 2487 .

281 2502 482 2545 Respondeo
504 2513 613 2537 tamen
640 2505 719 2538 effe.
747 2505 881 2539 Etenim
904 2506 1111 2551 SanctusCy-

228 2551 320 2586 rinus
340 2562 408 2586 non
434 2552 468 2585 in
479 2552 556 2586 solis
578 2554 694 2586 contra
704 2552 926 2588 Theodorum
952 2556 1112 2599 Mopsue-

227 2601 380 2635 ssiensem
400 2601 491 2635 libris
511 2601 597 2634 istud
619 2603 757 2636 affirmat
770 2626 781 2642 ,
808 2602 862 2636 sed
884 2605 984 2638 etiam
1004 2606 1038 2639 in
1053 2607 1110 2639 suo

224 2651 341 2685 contra
353 2649 545 2685 Nestorium
556 2650 641 2685 libro
663 2651 703 2687 ad
715 2652 880 2697 Reginas.
911 2653 1001 2688 Inter
1024 2655 1110 2690 varia

226 2700 301 2735 istic
322 2702 512 2735 Sanctorum
534 2701 669 2735 Patrum
706 2702 891 2737 testimonia
923 2702 1057 2738 adducit
1078 2705 1113 2739 ἃ.

228 2750 339 2786 Sancti
354 2748 523 2785 Athanasii
545 2750 587 2784 ‹le
597 2749 700 2785 Verbi
717 2750 942 2787 incarnatione
963 2753 1081 2788 librum
1099 2780 1109 2796 ,

230 2802 267 2834 in
288 2811 356 2843 quo
374 2800 441 2834 haec
465 2798 625 2834 habentur
647 2813 654 2832 :
682 2801 867 2845 Agnofiimus
889 2814 979 2836 unam
999 2807 1110 2838 Divini

231 2850 321 2884 Verbi
332 2854 520 2884 incarnatam
533 2857 672 2884 naturam
686 2876 693 2883 .
722 2852 836 2887 Exstat
851 2852 909 2888 sub
917 2853 978 2887 alia
990 2855 1109 2888 Latina

229 2899 443 2935 translatione
459 2899 494 2935 in
509 2901 648 2935 secundo
660 2900 777 2936 Tomo
797 2903 903 2937 Sancti
919 2901 1087 2940 Athanasii
1101 2929 1108 2937 .

231 2949 290 2983 Est
305 2951 448 2984 omnino
469 2950 552 2985 illud
573 2951 777 2993 opusculum
799 2952 884 2997 quasi
906 2953 1045 2988 duorum
1061 2956 1108 2989 fo-

230 2998 376 3039 liorum,
401 2998 660 3041 quodLeontius
684 3003 847 3044 praetendit
865 3004 927 3037 esse
938 3004 1106 3047 Spurium.

231 3050 365 3083 Sanetus
387 3048 536 3091 Cyrillus
555 3049 742 3085 constanter
762 3052 898 3088 affirmat
916 3054 979 3088 esse
1003 3055 1107 3099 legiti-

230 3109 324 3132 mum
335 3123 342 3131 .
370 3097 408 3131 In
420 3099 535 3133 eodem
549 3099 691 3135 secundo
705 3100 821 3136 Tomo
833 3104 936 3138 exstat
947 3103 1053 3138 brevis
1067 3105 1105 3138 ad

229 3148 463 3191 imperatorem
484 3149 694 3192 Iovinianum
707 3151 874 3195 Epistola,
899 3154 935 3187 in
958 3166 1020 3197 qua
1032 3156 1109 3188 San-

1165 568 1311 610 fimplitor
1323 581 1413 612 neque
1423 568 1588 611 transitori?
1599 592 1609 609 ,
1617 567 1677 612 fid
1683 573 1716 602 in
1728 569 1815 602 libris
1826 567 1918 603 babeo
1931 594 1939 601 .
1964 569 2049 603 Non

1171 619 1205 651 in
1227 619 1304 653 solis
1317 619 1420 653 Sancti
1435 618 1555 662 Cyrilli
1576 617 1689 653 contra
1699 616 1919 654 Theodorum
1938 617 2050 658 libris,

1173 667 1335 702 sedetiam
1360 669 1395 702 in
1418 670 1488 713 ipfis
1499 668 1631 713 Scriptis
1655 669 1763 704 Sancti
1783 667 1977 703 Athanasii.
2006 668 2053 701 Et

1171 727 1269 751 nemo
1281 718 1386 760 ipsum
1408 720 1516 763 arguit
1530 719 1572 753 de
1593 719 1687 758 illato
1698 718 1788 753 libris
1799 717 1899 754 vitio.
1926 718 1971 752 Et
1983 716 2053 760 ipse

1171 766 1332 800 Leontius
1351 778 1420 800 non
1444 766 1614 802 Athanasii
1626 783 1640 810 ,·
1664 767 1718 803 sed
1739 768 1827 804 solos
1839 767 1917 803 istos
1930 765 2051 811 Cyrilli

1171 815 1271 850 libros
1293 815 1401 851 scribit
1414 815 1455 851 ab
1467 815 1536 860 ipso
1548 817 1699 852 vitiatos.

1219 866 1361 901 Nullum
1379 866 1584 901 intervenisse
1596 867 1711 901 vitium
1723 868 1823 904 etiam
1833 867 1921 903 lucet
1940 874 1982 903 ex
1993 868 2055 910 sy-

1170 915 1346 950 nodalibus
1371 915 1680 951 interlocutionibus
1707 917 1844 953 Eustatii
1879 917 2052 953 Beritenfis

1171 965 1325 1009 Episcopi
1337 991 1345 999 .
1372 967 1443 1001 Hic
1456 966 1592 1001 enimin
1606 963 1769 1010 Ephesino
1783 966 1995 1009 Latrocinio‚
2014 975 2054 1001 ut

1171 1014 1423 1050 Haeresiarcham
1452 1014 1673 1059 Eutychetem
1699 1014 1841 1051 ablueret
1867 1041 1878 1057 ,
1915 1016 2000 1052 addu
2026 1017 2040 1063 ᾗ

1172 1065 1264 1100 istam
1277 1065 1384 1100 Sancti
1397 1064 1517 1110 Cyrilli
1531 1063 1788 1109 propositionem
1798 1089 1809 1106 ‚
1835 1065 1870 1099 &
1884 1064 2054 1109 adjunxit.-

1171 1115 1298 1150 Sachus
1310 1116 1439 1155 cyrillus
1452 1115 1530 1149 hanc
1537 1115 1627 1159 suam
1639 1125 1738 1149 vocem
1749 1114 1909 1155 testimonio
1925 1116 2057 1156 Beattffi-

1172 1171 1213 1199 mi
1224 1171 1287 1200 viri
1297 1164 1450 1206 Athanafii
1461 1165 1649 1208 confirmavit
1661 1190 1669 1198 .
1696 1165 1747 1199 At
1773 1161 1850 1199 vero
1870 1163 1906 1198 in
1921 1162 2060 1199 Chalce-

1171 1215 1305 1251 donensi
1320 1215 1476 1250 Concilio
1488 1216 1547 1250 ista
1559 1215 1630 1260 ejus
1641 1213 1854 1249 interlocutio
1866 1214 1930 1249 fuit
1943 1222 2061 1249 vocata

1175 1266 1208 1299 in
1222 1275 1348 1300 reatum
1360 1289 1372 1306 ‚
1399 1266 1542 1310 ideoque
1553 1265 1664 1310 ipsein
1677 1264 1823 1300 medium
1835 1264 1991 1299 transiens
2002 1288 2014 1305 ,
2024 1264 2061 1298 δε

1174 1314 1292 1350 librum
1305 1326 1404 1349 manu
1417 1315 1546 1360 gestans
1557 1339 1569 1356 ,
1595 1315 1781 1350 constanter
1800 1313 1887 1350 dixit
1900 1328 1912 1348 .-
1938 1317 1969 1348 δι’
1979 1313 2059 1347 mals

1173 1366 1263 1407 dix-i,
1290 1376 1350 1400 ecce
1359 1367 1452 1400 codex
1465 1389 1473 1398 .
1502 1365 1594 1400 Liber
1604 1365 1707 1405 Cyrilli
1718 1364 1990 1400 anathematizetur
2001 1386 2013 1403 ,
2024 1365 2062 1398 Θ

1173 1415 1412 1450 anathematizor
1424 1441 1431 1449 .
1460 1416 1677 1460 Nequaquam
1695 1426 1796 1450 omne
1809 1416 1902 1452 suum
1925 1426 1984 1460 pro
1995 1414 2064 1447 Eu-

1174 1464 1306 1506 tychete
1326 1466 1513 1511 suffragium
1526 1490 1537 1507 ,
1565 1465 1618 1500 sed
1629 1465 1723 1500 istam
1736 1465 1910 1500 dumtaxat
1921 1463 2065 1508 proposi-

1174 1514 1299 1546 tionem
1321 1513 1492 1548 sustinuit.
1519 1515 1616 1548 Hinc
1636 1515 1822 1559 AEgyptii‚
1847 1515 1882 1548 δε
1900 1514 1959 1548 alii
1981 1523 2062 1547 cum

1175 1562 1245 1605 ipsis
1268 1562 1423 1606 Episcopi
1449 1564 1733 1598 acclamaverunt:
1759 1562 1917 1602 Eustasius
1940 1560 2066 1604 Episco-

1170 1619 1229 1653 pus
1242 1611 1314 1646 ben?
1326 1613 1426 1646 dixit.
1456 1612 1644 1646 orthodoxus
1667 1612 1741 1646 ben?
1761 1613 1859 1645 dixit.
1886 1609 2061 1656 Agebatur

1174 1662 1247 1696 istic
1269 1660 1560 1701 contradictorium
1581 1661 1762 1704 judicium,
1786 1671 1920 1705 eratque
1931 1668 2064 1704 tempus

1175 1724 1212 1747 ac
1226 1712 1455 1757 opportunitas
1467 1737 1478 1753 ,
1500 1711 1605 1746 immo
1616 1712 1651 1746 ἀ
1662 1711 1827 1746 necessitas
1838 1709 2062 1746 demonstran*

1174 1762 1209 1796 di
1235 1774 1273 1796 ac
1296 1761 1476 1797 damnandi
1502 1761 1573 1797 vitii
1586 1772 1642 1805 per
1652 1762 1851 1796 Dioscorum
1873 1760 1958 1795 illati
1975 1759 2010 1793 in
2023 1759 2066 1795 li*

1175 1810 1249 1846 bros
1269 1812 1378 1847 Sancti
1402 1811 1521 1854 Cyrilli
1537 1835 1545 1843 .
1573 1811 1617 1845 Et
1629 1822 1671 1845 ex
1693 1819 1744 1845 tot
1756 1810 1928 1855 Episcopis
1948 1808 2063 1845 nullus

1174 1861 1250 1896 fecit
1271 1861 1321 1896 vel
1332 1861 1504 1895 minimam
1516 1860 1609 1896 istius
1621 1861 1666 1895 rei
1677 1861 1868 1896 memoriam
1881 1884 1891 1901 ,
1917 1859 2059 1902 ideoque

1174 1912 1296 1947 clarum
1306 1911 1351 1946 est
1363 1911 1543 1946 Leontium
1557 1911 1628 1946 falli
1643 1936 1651 1945 .
1677 1910 1759 1945 Istas
1767 1921 1864 1946 voces
1877 1910 1938 1944 esse
1948 1907 2058 1943 omni·

1174 1960 1219 1995 no
1243 1961 1350 1996 Sancti
1371 1959 1544 1996 Athanasii
1569 1960 1655 2004 apud
1679 1958 1792 1993 Photii
1815 1957 2060 1994 Bibliothecam

1173 2011 1357 2046 constanter
1377 2011 1538 2044 affirmant
1564 2011 1699 2045 Sanstus
1721 2007 1917 2053 Ephremius
1938 2006 2060 2042 Antio-

1173 2058 1297 2094 chenus
1322 2059 1498 2094 &Sanslus
1521 2058 1681 2104 Eulogius
1701 2057 1888 2094 patriarcha
1914 2057 2059 2093 Alexan·
2073 2076 2217 2115 Lib-2²9·

1174 2109 1296 2145 drinus.
1324 2109 1429 2158 Qod
1442 2110 1545 2154 ipsum
1556 2109 1590 2144 in
1600 2109 1697 2144 variis
1711 2108 1795 2144 locis
1806 2109 1916 2144 scribit
1924 2110 2060 2145 Sanctus
2074 2121 2108 2153 gg
2118 2130 2132 2149 2
2136 2127 2185 2157 35,³
2214 2113 2217 2117 ⁴

1174 2161 1315 2204 Joannes
1323 2159 1547 2194 Damascenus
1559 2184 1568 2192 .
1596 2159 1763 2194 Laudatus
1774 2159 1939 2205 Eulogius
1951 2160 2061 2195 Sanffi

1175 2210 1293 2253 Cyrilli
1305 2233 1316 2250 ‚
1329 2208 1481 2252 Gregorii
1495 2208 1739 2252 Thaumaturgi
1751 2231 1762 2248 ‚
1780 2208 1910 2252 aliaque
1923 2208 2060 2246 Pan-um

1176 2259 1248 2292 loca
1262 2282 1272 2297 ,
1297 2268 1369 2300 quae
1391 2256 1604 2292 Chalcedone
1615 2256 1795 2292 Dioscorus
1809 2280 1821 2298 ,
1847 2269 1886 2292 ac
1908 2258 1944 2292 in
1966 2258 2060 2294 Con-

1172 2306 1468 2351 stantinopolitana
1495 2306 1687 2342 Collatione
1712 2307 1878 2343 Severiani
1901 2307 2059 2353 Episcopi

1174 2368 1232 2400 pro
1254 2358 1286 2391 se
1307 2355 1506 2392 adduxerant
1520 2381 1531 2398 ,
1556 2356 1682 2391 mature
1704 2357 1840 2393 discutit
1851 2382 1862 2398 ,
1888 2358 1923 2392 ἃ
1942 2360 2059 2394 omnia

1174 2408 1293 2441 fatetur
1305 2406 1408 2450 spuria
1419 2431 1430 2448 ,
1458 2416 1570 2450 praeter
1584 2407 1772 2442 testimonia
1794 2407 1903 2442 Sansti
1915 2408 2038 2452 Cyrilli
2053 2433 2063 2443 .

1174 2458 1254 2490 Haec
1266 2457 1419 2490 asseverat
1443 2457 1507 2491 esse
1520 2456 1661 2491 omnino
1672 2456 1861 2493 authentica
1872 2483 1881 2491 .

1221 2505 1367 2552 Qaestio
1389 2505 1525 2540 secunda
1549 2506 1595 2541 est
1618 2530 1630 2547 ‚
1657 2506 1713 2540 An
1736 2507 1795 2541 ista
1815 2508 1994 2552 propositio
2020 2510 2059 2545 fit

1172 2553 1346 2599 approbata
1369 2565 1424 2597 per
1447 2554 1643 2597 Ephefinam
1669 2565 1727 2590 aut
1752 2555 2058 2595 Chalcedonensem

1172 2604 1343 2648 Synodum
1358 2605 1370 2637 ?
1396 2604 1508 2649 Negat
1522 2604 1653 2638 Sanctus
1667 2605 1798 2649 Martyr
1815 2607 1850 2641 δε
1862 2606 1975 2643 Abbas
1985 2609 2058 2645 Ma·

1171 2656 1280 2689 ximus
1290 2678 1299 2687 .
1326 2653 1464 2688 Etenim
1477 2652 1603 2696 Pyrrho
1614 2653 1811 2689 Patriarchae
1823 2657 2058 2695 Constantino·

1171 2704 1321 2748 politano
1335 2726 1346 2742 ‚
1372 2704 1536 2748 ingerenti
1547 2702 1627 2739 duas
1641 2701 1762 2739 Christi
1777 2706 1921 2741 Domini
1943 2707 2057 2743 volun·

1171 2764 1253 2789 tates
1265 2765 1302 2788 ac
1314 2754 1520 2797 operationes
1531 2765 1587 2798 per
1597 2754 1726 2790 nullam
1739 2755 1910 2798 synodum
1920 2755 2055 2798 adstrui,

1171 2806 1204 2838 in
1216 2804 1343 2839 erudita
1364 2803 1477 2839 contra
1489 2803 1818 2849 illum'disputatione
1831 2807 1993 2850 reposuit:
2019 2809 2052 2840 si

1171 2866 1207 2889 ea
1216 2855 1336 2888 tantiam
1344 2854 1474 2896 confiteri
1483 2862 1599 2897 oportet
1607 2879 1619 2896 ,
1645 2867 1714 2898 quae
1724 2857 1744 2889 ἱ
1753 2856 1870 2893 synodis
1881 2854 2052 2898 dictasunt,

1171 2915 1222 2938 nec
1231 2915 1291 2938 una
1302 2907 1359 2938 Dei
1372 2905 1459 2938 Verbi
1471 2914 1583 2939 natura
1593 2910 1749 2939 incarnata
1759 2905 1887 2939 dicenda
1897 2904 1935 2945 est
1943 2929 1955 2946 ,
1982 2917 2052 2948 quae

1170 2965 1282 2988 omnem
1298 2954 1424 2996 Mysten}
1431 2960 1577 2997 pietatem
1588 2954 1788 2997 complectitur
1800 2978 1812 2995 ‚
1836 2966 1900 2988 cum
1911 2955 1988 2988 nullo
2003 2958 2052 2995 55-

1170 3006 1239 3039 nodi
1251 3008 1370 3039 Decreta
1391 3006 1472 3039 edita
1487 3002 1540 3046 fit.
1567 3004 1616 3038 At
1629 3004 1705 3038 vero
1723 3004 1873 3039 laudatus
1887 3004 2049 3051 Eulogius

1169 3055 1273 3091 afferit
1289 3055 1491 3099 oppositum.
1520 3053 1652 3088 Etenim
1662 3053 1803 3090 Photius
1824 3053 2046 3097 demonstrat,

1168 3105 1255 3149 quod
1268 3104 1342 3140 istas
1355 3117 1449 3140 voces
1459 3103 1583 3139 strenue
1593 3113 1731 3146 tueatur,
1747 3114 1786 3138 ac
1795 3103 1879 3139 reste
1889 3115 2046 3149 exponat,

1167 3157 1200 3190 δε
1212 3155 1377 3200 adjungit:
1410 3154 1565 3197 Postquam
1577 3155 1720 3199 Eulogius
1731 3152 1795 3187 baec
1820 3155 1855 3189 ὁ·
1869 3153 1981 3197 fimilia
1987 3163 2044 3197 pro

230 3200 300 3232 stus
313 3196 510 3233 Athanasius
533 3198 644 3233 denuo
665 3203 833 3244 profitetur
853 3215 946 3237 unam
964 3206 1107 3238 Sermonis
1163 3204 1314 3248 propofitae
1324 3211 1404 3239 vocis
1418 3202 1577 3246 defenfione
1590 3204 1689 3245 dixit,
1716 3203 1840 3245 ostendit
1850 3206 1953 3239 eadem
1970 3207 2045 3243 aisy·

231 3257 373 3281 naturam
401 3272 412 3288 ,
437 3257 635 3294 naturamque
657 3260 691 3282 ac
711 3250 868 3294 personam
898 3258 1106 3287 incarnatam.

231 3297 339 3331 Sancti
362 3297 482 3340 Cyrilli
512 3298 627 3333 contra
648 3297 863 3337 Theodorum
885 3303 984 3338 libros
1006 3303 1105 3338 amifi-

1166 3256 1238 3289 nodo
1248 3253 1474 3295 chalcedonensi
1496 3254 1634 3297 judicata
1659 3255 1890 3296 &pradicara,
1915 3262 1979 3288 tum
1989 3262 2043 3295 per

1165 3306 1227 3338 alia
1239 3329 1250 3345 ,
1275 3314 1338 3338 tum
1359 3316 1397 3338 ex
1419 3309 1458 3337 iis
1470 3328 1481 3344 ,
1507 3303 1614 3347 quibus
1629 3305 1757 3343 synodus
1765 3304 2042 3347 profeffionemfidei

231 3357 325 3388 mus,
351 3346 490 3391 ideoque
500 3360 541 3382 ex
565 3349 661 3393 ipfis,
685 3360 740 3384 aut
751 3350 871 3398 deipsis
886 3355 1026 3398 proferre
1037 3365 1105 3388 non
1168 3356 1312 3392 Flaviani
1325 3378 1338 3397 ,
1357 3359 1483 3397 propria
1498 3352 1583 3397 ipfius
1592 3352 1837 3399 manuscriptam
1850 3379 1862 3398 ‚
1888 3365 1937 3389 con
1960 3363 2040 3384 rma-

330 3396 437 3439 Cbrist.
448 3402 528 3443 Lupi
539 3402 638 3443 Opera
648 3403 682 3434 T.
687 3403 753 3434 VII.

1916 3407 1965 3436 vit
1976 3426 1984 3436 ·

1609 3402 1644 3441 V
1694 3414 1716 3456 3
