2320 3730
589 185 902 238 Scironis,
944 197 1004 227 ετ
1037 172 1230 227 Nom
1268 193 1663 225 urus-rRATAE.

194 279 302 304 cerate
321 265 436 311 primis
448 263 625 300 Phoeniciae
637 265 844 300 Provinciam
857 291 867 306 ‚
893 265 998 309 plures
1009 264 1076 307 ejus

197 319 414 362 suffraganeas
430 315 528 350 Sedes
551 316 727 356 invadere,
752 328 789 351 ac
809 317 841 351 se
861 316 1077 357 ostentareip-

197 371 298 404 sarum
311 366 386 403 Mer
394 366 567 409 topolitam
579 392 586 400 .
613 366 749 401 Irenaeus
760 392 771 407 ‚
796 366 876 400 dum
888 366 922 399 in
934 363 1077 408 Tyriam

196 414 399 457 Cathedraru
412 416 475 450 fuit
493 417 632 451 intrusus
644 441 655 457 ,
683 426 751 451 non
763 417 892 450 intravit
906 426 979 449 cum
992 413 1077 447 bona

195 465 298 511 gratia
319 466 476 500 ominium
495 466 834 510 Comprovincialium
865 490 875 500 ,
915 463 1078 498 Eustatius

195 516 324 549 videtur
343 516 442 551 fuisse
466 515 648 550 adversatus
669 540 681 557 ,
706 526 802 556 atque
828 515 865 548 in
886 515 955 548 suas
977 522 1078 556 partes

196 566 324 600 traxisse
346 566 508 610 quiosdam
520 567 694 612 Collegas,
720 564 813 603 fuisse
832 563 1002 608 praesertim
1026 561 1081 596 ad,-

196 616 358 655 versatus‚
390 615 447 653 ubi
466 616 600 651 Irenaeus
622 617 662 652 de
674 613 829 649 Nestorio
841 612 970 648 infamis
980 612 1078 655 coepit

196 665 238 700 ad
250 665 448 708 ejecilionem
462 665 615 709 postulari
627 664 711 707 apud
723 663 919 707 Principem.
938 661 1079 697 Videtur

196 714 357 750 adhaefiffe
381 716 570 756 ,Dioscorm
597 713 799 757 Eutycheti,
826 724 924 758 atque
937 711 1078 755 Chrysa·

197 766 279 809 phio
293 791 300 798 .
327 766 517 814 Qomodo
533 765 622 798 enim
646 764 738 798 aliter
763 764 874 797 locum
887 763 1078 797 obtinuisset

198 817 283 850 inter
304 815 466 857 primates
485 811 852 857 EphefiniLatrocinii?
878 813 1016 847 Certum
1032 811 1077 847 est

197 864 289 899 hunc
311 866 494 904 Primatum
516 862 609 901 fuisse
632 864 829 907 stipendium
841 864 1010 900 anterioris
1023 862 1076 897 bo-

199 927 250 949 nae
269 926 372 956 operae
389 936 402 952 ,
428 914 639 957 impetratum
662 925 717 957 per
738 914 833 952 istam
860 913 1079 948 facinorosam

199 964 372 998 hominum
393 963 582 1007 Tripodem
598 988 607 996 .
635 965 679 999 Et
692 974 792 1008 quam
815 964 959 997 strenuas
980 973 1078 1006 atque

198 1014 328 1048 Zelosas
339 1013 534 1051 Latrocinio
559 1025 677 1048 manus
697 1013 878 1049 admoverit
891 1013 1056 1047 Eustatius
1068 1037 1077 1052 ,

198 1063 425 1098 demonstrant
460 1062 684 1098 Latrocinalia
723 1062 804 1099 ,Asta
821 1088 840 1104 .,
867 1074 927 1098 nec
949 1074 1019 1097 non
1046 1063 1078 1102 ὃς

198 1114 283 1146 Aeta
307 1110 588 1153 Chalcedonensia
610 1139 616 1145 .
640 1113 735 1151 Hinc
757 1114 791 1148 ὃς
815 1113 964 1158 Magnus
985 1114 1078 1153 Leo,

198 1162 278 1197 dum
297 1161 332 1195 in
343 1161 672 1206 Latrocinioslapsis,
697 1175 736 1197 ac
758 1164 985 1207 poenitentiam
1010 1164 1077 1206 sup·

198 1211 595 1261 plicantibus,Episcopis
615 1212 742 1249 addixit
764 1213 893 1248 veniam
913 1238 925 1253 ,
948 1213 1078 1256 excepit

199 1262 300 1297 etiam
328 1261 516 1302 Eustacium
536 1263 610 1303 ,ῥα
632 1262 702 1305 ejus
719 1273 844 1300 nomen
858 1261 1037 1304 ,suspendit
1059 1260 1078 1299 a

195 1311 218 1349 Ξ
238 1311 343 1349 Sacris
353 1311 515 1352 Tabulisq>
541 1313 635 1351 Dum
657 1312 757 1356 igitur
780 1312 892 1349 Irenaei
906 1311 1077 1355 Episcopa-

199 1371 252 1395 tus
277 1361 435 1397 vacillare.
454 1361 556 1405 coepit
569 1387 581 1403 ,
610 1362 748 1397 istorum
768 1363 869 1395 trium
894 1362 1077 1396 interventu

199 1411 276 1446 usus
287 1412 456 1449 Eustatius
467 1411 662 1448 Theodosio
685 1410 838 1456 Augusto
859 1412 1008 1454 exposuit
1021 1410 1077 1450 mi-

200 1459 503 1504 serandumTyriae
512 1460 685 1502 Ecclesiae,
710 1473 749 1501 ac
761 1461 871 1496 omnis
894 1461 985 1499 istius
1001 1460 1081 1495 Pro-

202 1510 318 1544 vinciz
338 1510 467 1549 ss'atutnj
480 1533 492 1550 ‚
514 1521 591 1545 cum
615 1510 802 1546 faventibus
826 1511 885 1546 fibi
910 1511 1080 1555 Episcopis

199 1558 395 1603 supplicavit
412 1559 518 1597 eximi
537 1559 579 1597 ab
588 1557 742 1597 haeretico
750 1560 819 1606 ejus
830 1560 910 1605 jugo
921 1584 932 1600 ,
956 1561 992 1597 &
1004 1571 1078 1595 cum

199 1609 270 1646 istis
288 1608 373 1654 erigi
396 1609 433 1648 in
446 1609 640 1653 [iugularem
652 1610 870 1654 Metropolim
890 1620 990 1653 atque
1000 1610 1078 1645 Pro-

200 1659 348 1694 vinciam
372 1684 380 1692 .
410 1658 456 1693 Et
478 1658 690 1698 Theodosius
711 1660 827 1694 annuit
850 1684 857 1693 .
885 1660 1019 1695 Factum
1044 1661 1077 1695 id

201 1710 268 1744 fuit
287 1719 365 1744 ante
386 1708 633 1745 Latrocinium.
663 1710 753 1745 Nam
771 1710 989 1745 provincialis
1002 1711 1079 1755 Epi-

201 1760 319 1803 scopus
340 1759 403 1794 effe
414 1771 483 1794 non
503 1761 614 1803 potuit
631 1761 716 1796 inter
738 1760 898 1798 Primates
919 1761 1080 1806 generalis

202 1809 333 1853 Synodi
350 1834 358 1846 ,.
385 1809 512 1846 Omnia
532 1821 626 1845 erant
646 1810 768 1846 caduca
788 1812 821 1846 &
844 1822 946 1846 vana:
975 1810 1080 1845 Aliud

203 1858 296 1894 enim
307 1859 377 1902 jura
387 1860 523 1898 Sedium
533 1884 544 1901 ,
569 1860 660 1897 aliud
672 1862 746 1895 sunt
758 1861 871 1895 merita
883 1860 1059 1895 Praesulum
1073 1885 1079 1893 .

204 1909 300 1942 Hinc
327 1909 398 1954 post
424 1908 681 1945 circumduetum
712 1919 810 1954 atque
847 1910 1037 1944 damnatum
1064 1910 1081 1944 a

205 1958 337 2002 Magno
367 1957 483 1992 Leone
510 1959 741 1996 Latrocinium
759 1955 940 1993 'Eustatius
967 1960 1083 1994 timere

203 2009 307 2051 eoepit
318 2007 380 2040 suae
390 2006 540 2044 audaciae.
570 2008 682 2053 Qare
692 2008 793 2050 ipsam
806 2004 925 2044 firmari
936 2007 1081 2043 obtinuit

205 2068 263 2101 per
286 2055 397 2091 nescio
422 2067 522 2100 quarn
545 2057 950 2100 Constantinopolitanam
977 2060 1081 2101 Syno-

206 2106 288 2141 dum
303 2105 404 2140 amici
422 2106 472 2142 sui
484 2105 677 2141 Patriarchae
696 2106 866 2144 Anatolii.
893 2106 1018 2142 Verum
1030 2106 1083 2141 ad-

205 2156 315 2191 versus
333 2155 448 2194 omnia
458 2156 647 2193 reclamavit
656 2157 693 2193 in
704 2155 965 2195 Chalcedonensi
978 2158 1083 2201 Syno-

206 2205 253 2242 do
263 2198 428 2248 photius,
451 2206 542 2249 Tyri
566 2206 736 2250 Antistes,
759 2207 929 2251 &accepit
952 2207 1082 2252 plenam

208 2256 364 2299 justitiam
390 2281 397 2287 .
424 2256 507 2302 Qo
533 2256 668 2290 Irenaeus
692 2256 870 2300 postmodo
891 2256 1056 2292 devenerit
1073 2282 1084 2301 ,

209 2305 342 2349 quando
374 2306 410 2340 δε
436 2305 493 2340 ubi
517 2306 705 2350 migraverit
729 2306 770 2340 ad
792 2306 883 2341 aliud
908 2307 1085 2349 saeculum,

208 2356 351 2400 ignoro.
378 2354 518 2394 Interim
540 2356 607 2399 ipse
627 2354 783 2400 &Ioanne
805 2356 1023 2392 Antiocheno
1046 2369 1084 2392 ac

209 2406 279 2447 ejus
319 2404 474 2444 Fastione
499 2405 564 2443 fuit
598 2405 728 2451 Epheso
749 2406 892 2451 Legatus
916 2408 958 2443 ad
991 2407 1084 2444 Prin-

209 2463 339 2496 cipem.
749 2487 753 2489 ‚
1050 2479 1052 2482 .

260 2501 390 2535 Habuit
423 2512 565 2545 quatuor
586 2500 621 2536 in
642 2501 812 2537 Mandatis
839 2529 847 2539 .
873 2503 987 2539 Primo
1007 2528 1019 2545 ‚
1044 2503 1086 2547 de

209 2552 329 2586 Sansto
338 2550 470 2594 Cyrillo
486 2563 525 2585 ac
535 2553 630 2589 omni
641 2551 779 2594 synodo
789 2555 945 2596 conqueri
958 2578 969 2593 ‚
994 2554 1084 2596 quod

210 2602 315 2636 Sacris
335 2612 389 2644 per
397 2600 584 2636 Palladium
594 2600 851 2645 Magistrianum
862 2603 968 2638 allatis
978 2602 1086 2645 juffio·

210 2650 306 2685 nibus
325 2650 461 2686 rebelles
479 2650 606 2685 nollent
626 2651 801 2687 &Nestorii
823 2652 1036 2687 damnatione
1046 2664 1085 2688 ac

211 2701 284 2735 aliis
303 2701 365 2735 suis
386 2700 480 2735 Astis
505 2700 676 2743 recedere,
702 2712 762 2736 nec
778 2702 995 2745 ‚synodaliter
1006 2713 1083 2738 con-

212 2752 322 2785 venire
331 2751 371 2785 ad
382 2751 482 2785 causie
492 2752 762 2787 retraetationem.
776 2751 929 2787 Secundo
941 2777 952 2793 ‚
960 2752 1085 2788 Princi-

212 2801 246 2844 pi
256 2801 475 2836 demonstrate
485 2800 569 2835 hanc
580 2800 790 2838 rebellionem
801 2803 864 2837 effe
877 2802 1084 2838 manifestam

212 2850 254 2884 de
268 2851 330 2884 suis
342 2849 433 2891 Astis
444 2848 659 2886 diffidentiam
671 2875 683 2891 ,
708 2862 747 2887 ac
757 2852 964 2889 manifestum
986 2863 1085 2898 argu·-

212 2910 362 2934 mentum
384 2900 565 2944 injustitiae.
592 2901 711 2937 Tertio
724 2925 735 2942 ,
761 2902 948 2946 Principem
969 2914 1012 2937 ex
1034 2902 1086 2938 his

213 2960 398 2993 permovere
407 2949 448 2987 ad
460 2951 605 2985 Nestorii
617 2951 865 2988 damnationem
888 2954 1015 2996 penitus
1029 2952 1086 2987 cir-

214 3000 474 3037 cumducendum
488 3025 498 3040 ,
525 3001 673 3044 &ipsum
698 3002 933 3038 restituendum
954 3002 1087 3046 Episco-

216 3048 281 3090 pali
292 3048 438 3086 Throno
449 3076 456 3082 .
485 3050 580 3085 Licet
601 3051 636 3086 in
648 3051 765 3086 delatis
787 3064 842 3098 per
853 3054 1008 3089 lrenaeurn
1023 3053 1087 3087 Re-

217 3096 396 3132 lationibus
408 3101 553 3143 expressa
566 3112 632 3135 non
648 3102 703 3136 fiat
718 3101 814 3145 hujus
824 3103 987 3142 Postulati
997 3115 1088 3137 men-

215 3147 288 3186 tio,
315 3147 444 3182 abunde
464 3160 574 3187 tamen
598 3151 683 3186 lucet
701 3163 741 3185 ex
763 3150 824 3187 hac
835 3153 901 3197 ejus
919 3153 1066 3197 Epistola
1081 3178 1088 3185 .

217 3195 381 3242 Qartum
406 3197 604 3234 Mandatum
623 3212 687 3235 erat
708 3202 878 3246 impetrare
901 3213 1087 3249 perpetuam

214 3246 400 3281 firmitatem
412 3246 654 3291 degradationis
663 3263 698 3286 ac
710 3245 1064 3289 excommunicationis

214 3305 312 3344 quam
325 3296 359 3329 in
371 3297 539 3340 Cyrillum
550 3310 587 3332 ac
598 3299 815 3336 Memnonem
825 3328 835 3344 ‚
863 3304 896 3338 &
908 3304 941 3337 in
955 3313 1088 3339 omnem

214 3346 362 3380 Sanctam
385 3347 563 3390 Synodum
588 3348 721 3394 Joannis
746 3353 858 3388 Faffio
882 3364 1088 3388 evomuerat.

212 3394 326 3444 Qare
344 3397 482 3433 ltenaeus
504 3409 706 3443 nequaquam
729 3402 792 3438 fuit
812 3403 946 3447 simplex
973 3404 1089 3441 littera-

1877 197 1908 242 7
1921 198 1936 227 1

1121 274 1206 298 ¹rum
1231 261 1391 296 Portitor.
1426 262 1522 308 Qos
1543 262 1687 307 Legatos
1706 266 1838 301 sanetus
1857 265 2006 310 Cyrillus

1119 288 1209 349 lcum
1223 312 1285 346 suis
1297 312 1529 350 Relationibus
1539 311 1660 346 miserit
1670 337 1681 353 ,
1693 313 1860 357 ignoratur
1870 342 1877 349 .
1904 316 2008 351 Haud

1120 351 1235 397 {dubie
1257 364 1389 399 fuerunt
1403 362 1576 406 Episcopi.
1606 362 1771 398 Existimo
1792 366 1883 401 fuisse
1894 364 2011 403 Theo-

1139 424 1292 456 pempum
1303 441 1315 457 ,
1339 412 1573 450 Potamionem
1584 423 1642 453 ,ac
1652 412 1827 450 Danielem
1843 438 1854 454 ‚
1874 416 1915 451 ad
1929 428 2011 460 quos

1139 463 1196 497 diu
1222 463 1518 506 Constantinopoli
1540 472 1765 506 permanentes
1785 464 2013 510 Sanetussscy-

1140 512 1229 547 rillus
1252 539 1262 554 ‚
1289 515 1466 558 Sanctaque
1489 512 1642 556 Synodus
1665 511 1818 556 deinceps
1838 515 2014 549 transmisit

1126 563 1244 604 ,plures
1256 564 1378 599 litteras
1392 588 1403 604 ,
1425 574 1464 597 ac
1473 564 1563 607 plura
1575 562 1751 598 Mandata.
1778 562 1917 598 Irenaeus
1927 574 2015 597 nam-

1125 600 1203 675 ique
1217 614 1355 649 affirmat
1377 614 1471 652 fuisse
1482 612 1685 658 AEgyptios.
1713 613 1844 657 Nempe
1868 613 2015 660 Cyrillus

1139 660 1190 695 his
1209 661 1336 696 firmius
1359 663 1527 703 credebat.
1555 663 1599 697 Et
1611 664 1769 699 Irenaeum
1779 662 1891 699 triduo
1902 675 2015 707 praeve-

1142 721 1276 746 nerunt.
1302 712 1396 758 Qia
1425 724 1541 755 nempe
1561 724 1638 750 ante
1649 713 1756 756 ipsum
1774 725 1850 749 cum
1862 713 2015 750 Palladio

1139 760 1358 806 Magistriano
1378 761 1583 799 discesserant
1603 759 1950 806 Epheso‚..Videntur
1971 774 2017 799 ta-

1142 823 1215 847 men
1238 821 1317 845 tunc
1348 810 1438 854 apud
1477 811 1667 856 Principem
1695 814 1836 852 necdum
1867 813 2015 852 habuisse

1141 861 1296 899 accessum
1316 859 1582 894 &audientiam.
1610 861 1746 897 Etenim
1756 863 1892 902 lrgnaeus
1913 864 2018 909 queri-

1141 922 1193 946 tur
1206 936 1217 952 ‚
1242 911 1333 954 quod
1348 911 1432 945 solos
1444 909 1637 952 reipublicae
1657 922 1694 944 ac
1706 913 1831 951 militias
1842 915 2017 959 Magnates

1141 961 1300 1002 adierint,
1328 959 1515 996 invenerint
1539 959 1719 1002 propitios,
1739 973 1776 995 ac
1798 964 1832 998 in
1854 966 1943 998 suam
1953 965 2022 1001 sen·

1141 1011 1280 1046 tentiam
1300 1011 1459 1044 traxerint
1474 1034 1481 1042 .
1509 1009 1553 1043 Et
1564 1009 1605 1043 de
1628 1007 1717 1043 hisce
1736 1008 1924 1055 subjungit:
1953 1016 2024 1057 ‚Qua

1136 1060 1224 1102 simul
1240 1070 1332 1104 atque
1359 1059 1482 1101 nostram
1494 1061 1680 1095 Relationem
1697 1058 1868 1101 acceptffent
1884 1086 1895 1101 ‚
1918 1070 2020 1099 omnm

1139 1123 1204 1154 quae
1229 1114 1369 1155 AEgypm
1386 1110 1524 1157 fqutares
1545 1117 1602 1151 per
1627 1110 1823 1146 Tyrannrdem
1847 1133 1859 1150 ,
1898 1119 1962 1143 tam
1987 1119 2020 1149 m

1134 1160 1313 1204 prasinum
1336 1159 1459 1203 faustam
1470 1185 1481 1201 ,
1507 1171 1599 1203 quam
1617 1165 1650 1192 in
1662 1170 1716 1192 nor
1742 1157 1820 1202 ipsos
1830 1171 1941 1202 quoque
1951 1172 2024 1194 com-

1138 1210 1280 1255 miserant
1291 1236 1303 1252 ‚
1329 1213 1374 1246 ad
1385 1215 1599 1254 Imperatorum
1611 1221 1699 1243 aures
1711 1208 1822 1251 referre·
1830 1210 1921 1245 coac‘h‘
1927 1208 2001 1253 sum
2013 1236 2021 1243 .

1139 1261 1285 1295 Proinde
1295 1261 1507 1301 Theodosius
1518 1271 1595 1295 ante
1607 1258 1676 1294 haec
1695 1259 1825 1297 videtur
1850 1259 1967 1297 har-um
1980 1272 2027 1295 re-

1139 1322 1212 1345 rum
1234 1311 1329 1345 fuisse
1342 1311 1492 1352 nescius,
1517 1310 1668 1354 adeoque
1693 1310 2025 1355 neeinterpellatus'a

1138 1360 1274 1405 Legatis
1295 1360 1424 1404 Synodi
1438 1386 1446 1394 .
1547 1363 1550 1365 “
1617 1358 1619 1360 ’
1988 1371 1999 1377 ·

1190 1409 1293 1445 Porro
1315 1411 1432 1456 Legati
1460 1409 1529 1445 istis
1554 1410 1771 1455 Magnatibus
1803 1412 2027 1455 persuaserunt

1142 1460 1250 1504 plura.
1277 1460 1412 1501 Primo,
1438 1460 1529 1505 quod
1549 1460 1696 1495 Nestorii
1719 1463 1815 1497 causa
1836 1461 1961 1497 mature
1987 1473 2026 1498 ac

1145 1511 1239 1555 plene
1261 1522 1316 1555 per
1329 1510 1502 1555 Synodum
1524 1512 1602 1545 esset
1614 1512 1802 1547 examinata
1816 1536 1824 1544 .
1851 1511 2026 1551 Secundo,

1143 1561 1231 1606 quod
1253 1562 1320 1605 ipse
1344 1563 1493 1596 unanimi
1516 1561 1667 1596 omnium
1690 1561 1845 1605 suffragio
1874 1562 1951 1596 esset
1974 1561 2028 1596 de·

1145 1612 1340 1650 monstratus
1354 1612 1535 1650 Haereticus
1559 1621 1598 1644 ac
1608 1610 1865 1646 condemnatus.
1893 1609 2027 1650 Tertio,

1143 1661 1233 1703 quod
1247 1663 1281 1696 in
1294 1662 1350 1696 sua
1361 1660 1557 1706 blasphemia
1568 1660 1645 1695 esset
1657 1658 1740 1696 adeo
1760 1667 1941 1694 contumax
1954 1683 1964 1700 ‚
1991 1670 2030 1694 ut

1144 1712 1178 1748 in
1191 1712 1259 1755 ipsa
1268 1711 1368 1748 etiam
1380 1710 1540 1754 Ephesiae
1563 1710 1697 1747 civitate
1719 1721 1835 1745 vocem
1859 1713 2028 1751 Dei-para

1146 1772 1206 1796 nec
1237 1760 1350 1800 audire
1372 1761 1559 1796 sustineret.
1585 1759 1668 1806 Qae
1688 1761 1802 1796 omnia
1814 1769 1906 1797 erant
1928 1759 2032 1805 longe

1146 1812 1303 1847 veriffima
1316 1836 1333 1846 ..
1353 1811 1488 1850 Etenim
1500 1809 1695 1851 Nestorius,
1722 1810 1798 1845 licet
1816 1809 1933 1854 Ephesi
1951 1810 2032 1844 San-

1146 1864 1233 1896 stum
1254 1862 1421 1903 cyrillum
1451 1871 1521 1894 non
1545 1861 1663 1894 viderit
1692 1884 1703 1899 ,
1729 1872 1807 1905 cum
1826 1859 1898 1894 aliis
1919 1870 2031 1893 tamen

1145 1909 1351 1946 Orthodoxis
1372 1909 1542 1953 Episcopis
1560 1908 1605 1944 est
1630 1918 1706 1942 ante
1715 1908 1842 1951 Synodi
1853 1909 2031 1945 exordium

1146 1952 1363 1994 amicabiliter
1373 1958 1585 2002 congreffus,
1610 1958 1779 2001 disputans
1797 1959 1839 1993 de
1864 1960 1928 1993 suis
1949 1970 2030 2000 quae-

1147 2007 1324 2043 stionibus.
1351 2007 1542 2051 Aliquoties
1558 2006 1736 2049 disputavit
1755 2017 1833 2041 cum
1844 2006 2031 2042 Theodoto

1147 2059 1288 2101 Ancyrae
1299 2057 1463 2101 Episcopo
1478 2080 1490 2097 ,
1515 2055 1625 2099 primae
1638 2057 1777 2095 Galatiae
1789 2057 2006 2102 Metropolita
2018 2082 2033 2099 ,

1145 2109 1179 2143 ὅ(
1191 2119 1267 2143 cum
1281 2106 1408 2144 Acacio
1418 2106 1622 2142 Melitinensi
1645 2108 1833 2152 Episcopo,
1859 2108 2032 2152 Metropo-

1146 2159 1204 2194 lita
1227 2158 1373 2193 secundae
1394 2158 1559 2192 Armeniae
1574 2181 1585 2197 ,
1612 2157 1646 2192 ὅ(
1658 2169 1769 2197 coram
1789 2158 1856 2195 illis
1875 2162 1971 2194 Deum
1991 2159 2034 2191 bl-

1145 2208 1275 2249 mestrem
1300 2218 1355 2242 aue
1375 2207 1548 2249 trimestrem
1573 2208 1748 2250 appellare,
1773 2208 1863 2251 nefas
1875 2210 1926 2252 effe
1945 2221 2032 2253 repe-

1146 2259 1240 2293 tivit.
1267 2258 1423 2303 Uterque
1443 2258 1590 2291 Antistes
1619 2257 1725 2301 plures
1735 2257 1805 2301 ejus
1827 2259 1862 2292 in
1887 2260 1954 2294 istis
1972 2260 2033 2293 dis-

1147 2306 1374 2352 putationibus
1405 2305 1620 2352 blasphemias
1649 2308 1809 2343 enarravit
1829 2308 1872 2343 ad
1899 2310 2037 2353 plenam

1146 2357 1339 2402 Synodum.
1365 2359 1412 2392 Et
1429 2358 1588 2406 quoniam
1613 2368 1747 2403 uterque
1767 2368 1835 2393 erat
1847 2358 1949 2403 longe
1974 2360 2035 2400 don

1146 2409 1299 2443 &iffimus
1330 2417 1428 2451 atque
1461 2407 1689 2449 &attissimus
1706 2434 1717 2450 ‚
1756 2409 1853 2452 plena
1876 2410 2034 2452 Synodus

1146 2456 1192 2490 est
1213 2456 1287 2498 ipfis
1297 2456 1446 2489 attestata
1457 2457 1492 2491 in
1503 2457 1598 2491 variis
1610 2457 1652 2490 ad
1664 2458 1771 2495 varios
1783 2459 2031 2493 Relationibus.

1148 2505 1281 2539 SanCtus
1300 2503 1447 2547 Cyrinus
1457 2504 1498 2538 ad
1509 2505 1667 2548 quosdam
1694 2505 2033 2550 Constantinopolita-

1150 2566 1198 2589 nae
1213 2553 1364 2588 Ecclefiae
1380 2553 1529 2588 Clericos
1539 2554 1649 2589 scribit
1663 2554 1810 2588 Nestorii
1822 2556 1918 2591 verba
1936 2557 2034 2598 fuisse

1149 2603 1216 2639 haec
1229 2617 1240 2637 :
1266 2605 1332 2646 Ego
1340 2601 1501 2642 bimestrem
1526 2613 1581 2637 aut
1592 2603 1763 2644 trimestrem
1788 2606 1884 2639 Deum
1906 2617 1963 2639 non
1984 2608 2034 2641 dx-

1146 2665 1177 2688 ει
1189 2678 1197 2686 .
1224 2653 1268 2687 Et
1283 2652 1455 2698 adjungit:
1483 2653 1600 2697 ,Quibus
1616 2655 1679 2687 alia
1689 2655 1812 2687 addida
1834 2667 1890 2689 non
1907 2665 2032 2699 pauca,

1148 2708 1299 2748 UnIgenitl
1308 2708 1543 2740 incarnationem
1555 2705 1571 2738 ἒ
1584 2704 1679 2738 medlo
1689 2705 1782 2746 plan?
1792 2706 1895 2739 tollens
1906 2730 1913 2737 .
1940 2707 2032 2741 Istud

1148 2753 1254 2798 ipsum
1274 2754 1424 2788 asseverat
1445 2754 1481 2790 in
1509 2755 1564 2791 sua
1586 2753 1627 2788 ad
1651 2754 1839 2799 Principem
1852 2755 2032 2792 Relatione

1148 2804 1257 2839 omnis
1270 2803 1423 2846 Synodus
1436 2826 1448 2844 ‚
1473 2804 1507 2838 ἀ
1517 2803 1609 2840 addit
1622 2805 1739 2841 fastum
1760 2805 1870 2839 triduo
1892 2818 1969 2842 ante
1981 2808 2031 2840 sui

1148 2852 1321 2889 exordium
1340 2879 1348 2886 .
1374 2854 1454 2889 Hoc
1474 2853 1521 2888 est
1538 2879 1549 2895 ‚
1576 2854 1631 2889 die
1655 2854 1782 2890 decima
1805 2867 1893 2889 nona
1922 2855 2029 2899 Junii.

1151 2901 1309 2948 Evagrius
1331 2902 1578 2948 Epiphaniensrs
1599 2903 1693 2939 verba
1722 2906 1841 2940 format
1865 2906 1900 2938 in
1938 2904 2031 2945 hunc

1150 3003 1276 3044 bimestri
1302 3005 1336 3038 Θ
1357 3004 1495 3044 trimestri
1518 3029 1529 3045 ,
1556 3006 1591 3038 &⁵
1610 3009 1654 3037 ita
1674 3006 1811 3047 deinceps
1837 3006 2004 3044 adoleverit
2016 3030 2029 3048 ,

1153 3057 1248 3088 Deum
1267 3054 1343 3087 certa?
1372 3066 1430 3088 non
1452 3055 1642 3096 appellavero
1664 3079 1671 3086 .
1708 3055 1821 3103 Qare
1845 3055 1878 3088 &
1897 3056 2028 3092 Sacram

1150 3154 1240 3198 juxta
1253 3153 1333 3188 illud
1346 3154 1486 3198 impium
1510 3166 1548 3188 ac
1561 3153 1730 3197 Judaicum
1742 3155 1938 3200 principium
1961 3156 2029 3199 ipsa

1153 3216 1220 3241 non
1234 3204 1349 3248 genuit
1359 3205 1469 3239 Deum
1482 3227 1492 3243 ,
1526 3203 1579 3237 sed
1592 3214 1706 3247 purum
1719 3203 1886 3239 hominem
1898 3231 1905 3238 .
1975 3218 2026 3241 ua·

1150 3264 1184 3289 re
1196 3254 1342 3288 Socrates
1351 3255 1512 3290 affirmans
1521 3253 1776 3297 disputationem
1797 3253 1883 3290 hanc
1907 3256 2028 3291 fastam

1151 3315 1227 3339 cum
1250 3305 1368 3338 Sancto
1392 3303 1521 3348 Cyrillo
1533 3327 1545 3344 ,
1570 3303 1736 3340 manifeste
1756 3314 1838 3346 errat
1850 3331 1857 3339 .
1884 3306 1962 3340 Fuit
1975 3318 2030 3349 pa·

1155 3404 1287 3440 uodales
1306 3405 1422 3451 Legati
1454 3405 1675 3450 persuaserunt
1700 3405 1853 3447 universo
1878 3405 2029 3448 Palatio,

1879 3463 1977 3497 atque

1150 2952 1284 2988 modurn
1295 2967 1307 2987 .·
1333 2957 1399 2998 Ego
1409 2966 1474 2988 eum
1488 2979 1499 2994 ,
1525 2953 1693 2998 quispatils
1704 2954 1851 2996 menstruor
1863 2979 1874 2994 ‚
1901 2954 1952 2989 hoc
1966 2954 2004 2996 est
2015 2979 2029 2998 ,
2050 2980 2108 3015 Lib·
2123 2992 2147 3012 Ι.

1151 3104 1326 3149 Virginem
1337 3103 1476 3138 omnino
1493 3104 1623 3148 negavit
1637 3103 1722 3138 Dei·
1735 3116 1842 3148 param
1856 3130 1864 3137 .
1892 3105 2027 3140 Etenim
2047 3098 2120 3136 ρειΡ·
2139 3108 2165 3128 ²·

1153 3354 1216 3389 lam
1231 3354 1398 3397 imperitus
1410 3365 1514 3389 rerum
1526 3353 1689 3389 Nestorii.
1714 3353 1778 3394 Ista
1791 3355 1891 3400 igitur
1901 3357 1959 3390 tria
1973 3356 2030 3397 Sy·
2049 3360 2104 3392 Lib.
2116 3372 2143 3398 7·
