2320 3730
107 241 167 273 Lib·
197 251 211 277 7
240 251 329 277 tum,
358 238 466 276 Etilla
477 238 594 273 eodem
608 239 709 273 modo
722 239 888 273 intellexit
908 248 1006 281 atque
1019 247 1115 280 expo-

108 407 175 444 Cr,
196 412 222 442 3
239 391 393 429 verendtff
393 402 459 422 mus
480 391 575 430 1bas,
603 402 668 423 cum
681 392 808 432 Joanne
832 388 1007 422 Antiocheno
1018 384 1119 426 Ephe-

176 850 181 858 '
216 850 223 858 ⁴
240 848 337 875 ximos
361 839 440 882 hosce
461 841 527 871 dies
554 839 814 878 Reverendiffimus
841 837 1007 880 Episcopus
1029 836 1122 876 cyril·

231 1186 320 1222 lem.
351 1189 395 1222 Et
417 1189 531 1222 omnia
543 1189 664 1223 lbianae
677 1189 831 1232 Epistola:
841 1189 1038 1231 exemplaria
1050 1189 1125 1222 sunt

626 157 942 210 Seuerus,
979 164 1040 196 ET
1076 152 1271 197 Nous
1309 162 1700 193 ILLUSTRATAE.

240 294 303 326 suit
320 291 385 333 ipse
406 290 485 324 ite‘m
498 290 688 326 Facundus:
718 295 795 322 Cum
813 290 874 331 post
896 291 1117 326 damnationem

240 339 323 383 ipfius
345 339 473 380 Nestorii
496 340 666 373 Orientales
694 339 860 384 Episcopi,
877 349 968 381 atque
990 335 1049 379 ipse
1061 339 1117 368 Re-

233 437 302 482 sum
321 446 537 481 pervenirent,
563 441 601 473 de
622 446 658 473 C
659 442 773 481 zpitulis
793 448 913 472 tantum
924 440 1017 470 Beati
1027 437 1119 473 cyril-

238 491 282 530 li,
309 492 387 532 quod
395 491 567 532 ibifuermt
573 491 759 532 approbata,
780 488 920 530 conquesti
930 486 1028 529 sunt,
1047 484 1120 527 ficut

237 553 332 573 eorum
346 543 462 582 Scripta
474 542 626 573 declarant
638 566 648 580 ,
675 539 753 572 nibil
763 548 862 571 autem
875 540 910 569 de
923 537 1053 577 Nestorii
1065 537 1120 568 da·

238 598 388 623 mnatione
408 589 536 632 causati.
566 592 608 624 Et
621 590 685 623 haec
698 588 813 631 probat
834 600 875 621 ex
891 587 1043 630 Epistolae
1054 596 1120 618 ver-

240 640 287 674 bis
305 653 311 672 z
342 640 406 678 Post
420 642 492 672 duos
508 649 604 674 autem
617 641 680 672 dies
697 639 879 679 depositionis
902 640 967 679 ejus
981 641 1119 669 venimus

240 689 392 733 Ephesum
406 716 411 720 .
441 692 487 724 At
506 691 583 724 vero
595 689 695 722 in'sua
707 688 746 721 ad
761 688 924 731 Ioannem
939 684 1122 720 Antioche·

240 751 342 779 num,
369 742 447 774 fasta
471 743 503 773 in
517 741 585 782 ipso
608 739 675 781 ejus
692 740 852 782 ingressu,
879 736 1054 771 Relatione
1075 734 1123 769 di-

239 791 289 825 xit
312 792 434 825 Comes
444 788 688 823 Candidianus:
718 793 795 820 Cum
817 797 890 821 ante
900 792 1030 834 quinque
1056 794 1122 828 pro-

241 894 312 929 lus,
337 893 434 931 &qui
457 900 522 921 cum
541 888 604 932 ipso
623 888 715 932 sunt,
739 894 773 925 in
784 888 894 922 Sanc‘la
915 885 1041 928 Ecclesia
1059 897 1123 919 con-

240 938 402 981 veniffent.
432 939 476 972 Et
499 940 657 972 consonat
678 939 778 982 plenae
788 938 915 982 Synodi
939 938 979 971 ad
994 937 1124 970 Princi·

238 1001 314 1037 pem
327 989 460 1023 Relatio
473 989 650 1022 transmissa
674 1000 726 1031 per
739 988 924 1022 Palladium
937 987 1121 1032 Magistria·

239 1051 340 1073 num·
362 1043 393 1084 J
397 1050 507 1072 oannes
529 1041 558 1071 5.
571 1040 714 1077 synodum
731 1038 794 1080 post
817 1043 976 1071 terminum
993 1036 1122 1077 &vestra

240 1089 396 1131 Maiestate
414 1088 615 1130 praestitutum
625 1097 682 1130 per
703 1089 768 1121 dies
794 1094 905 1132 viginti
930 1090 964 1122 (Ὗ
977 1099 1066 1120 unum
1076 1086 1124 1130 su·

234 1136 374 1182 spensam
398 1144 494 1172 tenuit
514 1164 521 1170 .
552 1139 749 1181 Respondeo
768 1140 832 1173 esse
854 1138 981 1172 nodum
1006 1138 1126 1172 diffici-

239 1239 382 1272 invicem
409 1240 554 1272 consona
580 1263 587 1270 .
614 1238 758 1272 Proinde
782 1250 847 1283 ego
875 1237 964 1271 aliud
993 1237 1126 1276 nescio,

239 1299 339 1332 quam
362 1289 451 1330 quo'd
472 1288 565 1327 lbas,
593 1299 672 1321 tunc
694 1287 801 1322 adhuc
824 1285 1023 1330 Presbyter,
1050 1297 1126 1320 cum

239 1339 351 1372 nescio
371 1338 490 1382 quibus
508 1338 659 1383 Collegis
675 1338 758 1372 alios
784 1339 973 1382 praevenerit
987 1362 994 1369 .
1021 1337 1126 1382 Igitur

241 1389 384 1431 Ioannes
394 1389 514 1431 quinto
525 1388 596 1430 post
609 1389 802 1422 damnatum
816 1387 1022 1428 Nestorium,
1037 1388 1127 1432 vige-

240 1438 323 1472 fimo
345 1439 482 1481 septimo
493 1437 645 1482 Juniidie
667 1437 800 1472 advenit
813 1436 1000 1481 Ephesum,
1028 1448 1127 1482 atque

240 1489 288 1522 ita
300 1486 481 1521 Antiochia
493 1487 639 1521 exiverat
650 1488 703 1521 die
714 1488 841 1522 decima
863 1489 953 1521 sexta
967 1512 977 1528 ‚
1003 1498 1059 1522 aut
1073 1487 1131 1522 de·

240 1538 326 1572 eima
345 1537 481 1580 septima
501 1537 587 1570 Maii
610 1563 617 1568 .
646 1536 790 1571 Proinde
815 1548 883 1571 non
906 1537 1011 1571 solum
1034 1537 1102 1581 ipse
1117 1561 1128 1578 ‚

241 1588 297 1622 sed
316 1588 476 1621 &omnes
496 1586 564 1630 ejus
575 1587 731 1630 Episcopi
758 1597 934 1631 potuerunt
956 1586 1129 1621 Paschales

242 1639 386 1677 Ostavas
409 1648 504 1681 agere
528 1637 562 1670 in
586 1638 651 1671 suis
674 1638 843 1672 Ecclefiis.
873 1637 1047 1684 Qidquid
1072 1638 1132 1682 sit,

241 1687 328 1723 hanc
346 1688 507 1721 rationem
534 1688 676 1731 Joannes
700 1687 1030 1732 nusquam'adduxit.
1059 1688 1127 1721 Un-

243 1737 284 1772 de
293 1738 395 1781 ipsam
410 1736 567 1782 Evagrius
577 1738 735 1782 acceperit
748 1763 758 1779 ,
786 1740 907 1783 ignoro
919 1763 926 1770 .

292 1788 360 1823 Res
373 1787 551 1831 plurimum
563 1789 746 1822 elucidatur
757 1801 796 1822 ex
813 1789 929 1823 litteris
943 1812 953 1827 ‚
980 1799 1058 1832 quas
1078 1789 1131 1832 Jo-

242 1849 344 1873 annes
355 1850 395 1872 ex
406 1838 522 1871 itinere
537 1838 657 1881 scripsit
669 1839 708 1873 ad
721 1841 874 1873 Sanstum
888 1838 1056 1881 Cyrillurn
1069 1863 1079 1878 ‚
1096 1838 1129 1871 δε

243 1899 324 1931 quas
335 1888 483 1930 Cyrillus
494 1889 629 1921 inseruit
642 1890 701 1920 suo
714 1888 959 1930 Apologetico:
988 1892 1061 1919 Non
1072 1898 1131 1918 me-

246 1939 381 1974 diocriter
392 1948 437 1968 me
447 1941 532 1980 angit
544 1959 555 1975 ,
582 1937 664 1977 quod
676 1947 741 1968 cum
751 1939 770 1968 5
772 1937 905 1968 anastas
921 1935 1018 1974 vestra
1029 1934 1132 1976 Ephe·

240 1984 309 2028 sum
320 1986 479 2017 advenerit
506 2008 517 2023 ,
539 1990 628 2024 pauci
648 1986 742 2025 plane
763 1985 813 2016 bic
827 1989 944 2017 itineris
968 1986 1033 2017 dies
1056 1984 1131 2015 mihi

239 2031 300 2077 ’,ἤην
310 2035 416 2076 reliqui
429 2058 436 2065 .
465 2032 644 2075 Defiderium
657 2040 737 2066 enim
747 2042 807 2067 tuae
818 2036 837 2066 5
839 2034 995 2071 anditum
1012 2044 1057 2066 me
1069 2046 1130 2065 ma-

242 2091 292 2130 gis
303 2093 387 2127 urget
400 2108 411 2123 ,
437 2089 536 2116 utiter
546 2083 596 2117 hoc
606 2084 737 2118 celeriter
757 2082 933 2126 absolvam,
960 2095 1053 2127 quam
1068 2084 1131 2116 ulla

240 2132 310 2168 'alia
325 2135 470 2174 neceffitas
483 2157 490 2164 .
517 2138 580 2166 Ora
600 2139 712 2178 igitur,
742 2137 888 2174 Domine,
916 2144 950 2170 ut
970 2133 1023 2167 hos
1045 2139 1131 2176 quin-

245 2195 303 2226 que
328 2193 381 2217 aut
399 2183 456 2227 sex
470 2184 534 2217 dies
548 2184 631 2217 nobis
651 2183 777 2226 refiduos
795 2182 858 2225 fine
877 2184 1005 2226 molestia
1030 2182 1130 2225 tranfi-

244 2247 352 2278 gamus
374 2258 385 2274 ,
411 2234 645 2276 occurrentesque
672 2233 792 2277 sacrum
818 2235 903 2267 nobis
928 2239 1133 2276 Divinumque

248 2289 350 2326 Caput
361 2294 443 2316 tuum
454 2284 693 2326 complec‘lamur.
720 2284 850 2329 Integra
866 2285 1015 2329 Epistola
1027 2283 1130 2318 exstat

247 2335 283 2367 in
308 2334 410 2378 prima
424 2345 511 2376 parte
531 2333 685 2378 Ephefini
705 2335 876 2375 concilii,
904 2336 938 2370 &
956 2334 1129 2379 adjungit:

246 2385 383 2417 Tandem
403 2384 464 2425 post
485 2386 597 2418 multas
620 2387 796 2418 exantlatas
817 2391 934 2419 itineris
962 2384 1104 2424 molestias
1119 2407 1130 2424 ,

248 2434 424 2466 Sanclitatis
437 2442 497 2466 tuae
509 2434 646 2474 precibus
664 2436 788 2474 adjutus
799 2459 809 2473 ,
834 2434 1027 2475 praeforibus
1041 2432 1109 2478 sum
1124 2458 1130 2464 .

250 2487 337 2515 Nam
349 2487 477 2524 triginta
489 2490 562 2513 totos
577 2483 641 2514 dies
653 2506 663 2521 ,
689 2491 730 2515 tot
744 2488 822 2514 enim
827 2481 923 2525 spatii
944 2483 1131 2523 intercapedo

246 2531 396 2574 postulat,
422 2536 477 2562 iter
500 2529 588 2572 usque
599 2531 683 2571 facio
704 2555 714 2570 ,
742 2531 819 2563 nihil
836 2533 1000 2574 quidquam
1022 2536 1130 2573 quietis

248 2581 322 2614 mihi
330 2580 451 2622 prorsus
464 2581 621 2622 indulgens
638 2605 647 2620 ,
675 2582 774 2613 multis
787 2587 909 2621 interim
922 2580 1075 2623 Episcopis
1100 2580 1134 2613 ob
1150 2587 1156 2620 1

249 2636 369 2665 itineris
390 2631 593 2672 difficultatem
613 2636 753 2673 graviter
777 2629 922 2671 affflc'ffi,
948 2641 1040 2673 neque
1057 2638 1133 2672 pau-

248 2687 290 2715 cis
303 2684 444 2717 iumentis
458 2681 494 2713 ob
503 2687 671 2718 continuum
681 2679 872 2722 profec‘lt'onis
885 2681 1013 2714 laborem
1037 2685 1134 2714 emine

248 2732 324 2764 c‘lis.
352 2732 439 2777 Qae
461 2732 577 2764 omnia
589 2742 629 2763 an
655 2742 725 2764 vera
740 2731 802 2764 sint
815 2755 825 2770 ,
852 2731 945 2764 novit
964 2732 1133 2765 Dominus

249 2782 358 2815 Deus.
382 2781 481 2813 Certe
502 2781 567 2822 jam
586 2780 694 2814 statim
716 2781 848 2814 Sanstus
865 2781 1016 2823 Cyrillus
1038 2780 1134 2816 nobis

250 2830 508 2865 constantissime
522 2831 628 2864 edixit
640 2831 798 2873 Joannem
813 2831 919 2864 studio
948 2832 981 2865 &
1003 2841 1070 2865 arte
1082 2842 1135 2874 per

249 2882 336 2915 viam
359 2881 528 2914 haefitaffe.
557 2880 677 2924 Cyrilli
700 2881 904 2924 Rescriptum
931 2881 1046 2925 periit,
1067 2881 1134 2924 ejus

249 2942 359 2965 tamen
373 2931 583 2964 substantiam
597 2931 752 2965 habemus
763 2932 781 2965 a
795 2933 920 2976 Joanne
940 2933 974 2965 in
990 2932 1134 2967 Relatio-

250 2994 293 3015 ne
314 2982 353 3015 ad
367 2981 558 3024 Principem
578 2980 617 3014 de
646 2983 710 3014 suis
732 2983 816 3024 apud
833 2981 996 3026 Ephesum
1019 2980 1132 3017 Actis:

253 3032 313 3063 Sed
335 3034 368 3064 (9
383 3030 442 3073 ipsc
455 3042 566 3073 quoque
585 3034 708 3070 Cyrillus
722 3034 944 3066 Alexandrinus
967 3033 1056 3066 biduo
1079 3044 1133 3065 an-

255 3082 286 3113 Ῑέ
308 3080 439 3113 habitum
463 3082 501 3114 ab
518 3083 567 3114 illo
578 3080 739 3125 Confessum
759 3084 844 3115 illum
865 3081 1023 3126 scripserat
1035 3084 1133 3116 adme

256 3130 464 3163 Antiochenam
486 3129 664 3173 Episcopum
692 3157 702 3171 ,
737 3135 818 3175 quod
842 3132 983 3176 universa
1005 3134 1131 3171 synodus

255 3190 349 3212 mcum
368 3180 533 3214 adventum
549 3181 765 3222 praestolaretur
787 3209 794 3216 .
831 3184 875 3218 Et
897 3185 931 3218 in
955 3183 1132 3218 Relatione

255 3229 297 3263 ad
321 3229 491 3273 Reginas:
519 3233 661 3272 cyrillus,
687 3245 754 3267 cum
777 3233 859 3266 nobis
879 3233 912 3278 se
932 3234 1056 3274 nostrum
1078 3235 1134 3267 ad-

256 3279 727 3325 ventumpraestolariscrspfiffet‚
757 3285 943 3327 aedidicisset
965 3285 1060 3317 tridui
1086 3288 1133 3320 iti-

254 3340 325 3363 nere
348 3341 400 3362 nos
420 3330 547 3372 abesse,
587 3339 733 3369 tyrannico
755 3332 890 3379 Conseffu
915 3334 1064 3374 constituto
1087 3345 1133 3367 res

250 3378 415 3423 flagitiosas
428 3378 515 3423 ausus
528 3380 584 3420 est.
612 3381 755 3420 Proinde
767 3384 899 3419 Sanetus
912 3384 1058 3427 Cyrillus
1081 3384 1134 3418 de-

256 3439 396 3466 creverat
422 3442 460 3465 ac
480 3431 668 3475 promiserat
685 3434 860 3477 exspectare
884 3435 1045 3479 Ioannem
1065 3458 1076 3477 ,
1102 3434 1136 3469 ὅ(

1176 236 1240 269 sine
1260 235 1331 279 ipso
1353 245 1422 271 non
1436 232 1586 278 pfogredi
1601 258 1608 265 .

1177 285 1216 321 ad
1227 285 1391 334 Joannem
1415 285 1539 318 litteras
1559 283 1741 319 adveniunt
1763 286 1950 324 Alexander
1972 287 2060 330 Apa-

1178 335 1309 370 meensis
1331 361 1342 376 ,

1177 398 1235 429 pus
1247 411 1258 426 ‚
1283 386 1301 419 a
1313 386 1440 430 Joanne
1452 383 1492 419 ad
1505 384 1672 427 Cyrillum
1687 385 1803 428 Legati
1818 409 1828 424 ,
1855 388 1887 420 ὅ(
1906 399 1946 421 ex
1970 387 2061 425 illius

1179 436 1313 470 nomine
1335 435 1423 469 hunc
1445 445 1624 480 rogarunt,
1651 444 1687 468 ut
1710 444 1875 478 pergeret,
1901 437 1990 479 quod
2010 438 2062 481 Jo-

1177 498 1277 521 annes
1288 487 1392 520 adesse
1405 497 1473 519 non
1501 485 1622 524 vellet,
1649 493 1705 518 aut
1728 497 1795 518 non
1809 486 1930 527 posset.
1959 482 2062 521 Haud

1178 537 1277 571 dubie
1298 540 1398 570 eriam
1419 535 1661 581 spoponderunt
1673 535 1853 577 Synodalia
1876 535 1943 578 ejus
1964 535 2063 571 Gesta

1179 587 1247 620 fore
1266 598 1331 620 rata
1357 588 1390 621 ὃς
1403 598 1511 631 grata.

1930 165 1949 204 3
1969 165 1984 194 1

1637 234 1684 268 At
1696 246 1771 271 ecce
1790 235 1861 279 post
1873 234 1947 270 istas
1962 237 2058 282 ipsius

1369 335 1404 369 &
1425 332 1613 368 Alexander
1634 335 1902 377 Hierapolitanos
1930 337 2062 380 Episco-

1214 635 1315 668 Aliae
1335 638 1465 680 insuper
1488 636 1631 670 rationes
1644 635 1812 678 Cyrillum
1835 646 2066 679 permoverunt

1180 685 1218 718 ad
1235 685 1496 728 procedendum.
1525 686 1707 720 Palmarem
1719 687 1819 720 edicit
1831 685 1999 729 Ephesmae
2011 687 2069 728 Sy-

1182 735 1260 768 nodi
1290 735 1328 767 ad
1355 734 1540 778 Principem
1564 737 1696 772 Relatio
1719 749 1726 768 :
1753 740 1830 770 Cum
1853 747 1950 769 omnes
1969 738 2068 776 juxta

1177 784 1378 828 praestitutum
1399 785 1482 815 nobis
1501 794 1664 819 terminum
1686 786 1841 830 Ephesum
1863 787 2039 830 venissemus
2056 810 2068 826 ,

1181 837 1291 868 accidit
1307 844 1341 866 ut
1347 837 1379 878 J
1382 844 1516 873 oannes,
1542 837 1739 877 sancliffimus
1768 836 1956 870 Antiochenae
1970 837 2070 870 Eccle-

1176 885 1228 928 fiae
1249 883 1436 927 Episcopus,
1466 884 1633 916 adventum
1654 885 1739 926 suum
1761 887 1895 927 differret
1917 912 1923 918 .
1953 891 1992 919 At
2017 898 2069 919 nos

1181 941 1300 970 itineris
1312 935 1518 976 difficultatem
1530 934 1690 965 tarditatis
1702 935 1821 976 causam
1833 943 1894 969 rati
1906 961 1916 976 ,
1936 936 2001 978 post
2012 945 2071 969 ter-

1182 991 1295 1020 minum
1307 1009 1317 1024 ,
1344 984 1428 1017 nobis
1442 986 1462 1015 ἃ
1477 983 1574 1023 vestra
1587 981 1744 1022 MaJestate
1752 986 1939 1024 praefinitum
1952 1010 1962 1026 ‚
1989 988 2072 1028 elap-

1179 1036 1248 1080 sum
1271 1034 1437 1074 dtstulimus
1468 1035 1616 1074 sessionem
1642 1034 1687 1065 ad
1708 1040 1780 1066 totos
1801 1031 1953 1075 sexdecim
1979 1037 2043 1069 dies
2065 1061 2073 1069 .

1212 1098 1262 1119 am
1272 1087 1344 1119 vero
1357 1086 1411 1118 alii
1424 1085 1544 1126 quidem
1568 1083 1740 1116 sanctorum
1757 1081 1972 1125 Episcoporum
1989 1085 2073 1127 senio

1184 1135 1305 1178 confhc‘li
1329 1141 1362 1168 in
1383 1145 1489 1168 extera
1510 1140 1626 1178 regione
1654 1138 1766 1166 morari
1790 1145 1847 1166 non
1866 1132 2075 1176 sustinebant,

1186 1188 1241 1220 alii
1254 1184 1384 1228 adversa
1395 1186 1570 1218 valetudine
1581 1190 1614 1216 in
1621 1185 1785 1226 periculum
1795 1190 1869 1217 vitae
1890 1184 2077 1217 adduceban-

1187 1247 1256 1277 tur,
1281 1236 1532 1278 nonnulliquoque
1544 1246 1583 1268 ex
1596 1236 1657 1267 illis
1680 1240 1714 1267 in
1724 1233 1781 1267 bac
1803 1233 1994 1276 Ephesiorum
2015 1238 2077 1267 Me-

1187 1288 1291 1328 tropoli
1311 1287 1389 1318 diem
1412 1295 1580 1318 extremum
1613 1283 1766 1326 obierunt,
1794 1286 1918 1326 quidam
1944 1287 2016 1317 vero
2036 1296 2080 1317 re-

1187 1347 1252 1369 rum
1269 1341 1400 1378 penuria
1421 1335 1566 1376 constric‘li
1592 1345 1643 1367 nos
1662 1337 1808 1368 adeuntes
1830 1335 1973 1374 instanter
2000 1346 2080 1378 urge·

1189 1387 1264 1420 bant
1283 1411 1293 1427 ,
1319 1396 1354 1420 ut
1372 1397 1441 1418 mox
1463 1384 1670 1421 inchoaremus
1700 1387 1885 1418 audientiam
1907 1411 1913 1417 .
1942 1385 2079 1432 Qintae

1191 1436 1343 1471 Astionis
1366 1435 1406 1470 ad
1429 1435 1619 1480 Principem
1645 1434 1781 1469 Relatio
1794 1434 1891 1469 docet
1917 1436 1952 1469 δι’
1979 1436 2079 1470 aliam

1189 1488 1340 1522 causam:
1369 1490 1416 1519 Et
1438 1485 1500 1529 ipse
1523 1497 1635 1529 quoque
1648 1485 1839 1520 Antiochenae
1858 1485 1991 1526 Ecclefiae
2006 1488 2081 1526 Epi-

1184 1537 1288 1581 scopus
1299 1545 1420 1579 propter
1442 1536 1654 1570 cunctationem
1664 1534 1773 1578 suam,
1793 1533 1865 1577 ficut
1887 1547 1925 1568 ex
1947 1546 2083 1577 quorum-

1190 1590 1263 1620 dam
1274 1599 1387 1621 rumore
1398 1592 1564 1629 accepimus
1576 1611 1586 1626 ‚
1612 1585 1762 1620 metuebat
1787 1595 1823 1617 ne
1842 1594 1906 1617 reus
1925 1594 2060 1627 ageretur
2074 1608 2082 1615 .

1190 1637 1381 1672 lstiusmodi
1394 1638 1496 1681 igitur
1509 1636 1652 1670 rationes
1664 1634 1831 1677 Cyrillum
1854 1642 2085 1678 permoverunt

1190 1688 1230 1721 ad
1244 1686 1518 1728 acquiescendum
1530 1685 1668 1729 Joannis
1681 1685 1859 1730 Legationi
1887 1695 1924 1718 ac
1937 1684 2086 1718 Postula-

1191 1748 1233 1771 τις
1257 1763 1263 1770 .
1292 1736 1440 1771 Proinde
1460 1736 1617 1770 adunavit
1643 1736 1839 1779 Synodum,
1866 1735 1899 1768 &
1916 1734 2087 1768 damnavit

1191 1788 1401 1823 Nestorium.
1438 1787 1508 1821 Die
1521 1786 1829 1832 vigesimasecunda
1848 1784 1936 1828 Junii
1950 1810 1960 1825 ‚
1985 1795 2086 1828 quam

1190 1838 1272 1872 dicit
1286 1838 1450 1872 decimam
1464 1838 1589 1871 sextam
1602 1837 1674 1880 post
1686 1835 1904 1870 Pentecosten
1919 1860 1930 1875 ‚
1957 1836 1974 1868 ὲ
1995 1835 2088 1868 Prin-

1191 1887 1264 1929 cipe
1286 1887 1449 1929 praefixam
1475 1885 1668 1918 Conventui
1683 1908 1690 1916 .
1717 1885 1854 1918 Praefixa
1864 1894 1931 1919 erat
1951 1884 2022 1917 dies
2045 1885 2088 1917 se-

1193 1936 1295 1979 ptima
1330 1934 1440 1976 Junii.
1469 1932 1617 1967 Proinde
1637 1934 1673 1967 in
1692 1935 1750 1971 suo
1772 1944 1931 1976 computu
1959 1933 2087 1967 inclusit

1191 1982 1278 2017 diem
1293 1984 1436 2025 primum
1463 1982 1498 2016 &
1510 1990 1692 2016 extremum
1705 2005 1712 2013 .
1741 1982 1981 2016 intermediant·
1996 1983 2087 2021 enim

1193 2032 1252 2069 soli
1276 2032 1346 2065 dies
1369 2030 1620 2074 quatuordecim
1634 2055 1642 2063 .
1668 2031 1718 2065 lta
1741 2031 1873 2065 Sanctus
1887 2030 2088 2073 Matthaeus,

1190 2082 1371 2120 &Sanstus
1383 2081 1539 2121 Marcus,
1564 2081 1644 2114 dum
1670 2080 1712 2114 de
1737 2082 1880 2115 Domini
1895 2082 2090 2127 Transfigu-

1191 2133 1321 2168 ratione
1334 2141 1439 2177 agunt
1451 2155 1462 2171 ,
1489 2132 1606 2166 dicunt
1626 2143 1633 2164 :
1659 2131 1724 2171 Post
1732 2130 1788 2175 sex
1801 2133 1865 2166 dies
1877 2157 1884 2165 .
1912 2132 1961 2168 At
1971 2135 2047 2168 vero
2057 2135 2087 2167 S.

1192 2184 1318 2218 Lucas.
1348 2182 1412 2223 Post
1424 2182 1485 2215 ocio
1498 2183 1561 2216 dies
1573 2207 1580 2215 .

1245 2233 1478 2267 Nihilominus
1489 2243 1604 2266 contra
1617 2231 1821 2275 justiffimum
1843 2234 1952 2268 Sancti
1969 2234 2087 2277 Cyrilli

1195 2284 1376 2327 processum
1406 2282 1515 2326 plures
1536 2282 1690 2326 Episcopi
1712 2284 1844 2317 fuerunt
1857 2284 2088 2318 solemnissime

1195 2333 1362 2377 protestati
1386 2357 1398 2373 ,
1424 2332 1610 2377 flagitantes
1631 2334 1805 2374 exspectari
1830 2334 1991 2377 Joannem
2015 2361 2025 2374 ‚
2052 2336 2087 2369 &

1194 2385 1296 2427 usque
1312 2383 1351 2417 ad
1363 2383 1432 2426 ejus
1445 2384 1624 2417 adventum
1636 2383 1756 2417 differri
1779 2384 1953 2428 Synodum
1971 2411 1977 2418 .
2006 2385 2087 2418 1³1-ae-

1197 2434 1305 2467 sertim
1330 2433 1421 2473 quod
1435 2432 1492 2466 ille
1504 2433 1635 2474 Cyrillo
1645 2433 1710 2475 jam
1725 2434 1889 2477 scripsisset
1908 2437 1939 2468 se
1951 2448 2018 2469 non
2032 2436 2087 2468 ab·

1196 2482 1259 2517 esse
1273 2479 1332 2514 nifi
1358 2478 1398 2513 ad
1411 2480 1574 2513 triduum.
1604 2482 1684 2514 Huc
1705 2483 1806 2522 usque
1829 2485 1982 2516 novimus
2006 2485 2088 2518 simi-

1197 2532 1260 2565 lem
1274 2529 1543 2573 protestationem
1558 2530 1652 2573 ipfius
1664 2531 1808 2564 Nestorii
1822 2556 1828 2563 .
1859 2533 1994 2566 Etenim
2016 2535 2088 2568 suas

1195 2581 1236 2615 ad
1251 2579 1440 2622 Principem
1451 2588 1567 2613 contra
1581 2580 1672 2613 suam
1683 2579 1885 2623 Synodalem
1904 2582 2089 2617 damnatio-

1197 2642 1272 2665 nem
1285 2629 1510 2673 querimonias
1522 2629 1564 2662 sic
1578 2628 1695 2672 incipit
1707 2642 1719 2662 .-
1746 2630 1795 2662 Ad
1806 2629 1996 2672 Ephesiorum
2013 2638 2088 2668 civi-

1195 2690 1288 2714 tatem
1302 2682 1321 2713 ἃ
1333 2682 1451 2713 Pietate
1462 2678 1559 2717 vestra
1572 2685 1723 2713 convocati
1737 2704 1748 2720 ,
1774 2686 1851 2715 citra
1860 2682 1952 2714 ullam
1969 2684 2088 2717 cunc‘la-

1193 2738 1303 2766 tionem
1315 2742 1366 2763 nos
1378 2734 1409 2764 eo
1422 2730 1602 2763 contulitnus
1619 2755 1625 2762 .
1654 2732 1722 2763 Piis
1735 2739 1834 2763 autem
1844 2733 1957 2765 litteris
1979 2733 2087 2773 vestris·

1195 2793 1304 2815 morem
1322 2789 1464 2825 gerentes
1486 2781 1633 2814 voluimus
1650 2780 1840 2822 pitffimorum
1875 2782 2087 2825 Episcoporum

1198 2833 1399 2874 undecumque
1409 2835 1619 2870 venientium,
1642 2834 1793 2873 praecipue
1811 2835 1882 2865 vero
1904 2845 2022 2876 magnae
2044 2839 2086 2868 ci-

1195 2887 1304 2916 vitatis
1318 2881 1508 2914 antiochena
1529 2879 1695 2923 Episcopi,
1721 2883 1931 2924 cumpiiffimis·
1949 2883 2084 2926 ejusdem

1197 2933 1431 2974 Metropolitanis
1442 2929 1618 2974 Epiftopis‚
1644 2941 1870 2975 caeterorumque
1891 2938 1947 2975 qui·
1967 2945 2006 2967 ex
2019 2937 2085 2967 Ita-

1196 2983 1238 3015 lia
1263 2984 1298 3016 Θ·
1319 2984 1418 3016 sicilia
1437 2980 1686 3026 exspedabantur
1710 3006 1721 3023 ,
1749 2984 1918 3016 adventum
1943 2989 2053 3025 operiri
2070 3008 2084 3025 ,

1195 3042 1285 3076 atque
1311 3039 1355 3065 ita
1378 3043 1557 3066 communem
1576 3038 1704 3066 omnium
1725 3031 1886 3077 Confessum
1909 3033 2058 3074 instituere
2073 3060 2081 3066 .

1197 3084 1239 3117 Et
1249 3081 1327 3117 huic
1339 3082 1508 3117 Relationi
1531 3081 1645 3117 decem
1655 3092 1767 3127 praeter
1787 3083 1980 3118 Nestorium
2002 3084 2083 3127 Epi-

1195 3134 1287 3177 scopi
1308 3133 1581 3177 subscripserunt.
1608 3133 1688 3167 Huc
1710 3134 1809 3177 usque
1828 3134 1906 3167 item
1927 3135 2082 3168 novimus

1197 3185 1335 3218 similem
1373 3183 1638 3228 protestationem
1675 3183 1817 3218 Comitis
1856 3183 2082 3224 candidiani,

1195 3246 1293 3278 quem
1314 3231 1525 3268 Theodosius
1537 3234 1681 3268 servandi
1698 3233 1822 3268 ordinis
1832 3234 2002 3269 custodem
2025 3235 2081 3278 Sy-

1199 3285 1289 3319 nodo
1301 3283 1432 3318 dederat
1444 3309 1451 3317 .
1481 3283 1612 3317 Etenim
1624 3285 1725 3327 prima
1736 3285 1770 3318 &
1780 3284 1932 3328 primaria
1945 3310 1955 3325 ,
1982 3294 2082 3326 quam

1198 3333 1239 3369 de
1263 3334 1391 3377 Cyrillo
1413 3335 1453 3368 ad
1476 3335 1651 3379 ingressum
1674 3335 1834 3378 Joannem
1858 3335 1945 3369 idem
1959 3335 2082 3368 Comes

1201 3385 1300 3424 fecit,
1327 3385 1530 3428 querimonia
1557 3386 1621 3419 fuit
1645 3384 1734 3419 haec:
1760 3388 1838 3419 Cum
1861 3394 1931 3419 ante
1952 3390 2082 3426 quinque

1198 3439 1349 3482 proximos
1361 3433 1440 3478 hosce
1450 3435 1515 3469 dies
1527 3436 1790 3475 Reverendiffimus
1804 3434 1969 3477 Episcopus
1993 3432 2085 3474 cyril*

1963 3482 2010 3516 lus
2023 3506 2035 3523 ‚
