2320 3730
612 178 939 233 Sucnotus,
969 191 1030 222 ET
1065 175 1256 223 Nous
1292 188 1686 228 utus-tantm.

281 263 431 331 'pacem
465 258 773 330 conscripserat
807 299 821 312 .
868 261 952 313 Sed
987 263 1099 312 hanc

229 355 237 360 ··
281 331 612 395 obJeestationem
624 331 830 385 serotinus
840 342 884 388 δι
898 334 1095 384 novellus

285 418 403 451 error
413 399 438 451 a
451 404 592 453 veteri
605 418 827 456 mutuatus
839 408 911 466 est,
926 404 1097 459 Adver-

282 469 490 523 sariorum
507 473 754 525 testimonia
765 475 899 541 digna
913 475 998 526 fide
1032 476 1101 525 di-

216 558 218 560 ’
280 541 423 594 cendo
441 580 455 594 .
491 548 590 609 Ego
622 560 769 596 autem
804 550 973 618 Scripta
1008 546 1099 597 haec

214 613 223 680 ‘p
281 613 412 664 tanto
427 616 474 664 in
489 615 642 666 melius
655 618 914 684 accipienda
940 615 1102 686 perspi-

282 686 355 734 cio
368 721 382 744 ‚
418 685 590 753 quanto
610 686 881 739 Theodoreti
917 688 1100 757 probare

283 769 546 822 potuerunt.
585 758 712 807 Licet
724 759 771 808 in
782 760 844 809 eis
871 760 947 809 illa
959 761 1101 810 inten-

283 826 408 875 tione
419 863 434 886 ‚
467 842 603 893 quarn
613 825 763 879 videre
797 847 886 881 non
913 830 1068 881 volunt
1086 863 1101 888 ,

216 898 218 901 '
280 893 380 962 post
394 896 597 948 Ecclefiae
609 915 664 948 ex
674 914 799 966 parte
815 901 1101 950 unitionem

279 963 337 1015 de
349 968 476 1015 Beati
490 969 651 1034 Cyrilli
667 971 812 1017 Dictis
824 969 1075 1023 destruere„
1085 1006 1098 1029 ‚

277 1037 486 1097 &injuria
495 1034 751 1086 damnatum
762 1037 964 1090 videatur
973 1037 1100 1089 dixis-

279 1100 323 1152 se
338 1101 590 1153 Nestorium
606 1141 620 1153 .
660 1107 781 1156 Tota
803 1126 994 1176 namque
1031 1112 1099 1159 in-

279 1174 425 1222 tentio
459 1191 543 1243 pro
577 1175 794 1227 charitate
815 1215 830 1240 ‚
866 1178 1098 1230 secundum

276 1246 426 1292 Deum
438 1279 452 1303 ‚
487 1248 791 1311 proximorum
827 1247 948 1299 fuiffe
971 1267 1099 1300 mon-

276 1311 446 1363 stratur.
484 1318 568 1365 Per
581 1316 664 1366 hoc
677 1315 814 1368 solum
829 1317 1000 1371 suadere
1015 1320 1099 1370 stu-

277 1380 376 1433 duit
389 1420 404 1444 ,
427 1400 477 1435 ut
490 1384 547 1434 ad
559 1387 758 1438 Ecclefiae
772 1390 932 1440 Christi
946 1408 1100 1460 pacem

277 1453 454 1503 trahens
489 1458 692 1507 Orientis
706 1458 945 1530 Episcopos
957 1498 971 1523 ,
1006 1462 1101 1510 nul-

278 1524 370 1573 lum
385 1524 490 1574 foris
512 1526 570 1576 ab
581 1545 633 1578 ea
646 1545 814 1578 aeternae
838 1531 1099 1580 tradendum

276 1592 518 1659 perditioni
531 1597 810 1664 relinqueret.
848 1600 983 1670 Qod
998 1618 1101 1650 tunc

278 1664 344 1712 eis
355 1664 483 1714 aliter
496 1663 670 1717 suadere
693 1686 784 1718 non
798 1686 971 1737 poterat
985 1708 998 1731 ‚
1023 1671 1101 1721 nifi

277 1734 387 1784 talia
399 1736 574 1785 interim
589 1737 718 1787 verba
731 1739 945 1791 misceret.
960 1746 1101 1810 Q‘ip-

271 1803 335 1872 pe
348 1804 528 1872 quando
563 1811 605 1856 &
619 1808 710 1877 ipse
721 1814 1100 1878 SanetusJoannes

213 1871 220 1930 'p
279 1876 587 1926 Antiochenus
602 1880 757 1929 Praesul
783 1899 882 1931 cum
897 1882 1100 1933 adunatis

278 1943 359 1993 fibi
373 1946 694 2018 Co-Episcopis
706 1951 789 2001 suis
800 1989 814 2014 ‚
850 1952 897 2002 id
910 1954 973 2004 est
983 1991 997 2016 ,
1010 1973 1101 2005 ma-

281 2033 372 2077 gno
384 2017 463 2066 illo
477 2022 584 2068 Sene
597 2023 771 2072 Acacio
781 2024 1047 2083 Berrhaeenfi‚
1058 2029 1101 2072 δε

279 2086 422 2134 Paulo
456 2087 668 2138 Emeseno
681 2126 694 2150 ‚
732 2096 775 2140 &
811 2094 909 2140 aliis
921 2129 935 2154 ,
971 2093 1101 2141 simili

277 2153 372 2203 haec
406 2157 654 2207 intentione
689 2161 906 2210 tolerabat
930 2197 944 2209 .
986 2165 1101 2226 Quis

279 2225 415 2285 igitur
427 2224 484 2272 fic
520 2227 830 2275 malevolentia
865 2246 1011 2277 coecus
1025 2230 1102 2289 fit,

278 2309 416 2360 quem
429 2291 486 2341 ad
498 2294 658 2343 malam
672 2294 957 2364 suspicionem
975 2295 1103 2346 sola..

280 2362 373 2411 haec
388 2365 522 2428 Didia
534 2365 751 2415 inclinent
766 2403 780 2426 ,
794 2371 837 2416 &
851 2385 941 2417 non
953 2367 1102 2436 potius

280 2430 339 2480 ad
353 2431 460 2481 boni
473 2433 686 2502 propofiti
698 2434 955 2504 effestusque
970 2439 1103 2487 intel-

278 2502 439 2557 lectum
453 2504 629 2553 trahant
641 2505 661 2553 ἒ
698 2507 790 2573 Qi
801 2506 930 2571 longe
943 2507 1102 2558 clarius

280 2572 488 2623 meliores
498 2574 698 2636 existunt,
712 2578 924 2642 quoniam
937 2593 1008 2628 tot
1021 2582 1102 2628 Pa-

278 2640 412 2692 stores
434 2645 480 2693 &
493 2644 646 2693 Plebes
658 2645 925 2697 abstulerunt
937 2648 1098 2698 Nesto-

278 2713 348 2761 rio
360 2748 373 2772 ‚
392 2715 436 2761 &
448 2713 651 2764 Ecclefiae
662 2714 943 2782 reddiderunt
959 2721 1102 2769 unita-

280 2783 335 2831 ti.
351 2785 474 2830 Nam
489 2782 649 2835 frustus
662 2785 816 2838 horum
831 2791 1099 2858 Scriptorum

280 2852 350 2902 illi
384 2853 594 2903 nimirum
628 2854 754 2920 sunt,
787 2877 898 2928 quos
911 2861 1099 2924 legemus

279 2921 379 2990 post
392 2925 615 2990 paululum
628 2963 642 2988 ,
653 2944 742 2977 uno
757 2926 907 2996 spiritu
919 2930 1097 2981 damna-

283 2995 345 3041 tis
379 2994 594 3047 erroribus
608 3033 621 3045 .
657 2996 735 3047 Ad
748 3000 867 3066 quod
902 3002 982 3052 nisi
1017 3004 1095 3052 tali

279 3060 602 3129 dispensatione
636 3067 815 3135 perduci
849 3089 938 3122 non
973 3089 1099 3141 pote-

279 3147 399 3181 rant.
443 3135 702 3189 Intellexiffe
716 3140 821 3190 vero
837 3159 913 3200 eos
929 3143 1096 3206 integre

279 3201 552 3254 Theodoreti
588 3208 878 3261 intentionem
908 3249 923 3273 ,
969 3218 1012 3263 &
1047 3230 1099 3263 ex

280 3270 373 3339 ipsa
380 3275 499 3325 circa
509 3273 641 3325 fidem
652 3279 847 3330 Nestorii
860 3286 904 3332 &
914 3289 1006 3350 ejus
1019 3283 1095 3333 ad-

1880 199 1906 243 '3
1918 198 1975 242 23

1231 258 1459 311 Nestorius
1469 262 1649 311 unitivae
1661 267 1821 332 Cyrilli
1834 266 1891 317 ad
1902 273 2047 334 Joan-

1233 347 1336 380 nem
1351 330 1553 399 Epistolae
1566 329 1699 396 fidem
1714 335 1934 388 clariffime
1961 342 2045 390 im-

1233 404 1350 469 piam
1361 400 1652 453 demonstrare
1675 401 1872 465 festinat,
1908 425 2046 459 eam..

1235 471 1537 523 Theodoretus
1550 472 1882 524 constantiffirne
1895 475 2047 528 affeve-

1233 558 1303 592 rat
1319 543 1607 594 orthodoxam
1620 580 1633 592 .
1670 547 1729 595 Et
1764 543 1931 615 insuper
1957 548 2049 615 post

1234 614 1345 663 tales
1375 614 1431 663 ad
1460 614 1501 665 se
1513 615 1708 665 Nestorii
1737 616 1904 666 litteras
1916 653 1929 677 ‚
1966 617 2049 666 hoc

1234 681 1352 732 idem
1366 683 1566 735 faciendo
1579 685 1762 754 persistit
1773 723 1788 747 ‚
1825 685 1881 735 ad
1902 688 2052 736 Hella-

1237 751 1358 802 dium
1371 757 1761 823 Metropolitanum
1786 756 2053 824 Episcopum

1237 824 1285 872 in
1302 821 1374 872 sua
1386 825 1597 893 Epistola.
1605 825 1756 876 dicens
1772 847 1783 877 :
1820 833 1977 875 Memor
2005 828 2054 893 cst

1237 910 1363 940 autem
1377 895 1571 943 SanHitas
1583 911 1651 943 tua
1661 932 1674 956 ‚
1712 901 1800 963 quia
1814 902 1872 944 (9
1893 896 1920 947 ιὶ
1943 902 2053 967 prin-

1235 966 1329 1032 cipio
1340 962 1590 1013 orthodoxam
1624 963 1685 1030 effi
1719 966 1803 1014 dixi
1818 966 2056 1037 Epistolam.)

1237 1050 1316 1099 quae
1329 1034 1379 1081 ab
1394 1038 1578 1104 AEgypto
1588 1034 1728 1081 direbia
1740 1036 1814 1084 eff.
1842 1042 1898 1084 Et
1911 1036 2056 1085 nullam

1236 1106 1337 1150 circa
1349 1122 1432 1151 eam
1446 1103 1678 1169 quandolibet
1692 1101 1808 1152 habui
1818 1103 2056 1170 discordiam.

1239 1172 1379 1242 Qod
1394 1174 1434 1223 ei
1446 1174 1520 1223 ille
1532 1172 1798 1236 Alexander,
1815 1177 1892 1240 qui
1907 1173 1964 1222 ab
1976 1175 2059 1224 hoc

1241 1244 1337 1310 ipso
1350 1248 1509 1294 Irenaeo
1523 1263 1600 1312 per
1624 1247 1773 1294 omnia
1811 1243 1941 1295 valde
1969 1246 2060 1295 lau-

1239 1313 1369 1363 datur
1384 1351 1397 1375 ‚
1433 1317 1480 1364 in
1493 1315 1686 1385 Epistola
1700 1351 1712 1375 ‚
1749 1332 1884 1383 quam
1897 1314 2060 1384 supra-2

1236 1383 1471 1453 posuimus,
1486 1388 1752 1455 improperat
1764 1386 1938 1436 dicens:
1953 1391 2061 1453 Non

1240 1454 1333 1504 verb
1345 1460 1501 1503 miretur
1516 1457 1754 1524 Religiosttas
1771 1474 1838 1504 tua
1849 1494 1863 1518 ,
1900 1456 1996 1524 quod
2018 1472 2059 1503 tu

1237 1526 1385 1592 quidem
1387 1526 1539 1591 scribas
1550 1526 1620 1575 illa
1638 1565 1651 1588 ,
1690 1532 1751 1595 qui
1778 1533 1811 1573 C
1799 1526 1967 1591 yrillum
1986 1544 2060 1595 pu·-

1238 1612 1300 1643 tas
1324 1594 1573 1644 orthodoxum
1600 1619 1614 1655 3
1651 1618 1714 1664 ego
1738 1595 1829 1644 vero
1856 1597 1956 1657 iffa,
1997 1600 2060 1663 qui

1237 1671 1270 1713 C
1258 1666 1424 1731 yrillum
1438 1664 1550 1714 habeo
1565 1666 1773 1714 haercticum
1787 1703 1801 1715 .
1841 1671 1954 1736 Quae
1965 1684 2059 1715 om-

1238 1739 1311 1786 nia
1329 1735 1577 1786 evidentius
1594 1738 1796 1796 elucent,
1824 1736 1857 1785 fi
1877 1738 2061 1805 Scriptis

1239 1808 1307 1855 his
1323 1807 1591 1857 Theodoreti
1605 1808 1682 1856 illa
1695 1806 1889 1857 Nestorii
1908 1806 2061 1858 confe-

1188 1908 1203 1927 2
1238 1894 1402 1928 ramus.

1368 2063 1861 2111 SenotroN.

1171 2202 1384 2285 CYrillus
1406 2204 1589 2239 Adanenfis
1603 2229 1614 2245 ‚
1642 2208 1678 2239 in
1696 2208 1802 2250 prima
1836 2209 1958 2244 Cilicia
1980 2211 2058 2254 Epi·

1282 2253 1487 2296 scopus‚cum
1500 2254 1627 2297 Joanne
1638 2254 1826 2291 Patriarcha
1835 2260 1939 2294 fuerat
1952 2258 2058 2303 Ephe-

1167 2302 1211 2343 fi,
1236 2301 1436 2336 &omnibus
1456 2302 1525 2346 ejus
1543 2304 1635 2338 Astis
1657 2316 1848 2349 cooperatus
1865 2309 2057 2353 subscripse-

1167 2359 1232 2384 rat.
1259 2351 1398 2386 Praesens
1420 2352 1566 2396 Epistola
1587 2355 1730 2390 ostendit
1751 2358 1845 2392 fuiffe
1868 2360 1973 2393 virum
1997 2359 2053 2395 bo-

1167 2412 1267 2442 num,
1292 2411 1472 2436 amatorem
1495 2404 1638 2439 veritatis
1658 2418 1697 2440 ac
1720 2408 1808 2450 pacis
1829 2433 1837 2441 .
1863 2408 1926 2443 Per
1948 2410 2052 2454 ipsam

1168 2452 1285 2496 repetit
1299 2451 1353 2486 illa
1365 2455 1478 2487 omnia
1489 2478 1501 2495 ,
1528 2465 1600 2498 quae
1612 2466 1666 2499 per
1679 2457 1912 2501 praecedentem
1926 2460 2054 2502 scripse-

1166 2511 1214 2536 rat
1230 2500 1270 2535 ad
1280 2501 1490 2537 Helladium.
1517 2504 1676 2541 Notanda
1699 2508 1773 2542 sunt
1787 2507 1915 2543 Verba:
1942 2512 2051 2553 ,Quan-

1166 2552 1322 2595 doquidem
1344 2563 1398 2587 nec
1419 2556 1485 2594 eJ'us
1501 2553 1674 2597 confi-untia
1695 2559 1869 2592 vulneretur
1894 2584 1902 2591 .
1931 2559 2049 2595 Osten-

1166 2601 1251 2636 dunt
1275 2602 1520 2638 lamentandam
1540 2603 1690 2640 humanae
1720 2618 1844 2642 naturae
1861 2610 2023 2645 miseriam
2037 2634 2051 2651 ,

1165 2663 1208 2686 ex
1227 2664 1292 2696 qua
1313 2663 1419 2689 tantas
1442 2654 1641 2689 incurrimus
1661 2658 1784 2692 mentis
1805 2659 1955 2693 tenebras
1976 2684 1987 2701 ‚
2012 2670 2050 2695 ut

1166 2702 1248 2737 tanti
1263 2702 1321 2736 viri
1332 2726 1343 2742 ‚
1367 2703 1448 2738 dum
1462 2704 1503 2738 ad
1513 2703 1719 2741 Orthodoxae
1730 2707 1874 2742 veritatis
1895 2719 1933 2743 ac
1945 2710 2050 2744 unita-

1164 2753 1208 2787 tis
1228 2755 1390 2797 gremium
1414 2754 1664 2797 invitabantur,
1690 2756 1897 2793 crederentse
1910 2760 2047 2803 propelli

1163 2803 1204 2837 ad
1218 2803 1453 2839 vulnerandam
1475 2806 1565 2840 suam
1581 2807 1817 2842 conscientiam
1829 2833 1836 2840 .
1864 2808 1909 2842 Et
1929 2820 1969 2842 ex
1980 2809 2049 2851 qui-

1164 2852 1225 2887 bus
1237 2853 1379 2888 tenebris
1395 2853 1606 2891 orthodoxis
1626 2856 1843 2891 orthodoxos
1865 2858 2046 2902 Episcopus

1162 2904 1244 2936 velut
1264 2909 1298 2939 in
1312 2904 1453 2939 noevum
1468 2914 1572 2951 pugna
1595 2906 1811 2946 mordebant,
1836 2906 2022 2943 lacerabant
2034 2932 2046 2950 ‚

1161 2953 1417 2990 consumebant.
1446 2957 1491 2991 Et
1513 2957 1592 2990 tales
1605 2956 1752 2990 tenebras
1767 2982 1778 2998 ‚
1804 2957 1947 3001 taliaque
1958 2969 2047 2993 tene-

1163 3001 1292 3040 brutum
1303 3016 1402 3049 opera
1413 3007 1560 3041 videmus
1568 3018 1605 3039 ac
1619 3006 1734 3041 flemus
1743 3008 1842 3042 etiam
1860 3005 1963 3043 hodie
1974 3032 1983 3040 .

1211 3053 1366 3098 Adjuncti
1379 3056 1506 3092 Scholii
1518 3054 1649 3091 Author
1659 3058 1722 3091 fuit
1735 3057 1904 3101 imperitus
1913 3084 1920 3091 .
1950 3058 2044 3094 Errat

1163 3104 1292 3148 primo,
1314 3107 1405 3150 quod
1429 3106 1552 3140 Comes
1574 3107 1710 3141 lrenaeus
1734 3108 1831 3142 fuerit
1845 3110 2043 3150 conversus,

1161 3154 1194 3188 &
1208 3154 1373 3199 Ecclefiae,
1403 3156 1593 3191 Nestorium
1616 3168 1654 3191 ac
1674 3157 1744 3200 ejus
1756 3157 1891 3202 Dogma
1910 3157 2044 3195 anathe-

1162 3205 1329 3240 matizanti
1343 3230 1356 3247 ‚
1379 3206 1510 3241 tandem
1528 3208 1783 3241 communicarit
1805 3233 1812 3240 .
1843 3208 1887 3243 Et
1907 3209 2041 3251 quidem

1160 3263 1236 3289 ante
1258 3256 1506 3300 Episcopatum.
1532 3256 1707 3300 Secundo,
1734 3257 1823 3299 quod
1847 3260 1881 3293 in
1908 3269 2041 3294 conver-

1160 3303 1257 3339 sionis
1277 3306 1503 3341 testimonium
1525 3318 1565 3341 ac
1583 3306 1764 3342 mercedem
1791 3307 1829 3341 fit
1851 3309 2039 3347 {Domum

279 3343 481 3397 verfitate
498 3345 794 3411 cognoscitur,
832 3354 954 3403 Nam
988 3353 1092 3406 dum
1160 3353 1374 3393 Antiocheno
1395 3356 1608 3410 patriarcha,
1633 3359 1838 3394 consecratus
1861 3360 1895 3394 in
1908 3359 2038 3391 Metro-

1907 3407 1989 3452 poli-
