2320 3730
358 159 395 204 1‘3
406 152 465 190 1⁷6

289 227 417 264 Ovium
441 224 645 268 relictorem,
670 235 709 262 ut
731 236 789 263 aut
808 227 971 272 Imperiali
990 223 1183 262 necessitate}

285 275 465 320 compellar
488 300 500 317 ,
525 286 581 312 aut
602 277 643 312 ab
668 277 821 315 universo
846 278 1063 311 consonanter
1095 264 1182 312 meo}
1208 278 1211 293 ³

284 326 575 372 Gregerepudiet„
592 329 717 377 ,Qaeso
732 329 854 371 igitur,
880 331 916 357 ut
929 322 995 356 haec
1007 324 1074 367 ipsa
1087 322 1181 366 apud‘
1208 323 1211 371 j

283 384 318 410 te
328 377 429 415 etiam
440 377 506 421 ipse
516 377 691 413 confirmes
702 374 717 416 ’,
743 376 845 408 &aut
856 372 1021 416 publicam
1044 373 1181 425 neceffi·3

281 434 403 471 tatem,
430 437 487 465 aut
499 428 731 465 refutationem
750 423 799 459 tui
815 422 921 458 Castri
934 422 1089 463 sustineas
1099 446 1107 454 .

478 582 976 627 SCHOLION·

709 141 1047 190 VARIORUM
1083 140 1338 188 Paruum
1371 138 1699 204 EmsroLAE,

1240 221 1460 263 servaverint,
1477 210 1522 261 v&
1536 237 1605 260 non
1627 229 1722 274 primi
1748 228 1889 267 aliorum
1911 230 2059 269 Diabolo
2079 235 2125 269 se-

1238 272 1393 326 metipsos
1412 273 1600 313 addiderint
1615 299 1623 308 ·
1649 279 1713 326 Sed
1728 281 1866 329 ³quidem
1886 284 1966 327 quid
1990 282 2047 317 alii
2073 294 2123 318 ve·

1238 321 1419 365 lint-,·nos
1440 324 1582 368 satagere
1595 326 1670 361 non
1688 327 1836 370 oportet.
1863 331 1953 368 Nam
1976 334 2012 369 δε
2034 331 2122 379 ptius

1209 380 1211 383 ’
1236 372 1430 409 mandantes
1439 397 1451 414 ,
1476 373 1499 407 fi
1510 383 1639 421 oportet
1650 374 1750 421 dirigi
1758 387 1811 411 eas
1820 402 1832 418 ‚
1864 390 1933 425 quae
1941 383 2094 418 dicuntur
2108 407 2120 426 ,

1177 431 1181 450 ;
1206 443 1208 462 :
1237 422 1487 469 Benedistiones
1496 450 1506 467 ‚
1534 437 1681 472 annon,
1708 427 1744 464 δε
1753 438 1794 461 ex
1803 438 1875 464 mea
1897 432 2052 469 sententia
2064 445 2120 470 coa

1206 492 1209 509 ι
1235 474 1434 518 gnoscentes
1444 487 1513 510 non
1526 475 1628 511 modo
1639 487 1693 511 eas
1705 476 1805 523 dirigi
1817 489 1885 513 non
1903 479 2018 516 debere
2027 508 2039 525 ,
2065 485 2119 520 sed

1236 534 1297 562 uec
1315 523 1356 559 ab
1371 525 1545 571 eissuscipi
1556 523 1700 569 litteras,
1727 528 1843 563 omnia
1863 531 2025 566 contraria
2035 543 2120 576 pere·

1233 584 1371 618 gerunt.
1401 576 1456 611 De
1475 587 1531 613 rne
1547 586 1658 614 autem
1679 578 1831 620 noverit,
1857 580 1936 618 Deo
1957 580 2119 619 Amiciffi-

1233 634 1286 661 me
1307 626 1459 661 Domine
1483 627 1551 668 mi,
1576 628 1667 677 quod
1688 640 1729 662 ex
1742 641 1809 674 quo
1829 631 1974 675 cognovi
2000 633 2118 670 fastam

1232 684 1308 709 cum
1321 675 1429 721 Impio
1442 677 1572 722 Cyrillo
1593 679 1863 722 conjunctionem
1885 680 1927 716 ab
1939 680 2119 720 Antioche-

276 723 488 809 EPistolae
514 722 703 770 Epigraphe
723 724 925 763 demonstrat
949 725 1104 763 omnibus
1116 724 1168 765 his
1232 735 1301 766 no,
1327 727 1565 764 semeltantnm
1578 742 1633 775 per
1646 730 1904 775 Magistrianum
1917 731 2038 768 litteras
2049 734 2120 780 ejus

382 773 576 809 Rebellibus
591 775 867 820 Episcopisfuiffe
881 778 1077 812 mandatum
1089 799 1102 817 ‚
1128 787 1165 811 ut

272 824 393 868 Joanni
407 823 600 860 Patriarchae
612 824 838 864 obedientiam
850 851 861 868 ‚
887 839 924 861 ac
946 828 988 865 de
999 828 1165 866 transactis

272 873 516 911 Poenitentiam
547 877 717 920 professuti
743 878 932 914 accederent
953 877 1164 923 personaliter

272 923 522 968 Antiochiam,
548 937 605 962 aut
629 927 648 963 ὲ
672 927 738 962 suis
759 927 896 965 Sedibus
914 940 951 963 ac
965 928 1066 968 Locis
1092 940 1162 972 pro-

270 974 470 1019 pellerentur
481 977 515 1013 in
528 987 721 1025 perpetuum
731 978 868 1013 exilium
879 1004 890 1020 ,
912 979 1076 1023 accepturi
1088 980 1163 1012 Suc-

270 1025 429 1065 cefforem
450 1051 458 1059 .
484 1026 598 1062 Docet
609 1028 826 1066 Barbaliffum
849 1029 882 1062 in
896 1028 1046 1067 Romani
1058 1027 1162 1069 Impev

268 1075 313 1109 rii
336 1076 457 1113 notitia
477 1077 574 1116 fuisse
596 1089 666 1116 non
692 1079 882 1118 civitatem,
908 1078 965 1114 sed
989 1077 1161 1122 Castrum,

267 1124 413 1169 ideoque
434 1137 550 1160 contra
565 1127 741 1165 Canones,
769 1126 881 1159 nescio
901 1137 943 1160 ex
956 1136 1020 1169 qua
1040 1126 1137 1164 causa
1149 1151 1160 1173 ‚

267 1172 416 1213 habuisse
430 1175 632 1218 Episcopum
644 1199 652 1213 ,
677 1175 784 1219 Igitur
796 1174 949 1213 Vicarius
965 1175 1085 1215 Titus,
1102 1178 1160 1211 mi·

268 1224 434 1261 (eratione
445 1223 583 1266 duetus,
614 1235 683 1262 non
695 1226 751 1269 ipsi
765 1225 903 1263 Acilino
915 1251 926 1266 ,
955 1227 1009 1264 sed
1020 1227 1089 1271 ejus
1098 1226 1159 1265 Po·

267 1272 349 1316 pulo
365 1272 544 1316 injunxerit
555 1298 567 1316 ,
596 1284 632 1313 ut
645 1275 740 1310 illum
752 1277 792 1310 ad
803 1276 973 1320 justiffimo
985 1274 1158 1321 Principis,

265 1323 373 1358 immo
385 1324 451 1363 Dei
462 1325 591 1366 Patris,
618 1337 656 1363 ac
678 1326 828 1365 Ecclefiae
851 1328 972 1364 Matris
995 1328 1157 1366 Mandato

265 1374 448 1420 parendum
472 1375 666 1412 inducerent
688 1401 699 1419 ,
725 1388 782 1412 aut
803 1376 844 1415 de
859 1378 976 1418 Castro
1000 1378 1157 1424 propelle-

264 1432 356 1458 rent.
386 1426 431 1463 Et
453 1427 792 1471 populusestfunerus
811 1429 946 1463 officio.
974 1428 1068 1466 Hinc
1081 1427 1158 1462 Aci-

263 1473 354 1508 linus
364 1476 538 1519 cespitavit
550 1501 561 1518 ,
586 1478 622 1513 δε
635 1477 865 1517 Alexandrum
878 1479 970 1512 suum
988 1479 1157 1522 Metropo-

262 1523 358 1559 litam
370 1525 405 1559 ἀ
421 1525 588 1565 Faffionis
600 1527 791 1572 Principem
802 1529 968 1567 consuluit
981 1554 989 1567 .,
1014 1528 1157 1563 Praesens

263 1572 414 1617 Epistola
425 1577 472 1611 est
485 1575 672 1619 Alexandri
688 1578 906 1624 Responsum,
936 1578 1157 1625 Ambiguum,

264 1623 298 1662 δε
312 1622 399 1660 nihil
423 1625 605 1666 definiens,
1052 1627 1056 1630 ’

499 1831 771 1883 CAPUT
804 1835 942 1885 CLV.
991 1848 1149 1898 0243

261 1972 412 2025 Epistola
436 1997 448 2015 ,
478 1973 601 2023 inquit
624 1999 636 2018 ,
673 1974 806 2013 Meletii
835 1974 880 2011 ad
908 1979 976 2014 Deo
1004 1969 1158 2026 ,Amicijl

310 2027 442 2080 fimum
487 2025 692 2077 Episcopum
729 2030 977 2070 Alexandrum
1007 2056 1018 2074 ³
1057 2042 1156 2079 quam

312 2082 449 2137 scripfit
488 2079 672 2134 cognoſsem
699 2111 711 2130 2
746 2085 834 2137 quod
868 2084 943 2136 post
981 2088 1156 2125 introitum

319 2149 388 2183 Deo
426 2137 635 2191 Amiciffimi
679 2139 836 2191 Epifiopi
887 2141 1083 2181 Theodoreti
1120 2145 1157 2182 in

322 2198 543 2240 „Antiochiam
571 2201 724 2233 commoti
742 2197 858 2235 Cilices
887 2197 927 2234 de
955 2196 1052 2234 rebus
1073 2206 1157 2248 pro-

318 2253 436 2307 pofitis
467 2248 602 2303 diversit
632 2253 814 2294 traftarent
831 2282 840 2293 .

324 2350 344 2365 ⁸
968 2348 970 2350 ,

355 2372 437 2408 Lare
463 2375 554 2409 Deus
575 2383 640 2409 tuae
664 2373 786 2408 revelat
808 2373 996 2413 Sanffltati‚
1026 2373 1061 2410 &
1085 2385 1153 2408 non

380 2424 464 2459 nulli
477 2423 675 2460 abscondere
688 2424 806 2459 volunt
817 2449 827 2465 ,
855 2423 945 2470 quod
957 2434 1073 2460 omnes
1084 2435 1155 2467 quae

266 2477 323 2512 sua
345 2476 419 2510 sunt
442 2486 587 2517 quaerunt
599 2499 611 2515 ,
641 2486 710 2509 non
731 2486 800 2520 quae
811 2474 882 2518 Jesu
906 2473 1030 2509 Christi
1045 2498 1052 2506 .
1077 2475 1153 2519 Ego

269 2536 379 2561 autem
393 2525 660 2570 promistionibus
671 2526 804 2561 credens
816 2535 928 2560 eorum
942 2549 952 2566 ,
978 2524 1035 2569 qui
1056 2524 1123 2559 haec
1135 2525 1153 2559 a

270 2586 327 2612 tua
339 2577 539 2620 percunctati
551 2577 626 2611 sunt
638 2576 813 2609 Sanctitate
822 2599 832 2614 ,
860 2575 895 2608 id
906 2575 950 2608 est
962 2597 972 2612 ‚
999 2583 1153 2609 utrumne

269 2635 437 2670 oporteret
449 2625 584 2659 scribere
595 2649 605 2665 ,
634 2636 676 2658 an
689 2623 827 2661 minime
841 2649 848 2656 .
879 2624 982 2658 Erant
1001 2624 1091 2658 enim
1104 2625 1151 2660 ni-

270 2676 334 2712 mii
348 2698 360 2716 ,
385 2684 423 2709 ut
445 2675 480 2710 δε
490 2676 553 2709 effe
563 2674 716 2709 videntur
728 2698 739 2714 ,
767 2686 824 2717 pro
836 2674 956 2717 pietate
978 2676 1091 2709 omnia
1101 2685 1157 2719 ge-

271 2736 343 2761 rere
353 2724 597 2769 promittentes.
627 2724 681 2758 Sic
694 2724 870 2767 praesumpfi
883 2733 945 2758 tuae
956 2724 1078 2768 pridem
1090 2726 1159 2759 scri-

273 2776 351 2811 bere
374 2773 565 2814 Sanctitati,
591 2783 628 2807 ut
652 2774 789 2817 minime
810 2774 977 2818 pigritares
996 2775 1096 2819 usque
1118 2775 1159 2810 ad

273 2835 338 2861 nos
356 2824 418 2859 iter
440 2821 596 2858 affumere
608 2847 617 2857 .
643 2822 767 2858 Nescio
779 2835 885 2859 autem
900 2824 1071 2868 quomodo
1083 2838 1160 2860 con-

274 2886 325 2911 tra
338 2873 435 2909 verba
446 2873 574 2917 propria
585 2873 754 2908 venientes
763 2896 774 2913 ,
801 2874 837 2908 in
850 2874 942 2910 rebus
952 2876 1020 2910 alio
1035 2885 1159 2920 tempo-

275 2936 311 2960 re
321 2924 402 2961 alias
413 2922 507 2959 nobis
520 2924 641 2959 formas
651 2923 829 2959 ostendunt
839 2948 850 2965 ‚
870 2924 1161 2967 perturbationem·

277 2987 340 3021 que
349 2974 464 3010 animae
475 2999 483 3008 .
510 2973 548 3009 Id
558 2974 603 3008 est
616 2998 627 3015 ‚
654 2974 689 3008 in
704 2972 755 3008 his
769 2998 780 3015 ‚
805 2984 875 3017 quae
887 2974 933 3008 eis
946 2986 986 3007 ex
998 2977 1162 3012 neceffita·

277 3037 311 3061 te
325 3025 534 3070 placuerant.
560 3023 695 3072 Qippe
714 3034 771 3068 per
792 3023 850 3059 ista
862 3023 1097 3066 monstrantes,
1127 3027 1161 3063 ὅ(

279 3087 367 3110 nunc
377 3074 510 3118 quidem
531 3074 590 3110 ista
613 3075 871 3120 interrogantes,
899 3085 987 3110 nunc
1010 3075 1086 3109 vero
1097 3076 1161 3111 alia

281 3134 522 3168 proponenteS‚
547 3130 621 3169 quia
639 3124 765 3159 nullam
791 3124 999 3161 stabilitatem
1020 3127 1082 3159 suae
1095 3127 1161 3160 sen-

279 3174 389 3208 tentiae
400 3171 541 3211 habent:
568 3175 660 3212 Sicut
681 3175 800 3210 deillis
818 3174 1013 3210 animalibus
1037 3175 1137 3210 fertur
1150 3201 1161 3216 ,

280 3221 370 3268 quod
389 3224 423 3257 in
434 3223 583 3267 adspectu
609 3227 815 3262 cernentium
824 3225 974 3261 colorum
992 3225 1161 3261 varietates

280 3270 389 3309 flabit&
411 3283 557 3308 mutent.
585 3274 630 3308 Et
648 3273 775 3310 videtur
795 3274 903 3316 mihi,
927 3273 1015 3319 quod
1035 3286 1160 3311 eostoe-

279 3322 381 3366 fleat,
403 3321 494 3368 quod
524 3323 557 3358 ἀ
579 3324 681 3367 usque
706 3325 747 3360 ad
767 3327 901 3372 praesens
922 3325 1159 3362 simulationem

1230 777 1363 820 accepi,
1389 788 1469 824 quas
1489 779 1522 814 ὅς
1544 779 1579 814 in
1606 781 1737 816 Lator'rs
1759 782 1877 819 faciem
1900 780 1986 826 jeci,
2013 784 2119 820 itaut

1231 837 1291 860 nec
1314 827 1380 871 ipse
1390 830 1593 872 praesumeret
1615 831 1633 867 ὲ
1647 831 1744 867 nobis
1764 832 1943 877 reciprocas
1963 833 2118 876 poscere,

1230 887 1336 920 neque
1359 878 1416 917 ille
1437 878 1535 918 nobis
1555 880 1690 925 ulterius
1711 882 1835 927 Scripta
1867 882 2115 920 transmitteret.

1225 927 1374 961 Omnem
1385 953 1395 970 ,
1423 940 1496 975 quae
1509 941 1586 966 cum
1598 940 1655 966 tua
1666 931 1890 977 Religiositate
1905 932 1951 968 est
1973 933 2009 970 in
2022 931 2118 968 Chri·

1226 976 1302 1019 sto,
1327 979 1578 1015 Fmrernitatem
1600 993 1664 1026 ego
1681 1007 1692 1023 ,
1719 984 1755 1020 δε
1783 982 1841 1030 qui
1864 994 1997 1022 mecum
2014 984 2116 1026 sunt,

1223 1028 1593 1077 plurimnmsalutamus,
1605 1054 1614 1064 .

1420 1179 1910 1244 Senorrow,

1298 1325 1426 1365 Raesens
1451 1325 1609 1365 Meletius
1628 1328 1674 1362 est
1689 1328 1961 1374 Mopsuestienfis
1981 1329 2115 1374 Episco-

1258 1412 1263 1414 ,
1318 1388 1406 1421 pus,
1433 1378 1580 1414 scelerati
1595 1378 1770 1415 Theodori
1794 1381 1966 1425 proximus
1984 1380 2114 1416 Succes-

1223 1427 1274 1463 sor
1295 1427 1330 1462 &
1356 1428 1520 1467 Sefiator,
1548 1428 1693 1475 itemque
1716 1431 1988 1474 pertinaciffimus
2007 1430 2114 1466 secra·

1222 1487 1274 1513 tor
1287 1477 1435 1514 Nestorii
1446 1502 1455 1513 .
1478 1478 1563 1514 Haec
1576 1479 1644 1523 ejus
1660 1479 1796 1523 epistola
1808 1492 1869 1515 nos
1888 1481 2091 1525 decuplum
2101 1505 2113 1515 .

1225 1526 1341 1561 Primo
1353 1553 1363 1568 ‚
1389 1528 1479 1569 quod
1492 1529 1594 1565 simile
1604 1531 1835 1566 alternativum
1843 1531 2006 1576 Principis
2015 1531 2113 1565 Mam

1220 1577 1335 1615 datum
1346 1578 1385 1610 fit
1396 1578 1518 1614 factum
1540 1589 1579 1613 ac
1588 1578 1780 1614 intimatum
1800 1582 1902 1616 etiam
1914 1581 2113 1616 Theodore-

1220 1637 1258 1663 to
1280 1651 1287 1662 .
1313 1626 1467 1663 Secundo
1490 1651 1501 1667 ,
1527 1628 1618 1674 quod
1641 1627 1878 1666 Theodoretus
1900 1629 1941 1664 ad
1962 1637 2110 1666 mentem

1221 1677 1349 1713 rediens
1382 1676 1546 1712 obedierit
1578 1677 1729 1724 Principi
1754 1703 1765 1719 ,
1803 1679 1965 1722 introierit
1991 1679 2112 1715 Antio-

1220 1726 1353 1768 chiam,
1378 1727 1482 1771 egerit
1503 1737 1580 1777 qum
1602 1728 1729 1774 Joanne
1741 1726 1929 1764 patriarcha
1942 1753 1954 1770 ,
1979 1730 2013 1765 ἀ
2033 1739 2111 1764 cum

1222 1777 1291 1823 ipso
1303 1777 1435 1813 redierit
1447 1778 1481 1813 in
1494 1787 1606 1822 pacem
1624 1777 1824 1825 &gratiam
1851 1778 1994 1820 Tertid,
2018 1777 2110 1824 quod

1222 1825 1289 1860 haec
1298 1826 1368 1869 ejus
1378 1827 1545 1862 conversio
1556 1827 1695 1864 turbarit
1705 1839 1839 1863 ornnem
1849 1828 2036 1866 Secundam
2054 1828 2111 1863 Ci-

1221 1876 1332 1913 liciam
1351 1891 1362 1911 .·
1387 1878 1491 1926 Qod
1517 1877 1623 1921 plures
1645 1878 1734 1913 illius
1756 1879 1937 1924 Episcopus
1955 1879 2110 1925 cespitat«

1223 1929 1335 1963 fecerit
1346 1950 1359 1968 ,
1384 1939 1422 1963 ac
1435 1928 1559 1965 inflecti
1569 1928 1612 1964 ad
1623 1930 1813 1974 amplexum
1825 1930 1931 1974 pacis.
1956 1929 2033 1965 Nec
2052 1929 2111 1964 du,-

1221 1976 1395 2013 bitandurn
1407 1977 1452 2013 est
1463 2003 1475 2018 ,
1500 1979 1581 2024 quin
1592 1979 1707 2015 eadem
1719 1979 1815 2016 Sacra
1825 1979 1988 2024 Principis
2008 1979 2109 2024 Juffio

1220 2039 1277 2069 per
1289 2027 1464 2066 Vicarium
1475 2029 1598 2063 Titum
1608 2031 1709 2065 etiam
1720 2029 1788 2064 illic
1800 2031 1964 2073 publicata
1985 2031 2086 2066 fuerit
2097 2050 2109 2068 ,

1220 2075 1253 2110 &
1270 2076 1421 2109 intimata
1433 2078 1560 2118 cunffls
1571 2077 1724 2112 Ecclefiis
1743 2079 1777 2112 &
1789 2079 1927 2121 Populis
1940 2102 1950 2112 .
1977 2080 2021 2113 Et
2040 2078 2109 2121 ipsa

1220 2122 1308 2159 haud
1329 2123 1429 2162 dubie
1449 2125 1630 2169 plurimum
1655 2125 1797 2169 adjuvit.
1825 2126 1957 2177 Qarto
1983 2151 1995 2168 ,
2019 2126 2136 2172 quod.

1220 2174 1356 2217 quidam
1368 2177 1526 2209 tentarint
1536 2176 1637 2209 etiam
1647 2176 1826 2210 Meletium
1837 2178 2001 2212 inflectere
2047 2177 2112 2214 At-

1220 2233 1330 2259 tamen
1343 2233 1399 2266 per
1410 2233 1529 2268 gyros.
1557 2224 1652 2258 Hinc
1662 2225 1828 2261 suaserunt
1837 2226 1879 2260 ab
1901 2226 1974 2270 ipso
1993 2225 2110 2263 invito·

1219 2273 1246 2306 ri
1261 2272 1488 2308 Alexandrum
1500 2298 1510 2314 ‚
1536 2274 1799 2310 consultaturum
1825 2287 1902 2310 cum
1915 2276 2107 2321 Episcopis.

1220 2321 1264 2356 Et
1286 2323 1502 2367 promiserunt
1528 2324 1767 2359 adventurum.
1793 2324 1837 2360 Et
1851 2324 1918 2360 haec
1930 2326 2108 2367 invitatio,

1218 2372 1296 2406 licet
1320 2372 1476 2409 indirecte*
1500 2384 1538 2410 ac
1555 2384 1757 2416 reverenter,
1785 2376 1823 2409 fit
1840 2386 1899 2421 per
1920 2378 2107 2421 praesentem

1217 2422 1408 2466 epistolam.

1267 2471 1371 2507 Porrd
1397 2473 1557 2510 Meletius
1577 2474 1637 2509 ista
1648 2476 1763 2510 omnia
1785 2476 1968 2521 graviffime
1987 2476 2107 2520 impro-

1218 2522 1273 2558 bat
1282 2547 1292 2558 .
1318 2521 1375 2557 Ad
1386 2524 1461 2559 sana
1474 2524 1608 2560 consilia
1620 2536 1742 2569 pronos
1753 2525 1909 2571 collegas
1918 2526 2055 2563 damnat
2065 2526 2118 2562 de·

1220 2572 1440 2608 inconstantia
1452 2598 1460 2608 .
1486 2574 1640 2611 Affirmat
1651 2575 1714 2610 effe
1725 2577 1906 2611 vertumnia
1929 2576 2083 2611 animalia
2094 2598 2106 2618 ,

1201 2624 1283 2686 'effe
1303 2622 1530 2665 Hypocritas‚
1557 2627 1614 2667 qui
1638 2625 1809 2666 pristinam
1827 2625 2048 2660 constantiam
2067 2625 2106 2660 fi·

1221 2671 1388 2709 mularunt
1410 2695 1422 2713 ,
1448 2672 1484 2707 δε
1503 2671 1568 2715 jam
1589 2672 1631 2707 de
1650 2672 1706 2707 illa
1725 2673 1770 2708 ob
1790 2673 1958 2717 ejectionis
1979 2685 2107 2712 metum

1221 2722 1418 2766 poeniteant.
1449 2721 1493 2757 Et
1505 2722 1536 2756 se
1545 2721 1563 2755 ὲ
1575 2722 1700 2767 Joanne
1712 2724 1806 2758 fuiffe
1819 2723 1891 2767 post
1914 2724 2031 2759 initam
2051 2736 2106 2770 pa·

1221 2784 1291 2807 cem
1305 2770 1388 2807 adeo
1397 2773 1540 2807 aversum
1555 2796 1566 2812 ,
1592 2781 1708 2808 utnon
1723 2773 1781 2808 nifi
1793 2774 1906 2809 unicas
1913 2772 1956 2808 ab
1964 2773 2036 2818 ipso
2047 2786 2105 2810 ac-

1221 2822 1338 2867 ceperit
1351 2822 1492 2857 litteras:
1519 2822 1600 2857 Non
1624 2822 1767 2864 amicas,
1795 2824 1850 2859 sed
1870 2825 2032 2859 minaces:
2059 2825 2105 2861 Ee

1222 2872 1354 2917 quidem
1366 2871 1407 2907 ad
1427 2872 1584 2917 majorem
1598 2883 1750 2908 terrorem
1762 2885 1818 2918 per
1830 2874 2100 2918 Magistrianum,

1224 2925 1267 2958 Et
1279 2922 1451 2969 adjungit:
1477 2925 1567 2967 ,Quas
1589 2926 1624 2958 <9¹
1645 2928 1679 2957 in
1691 2927 1812 2958 Latorls
1829 2923 1943 2965 faciem
1955 2927 2019 2967 sect
2032 2948 2043 2964 ,
2069 2932 2104 2959 ut

1222 2985 1271 3008 nec
1302 2970 1363 3018 ipse
1384 2971 1578 3017 praesumeret
1607 2975 1628 3008 ἃ
1667 2974 1750 3007 nobis
1777 2982 1935 3016 reciprocas
1967 2974 2103 3018 poscere-¹

1223 3023 1320 3068 Apud
1338 3021 1586 3065 Alexandrum,
1614 3025 1710 3071 aquo
1723 3035 1817 3060 norat
1835 3025 1923 3060 idem
1944 3025 2040 3060 fuisse
2060 3025 2104 3058 fa·

1222 3076 1326 3115 Qum,
1354 3073 1512 3120 gloriatur
1530 3076 1572 3111 de
1595 3077 1648 3111 sua
1667 3075 1889 3119 impudentia.
1919 3073 2105 3110 Alexandri
2151 3120 2153 3123 ι

1223 3124 1348 3159 facinus
1362 3125 1453 3168 supra
1467 3126 1668 3162 audivimus.
1698 3123 1800 3161 Porro
1813 3136 1915 3171 quas,
1940 3126 1974 3161 ὃς
1985 3124 2104 3171 quibus

1223 3174 1396 3211 mittendas
1431 3176 1683 3212 Benedictiones
1713 3186 1876 3211 memoret
1913 3176 2072 3210 Meletius
2087 3193 2101 3214 ‚

1224 3236 1291 3259 non
1314 3224 1453 3261 omnino
1472 3227 1559 3261 scio.
1587 3225 1731 3273 Qidam
1754 3226 1873 3273 Joanni
1887 3224 2099 3261 patriarchan-

1223 3275 1316 3318 Lapfi
1342 3275 1495 3319 Episcopi
1527 3277 1682 3313 videntur
1702 3276 1754 3311 illi
1786 3276 1828 3310 ad
1850 3273 2098 3320 recuperandam

1223 3325 1360 3374 gratiam
1391 3325 1558 3364 destinaffe
1580 3352 1592 3372 ‚
1627 3337 1684 3364 aut
1708 3325 1900 3363 destinanda
1921 3320 2100 3365 concel’iffe

1974 3380 2053 3417 quw-
