2320 3730
920 179 1393 222 Eprsrotffi.

239 262 374 303 miani,
398 263 665 296 communionem
686 260 900 296 reddidimus.
928 262 1009 295 Haec
1030 272 1124 296 nam-

244 323 309 355 que
319 311 382 345 illis
400 310 478 345 &in
493 311 651 355 Ephesma
661 312 843 357 Metropoli
858 312 1021 357 proposita
1050 313 1125 346 sunt

243 362 264 396 ἢ
276 360 392 396 εαηᾶο
403 361 575 397 Concilio.

292 408 434 445 Noverit
448 411 524 446 veto
543 413 671 447 &illud
682 412 840 447 Sanctitas
855 421 910 446 tua
921 436 933 452 ,
959 410 1049 457 quod
1070 411 1125 445 in-

245 459 365 494 stiterit
385 462 518 505 quidem
536 464 555 497 a
577 463 737 506 principio
762 461 940 505 plurimum
965 486 976 501 ,
1006 471 1125 505 rogans

247 509 542 547 Reverendiffimus
563 512 741 557 Episcopus
765 512 885 546 Paulus
899 522 956 554 pro
967 508 1018 543 his
1030 533 1040 550 ‚
1066 510 1124 553 qui

247 559 390 604 depositi
414 563 509 596 sunt.-
535 563 694 597 Helladio
705 563 803 604 dico,
828 563 862 596 &
881 559 1064 601 Eutherio,
1091 560 1125 593 ὅτ.

246 610 426 652 Himerio,
452 610 688 647 &Dorotheo.
716 612 759 647 Et
771 611 907 657 rogabat
932 621 1043 644 vacare
1065 621 1127 650 ea,

245 669 318 701 quae
341 660 468 696 decreta
489 664 560 696 sunt
573 663 718 697 similiter
737 663 806 702 eis,
834 660 1033 705 praetendens
1056 671 1124 694 non

246 709 342 743 aliter
353 710 568 746 Ecclefiarum
579 723 691 755 pacem
701 714 789 755 posse
811 710 937 745 definiri
948 735 959 750 ,
988 709 1046 744 nifi
1066 710 1126 743 ad-

246 757 421 802 jicerentur
442 762 475 796 &
490 761 540 795 hi.
572 762 645 806 Ego
658 761 735 796 vero
749 761 840 801 dixi,
866 760 955 804 quod
979 759 1126 802 impoffi—

248 809 349 844 bilem
361 821 428 845 rem
441 821 599 852 tentaret,
625 812 658 846 δε
675 810 867 854 impoffibile
878 809 942 845 hoc
963 811 1039 843 esset
1063 809 1126 843 ob-

247 859 353 893 tineri·
367 870 509 904 unquam
532 861 550 895 ὲ
564 861 676 896 nobis.
704 861 955 896 Permansetunt
977 859 1077 904 igitur
1090 857 1123 889 in

246 918 307 949 eo,
333 919 400 952 quo
423 921 510 944 nunc
535 912 609 949 sunt
627 937 639 953 ,
665 911 778 948 habitu
798 923 806 943 :
835 911 880 944 Et
899 909 991 943 nulla
1013 917 1125 941 eorum

246 958 375 992 mentio
395 959 476 994 facta
490 960 535 995 est
560 962 595 994 in
606 959 897 1004 compositionibus
916 958 957 992 de
971 967 1048 1000 pace
1060 957 1126 990 Ec—

245 1007 408 1042 clefiarum
423 1034 430 1040 .
458 1010 656 1052 Scripserunt
677 1009 754 1043 vero
773 1008 911 1042 eandem
926 1005 1126 1049 Epistolam,

241 1067 342 1098 quam
353 1056 540 1091 direxerunt
549 1056 591 1092 ad
601 1068 654 1091 me
665 1081 677 1097 ,
703 1058 737 1093 &
748 1056 788 1091 ad
800 1055 1070 1101 Religiosiffimos
1094 1056 1127 1089 &

243 1102 460 1139 Sanfflffimos
485 1106 668 1149 Episcopos
690 1131 701 1147 ,
737 1116 806 1141 tam
837 1105 968 1140 Xistum
1004 1117 1130 1151 magnae

243 1152 381 1194 Romae,
411 1154 507 1198 quam
529 1156 820 1190 &Maximianum
835 1157 957 1189 SanCiae
980 1154 1129 1189 Ecclefiae

245 1202 694 1247 Constantinopolitanorum
716 1230 723 1238 .
750 1206 793 1239 Et
813 1204 1024 1239 necessarium
1047 1206 1131 1243 fuit,

244 1263 282 1286 ut
303 1253 345 1287 de
367 1251 418 1287 his
431 1254 592 1289 subtiliter
612 1254 781 1289 doceretur
801 1253 961 1289 Perfestio
983 1265 1062 1295 tua,
1089 1265 1130 1288 ne

243 1301 331 1337 forte
340 1302 520 1347 aliquando
533 1303 751 1350 multiloquiis
763 1304 875 1339 assueti
890 1328 901 1346 ,
913 1305 975 1338 alia
989 1316 1046 1348 pro
1059 1304 1131 1338 aliis

244 1352 465 1394 seminantes,
491 1354 680 1398 perturbent
709 1354 838 1398 aliquos
859 1355 1015 1395 fratrum,
1042 1355 1130 1397 quasi

240 1412 307 1435 nos
316 1413 352 1436 ea
364 1426 375 1442 ,
400 1414 469 1447 quae
491 1404 641 1439 adversus
653 1405 798 1440 Nestorii
812 1403 1026 1449 blasphemias
1038 1404 1130 1448 scrip-

243 1451 340 1485 fimus
352 1476 364 1492 ,
389 1464 581 1500 negaremus
598 1480 606 1488 .

295 1501 413 1537 Direxi
427 1515 532 1539 autem
553 1506 642 1549 paria
654 1505 871 1550 Epistolarum
884 1530 895 1546 ,
920 1514 989 1539 tam
1012 1504 1131 1547 scriptae

242 1550 263 1585 ὶ
276 1561 328 1584 me
337 1551 377 1585 ad
390 1551 705 1589 Reverendiffimum
729 1556 929 1598 Episcopum
946 1553 1133 1588 Antiochiae

242 1600 428 1643 Joannem,
453 1614 552 1645 quam
572 1605 605 1637 &
622 1604 713 1646 ejus,
741 1615 813 1645 quae
823 1604 864 1638 ab
874 1614 914 1637 eo
927 1604 968 1637 ad
989 1614 1042 1637 me
1055 1603 1132 1637 scri-

240 1659 298 1693 pta
311 1650 377 1691 est,
404 1651 714 1689 anathematizando
738 1654 884 1689 Nestorii
906 1651 1107 1697 blaphemias
1121 1677 1131 1694 ,

242 1699 278 1733 cc
296 1701 498 1735 assentiendo
521 1702 588 1743 ejus
604 1703 798 1745 dejectioni,
824 1703 865 1737 ad
887 1703 1130 1737 instructionem

241 1748 407 1794 integram
420 1762 481 1785 tuae
495 1751 709 1786 perfectionis
724 1778 731 1784 .
761 1754 803 1787 Et
817 1753 894 1786 alias
913 1764 1011 1787 nemo
1022 1755 1131 1796 profe-

243 1807 294 1832 rat
304 1810 416 1842 praeter
427 1801 500 1835 istas
521 1802 702 1846 Epistolas.
731 1803 839 1836 Saluta
858 1803 1105 1837 Fraternitatem
1119 1827 1131 1843 ,

242 1858 317 1891 quae
333 1851 417 1893 apud
430 1861 462 1886 te
474 1852 517 1886 est
530 1877 536 1884 .
565 1852 620 1886 Te
631 1876 642 1893 ‚
654 1864 722 1896 quae
732 1853 903 1888 nobiscum
915 1853 972 1892 est,
986 1853 1019 1887 in
1033 1852 1131 1888 Chri·

246 1897 297 1932 sso
319 1900 436 1937 salutat
451 1926 458 1933 .

453 2111 493 2154 C
512 2109 714 2155 APUT
749 2110 899 2157 CCV.
983 2124 1128 2170 --294

347 2241 515 2311 Epistola
549 2241 708 2309 ejusdem
752 2244 803 2289 ad
838 2248 1020 2290 Acacium

475 2310 754 2378 Melitinenfi’m
788 2317 884 2381 Epi-

581 2381 742 2449 scopum
765 2418 777 2430 .

343 2539 615 2576 Everendisfimus
642 2541 677 2575 δε
705 2541 975 2587 Religiosiffimus
996 2540 1124 2576 Diaco-

368 2603 429 2626 nus
446 2591 479 2625 &
499 2591 781 2627 Archi-Mandrita
792 2592 962 2626 Maximus
984 2591 1072 2625 venit
1084 2591 1124 2624 ad

239 2652 312 2676 me.
339 2641 384 2675 Et
403 2640 485 2674 dum
509 2641 584 2675 talis
595 2642 630 2673 sit
642 2641 711 2681 vir,
736 2642 804 2675 vidi
821 2653 897 2676 eum
920 2642 999 2675 ficut
1025 2652 1124 2684 opor-

239 2691 323 2726 tuit.
352 2691 438 2725 Eum
450 2690 507 2733 qui
519 2701 573 2733 per
586 2690 724 2724 multum
737 2701 863 2734 tempus
877 2690 978 2725 videri
1000 2691 1123 2725 defide-

239 2750 328 2775 tatus
338 2764 346 2772 .
376 2740 566 2773 Admiratus
576 2739 652 2773 vero
664 2740 733 2775 sum
743 2742 776 2776 ἀ
786 2742 892 2775 zelum
912 2742 997 2784 ejus,
1027 2741 1061 2774 δε
1073 2751 1123 2773 re—

239 2788 435 2823 stitudinem
447 2813 458 2829 ,
482 2789 517 2822 δε
533 2789 683 2823 aculeum
695 2791 822 2833 pietatis
834 2815 844 2832 ,
870 2802 939 2833 quae
960 2790 994 2824 in
1018 2789 1121 2826 Chri-

239 2839 290 2873 sto
300 2839 365 2873 est.
393 2839 442 2874 Ita
455 2840 547 2875 enim
560 2840 705 2884 cogitat,
729 2841 762 2874 δε
773 2841 900 2884 plenam
920 2840 1002 2875 curis
1021 2839 1119 2874 habet

239 2898 386 2925 mentem
398 2913 409 2929 ,
434 2899 471 2924 ut
482 2890 516 2924 δε
526 2900 660 2924 omnem
674 2888 816 2925 laborem
830 2891 908 2926 velit
919 2891 1053 2925 suaviter
1072 2891 1119 2924 su·

238 2939 359 2975 stinere
372 2964 383 2981 ‚
411 2950 569 2985 quatenus
581 2940 666 2974 mala
678 2939 824 2974 doctrina
836 2941 981 2976 Nestorii
998 2939 1117 2975 radici-

239 2988 293 3023 tus
311 2990 353 3024 ab
374 2991 523 3025 Orientis
545 2990 689 3034 partibus
707 2990 899 3034 exstirpetur
913 3017 920 3023 .
949 2991 1045 3036 Legit
1057 3002 1117 3024 au-

238 3048 306 3073 tem
323 3036 406 3073 mihi
424 3041 459 3074 ἀ
471 3049 531 3074 tuae
542 3039 720 3074 Sanctitatis
740 3040 919 3084 Epistolam
931 3066 941 3082 ,
967 3043 1115 3084 scriptam

237 3086 279 3122 ad
292 3088 605 3124 Reverendiffimum
625 3090 660 3124 &
672 3090 957 3135 Religiosiffimum
980 3091 1116 3135 Episco-

236 3148 317 3180 pum
328 3136 618 3181 Antiochen-orum
629 3141 710 3184 Joan
716 3152 790 3175 nem
801 3166 811 3181 ‚
839 3143 940 3175 multa
953 3141 1071 3176 fidncia
1082 3142 1114 3174 &

237 3187 305 3221 Dei
326 3198 435 3223 amore
454 3189 601 3232 plenam.
628 3190 741 3234 Scripsi
755 3191 883 3225 vertici
903 3192 936 3226 ὅ(
959 3203 1022 3236 ego
1036 3191 1114 3225 tales

237 3235 420 3280 Epistolas.
448 3238 511 3273 Sed
535 3249 570 3274 ut
588 3238 738 3280 videtur,
764 3240 919 3275 deteriora
945 3242 1111 3275 vicerunt.

235 3285 414 3331 Fingentes
427 3288 515 3322 enim
527 3290 559 3323 se
579 3300 617 3324 ea
636 3313 648 3329 ‚
672 3301 742 3332 quae
756 3289 899 3325 Nestorii
912 3292 1006 3331 sunt,
1031 3290 1111 3325 odis

234 3335 269 3371 se
287 3360 300 3380 ,
324 3337 425 3373 altero
444 3338 548 3374 rursus
565 3350 601 3374 ea
617 3338 768 3374 detinent
789 3341 891 3375 modo
912 3364 923 3381 ,
949 3351 1019 3385 quae
1040 3341 1111 3375 sunt

1898 194 1991 240 369

1183 259 1357 295 Theodori
1381 256 1595 301 admirantes,
1620 263 1677 303 qui
1701 262 1785 298 certe
1806 275 1895 309 aequa
1914 289 1925 306 ‚
1951 265 2055 300 immo

1184 310 1289 344 multo
1303 309 1453 344 deteriori
1465 311 1575 353 potius
1588 310 1752 353 impietate
1762 313 1950 359 languebat.
1973 316 2056 349 Non

1184 361 1274 394 enim
1296 358 1498 394 Theodorus
1520 359 1667 394 Nestorii
1689 360 1872 404 Discipulos
1893 364 1976 405 fuit,
2002 365 2054 399 sed

1186 410 1243 444 iste
1266 410 1376 444 illins.-
1405 409 1449 443 Et
1470 410 1545 454 quia
1565 408 1664 444 ambo
1687 410 1773 453 quafi
1794 422 1834 445 ex
1850 424 1918 446 uno
1935 410 1990 447 ore
2003 415 2056 449 lo-

1186 470 1331 504 quuntur
1343 484 1353 499 ‚
1378 469 1476 503 atque
1489 472 1590 495 unum
1604 461 1790 504 conspuunt
1809 462 1884 494 mali
1895 464 2000 497 sensus
2016 477 2057 499 ex

1185 508 1280 544 corde
1298 510 1356 544 suo
1373 519 1555 545 venenum..

1233 559 1431 603 Scripserunt
1446 560 1547 605 igitur
1556 558 1597 593 ad
1610 571 1661 594 me
1672 560 1856 596 Orientales
1865 574 1875 594 .·
1903 564 1992 605 ,Quod
2004 575 2060 596 non

1185 618 1314 651 oporteat
1325 621 1380 650 ea,
1406 610 1552 654 quaesunt
1562 610 1705 643 Theodori
1719 636 1730 651 ‚
1756 609 1889 652 accusare
1906 635 1912 642 .
1940 616 1977 644 Ut
1991 624 2058 653 non,

1186 660 1362 702 inquiunt,
1394 662 1428 693 (st
1451 673 1509 701 ea,
1535 673 1600 703 quae
1617 659 1691 702 sunt
1716 663 1808 694 Beati
1826 660 2004 702 Athanafii‚
2029 665 2062 695 <st

1193 708 1372 750 Theophili,
1402 712 1436 742 (⁹⁴
1462 709 1586 751 Bafili1'‚
1612 712 1647 744 (τ’
1673 714 1806 754 Gregorii
1830 735 1840 752 ,
1866 709 2033 753 accusentur
2058 735 2065 742 .

1188 761 1268 801 ,ρων
1279 765 1357 791 enim
1369 760 1478 793 locutus
1498 760 1536 801 est
1548 761 1712 795 Theodorus
1728 785 1738 800 ,
1762 761 1825 794 baec
1852 763 1886 795 (9
1898 762 1960 794 illi.
1990 760 2065 805 Ego

1191 809 1267 841 vero
1280 808 1338 841 ista
1362 809 1536 845 scribentes
1555 823 1622 845 non
1636 811 1773 854 pertuli,
1800 811 1849 844 sed
1875 811 2067 844 fiducialiter

1189 857 1259 890 dixi
1275 870 1281 888 ι
1310 858 1398 905 Qia
1410 857 1610 895 Theodorus
1621 861 1753 902 quidem
1766 859 1986 904 blasphemam
2007 859 2067 894 ha·-

1190 906 1302 940 buit&
1316 907 1462 951 linguam
1476 934 1486 950 ,
1513 911 1547 944 &
1569 911 1597 944 ei
1620 910 1779 944 calamum
1803 911 2068 952 ministrantem;

1190 956 1238 989 illi
1253 956 1327 989 vero
1340 959 1442 991 totius
1455 960 1672 994 Orthodoxiae
1693 962 1822 995 fuerunt
1835 961 2010 1006 Magistri,
2035 960 2070 993 δε

1189 1006 1519 1040 enitueruntinistis.
1548 1011 1599 1043 Sic
1619 1009 1695 1043 vero
1706 1022 1783 1050 eos,
1814 1012 1868 1053 qui
1892 1012 1932 1045 ab
1945 1011 2069 1044 Orien-

1191 1066 1222 1089 te
1235 1057 1326 1096 sunt,
1356 1056 1556 1097 affecerunt,
1584 1068 1619 1091 ut
1645 1058 1943 1095 &exclamationes
1956 1061 1988 1093 in
2003 1061 2069 1094 Ec-

1190 1105 1290 1140 clefiis
1313 1105 1330 1137 a
1356 1105 1494 1148 Populis
1506 1107 1621 1141 fierent
1634 1120 1644 1139 :
1671 1105 1793 1149 Crescat
1808 1109 1948 1142 Theodori
1964 1109 2041 1150 fides
2062 1135 2070 1142 .

1191 1159 1237 1190 sie
1247 1156 1391 1188 credimus
1406 1179 1417 1195 ,
1430 1154 1501 1196 ficut
1514 1157 1548 1189 (5
1563 1156 1746 1189 Theodorus.
1779 1157 1821 1190 Et
1833 1157 1889 1191 ista
1903 1182 1913 1197 ,
1927 1158 1983 1200 qui
1996 1170 2071 1191 eum

1192 1204 1357 1249 quondam
1379 1204 1540 1248 lapidibus
1560 1206 1706 1240 infestati
1730 1207 1828 1246 sunt,
1857 1208 1891 1240 in
1907 1207 2048 1241 Ecclesia
2061 1231 2072 1248 ,

1191 1267 1261 1299 quae
1274 1254 1359 1298 apud
1370 1265 1424 1288 eos
1436 1254 1480 1289 est
1494 1281 1504 1296 ‚
1530 1255 1624 1290 breve
1637 1255 1761 1300 aliquid
1783 1256 1935 1299 subloqui
1956 1259 2072 1300 praesu-

1192 1312 1354 1338 mentem.
1381 1305 1443 1340 Sed
1471 1305 1547 1340 sicut
1571 1307 1639 1340 vult
1662 1306 1840 1350 Magister,
1870 1307 1915 1340 ita
1935 1307 2014 1350 sapit
2039 1307 2073 1340 ὅ(

1194 1355 1283 1389 Grex
1298 1380 1306 1387 .
1332 1354 1408 1399 Ego
1422 1355 1556 1399 quidem
1566 1367 1625 1390 nec
1638 1356 1747 1399 quievi
1762 1357 1925 1400 increpare
1934 1368 1970 1390 ea
1982 1381 1993 1397 ,
2004 1368 2075 1400 quae

1194 1405 1235 1439 ab
1259 1405 1333 1448 ipsis
1355 1406 1468 1449 scripta
1488 1407 1563 1440 sunt
1580 1431 1591 1447 ‚
1617 1417 1678 1440 nec
1697 1406 1877 1450 quiescam.
1903 1407 2074 1455 Qoniam

1195 1453 1272 1489 vero
1292 1456 1460 1498 oportuit,
1488 1455 1576 1491 velut
1599 1457 1877 1491 contradictiones
1899 1457 1935 1491 in
1947 1457 2074 1500 Scripto

1194 1504 1279 1548 apud
1291 1516 1346 1538 eos
1358 1506 1478 1548 essent,
1505 1506 1679 1541 intendens
1689 1506 1723 1540 in
1737 1506 1913 1541 Theodori
1938 1507 1972 1540 &
1987 1507 2074 1541 Dio-

1194 1554 1266 1588 dori
1281 1553 1480 1597 Codicibus,
1508 1557 1565 1599 qui
1579 1556 1768 1600 scripserunt
1783 1567 1850 1591 non
1869 1555 1908 1590 de
1921 1557 2076 1590 incarna-

1195 1604 1288 1637 tione
1300 1628 1311 1644 ‚
1332 1603 1390 1646 sed
1400 1612 1496 1650 magis
1511 1613 1613 1639 contra
1626 1610 1881 1646 lncarnationem,
1897 1605 1983 1649 elegi
1996 1616 2077 1648 quae-

1194 1655 1270 1688 dam
1291 1654 1445 1698 Capitula
1466 1681 1477 1696 ‚
1501 1656 1535 1689 &
1556 1667 1625 1701 quo
1650 1656 1713 1690 fuit
1734 1655 1883 1699 poffibile
1903 1654 2006 1689 modo
2023 1654 2076 1699 egi

1193 1715 1308 1738 contra
1338 1715 1375 1737 ea
1390 1728 1401 1743 ,
1426 1704 1547 1747 ubique
1571 1705 1794 1749 pronuncians
1829 1704 2076 1739 abominatione

1195 1754 1324 1797 plenam
1336 1764 1449 1790 eorum
1463 1755 1526 1789 effe
1542 1756 1756 1789 sententiam.
1787 1755 1956 1789 Hortante
1967 1764 2077 1789 autem

1192 1815 1245 1837 me
1266 1804 1395 1847 praefato
1410 1804 1690 1839 Reverendiffimo
1710 1804 1867 1838 Diacono
1894 1805 1928 1838 ὅ(
1953 1803 2077 1838 Archi-

1191 1853 1359 1887 Mandrita
1375 1854 1529 1888 Maximo
1548 1854 1749 1898 interpretari
1764 1854 1958 1897 Symbolum
1980 1854 2078 1894 fidei,

1192 1903 1282 1947 quod
1294 1904 1475 1947 expofitum
1497 1905 1540 1939 est
1565 1905 1582 1938 ὲ
1596 1905 1719 1940 Sanecis
1739 1903 1908 1945 Patribus,
1936 1906 1990 1948 qui
2011 1904 2077 1937 Ni-

1192 1965 1263 1988 caeae
1285 1965 1509 1988 convenerunt
1523 1978 1534 1995 ,
1560 1956 1593 1989 &
1619 1955 1659 1988 ad
1673 1953 1737 1989 hoc
1748 1954 1891 1997 disposui
1904 1954 2077 1997 memetip-

1193 2005 1280 2038 sum.
1309 2003 1474 2038 Affeverat
1486 2008 1592 2045 enim,
1622 2005 1710 2048 quod
1723 2004 1858 2048 quidam
1871 2002 1997 2036 versute
2014 2004 2079 2035 fin—

1192 2063 1276 2096 gunt
1304 2054 1335 2086 se
1358 2053 1465 2087 dicere
1479 2053 1560 2086 illud
1585 2054 1742 2093 &sequi,
1771 2053 1824 2086 sed
1849 2064 1917 2087 non
1939 2051 2079 2085 sensibus

1196 2101 1286 2135 rectis
1297 2110 1430 2135 utantur
1439 2125 1450 2142 ‚
1477 2100 1531 2135 sed
1544 2101 1726 2135 disutantur
1737 2100 1845 2146 potius
1857 2102 1904 2136 eis
1916 2126 1926 2142 ‚
1954 2113 2023 2146 quae
2036 2113 2079 2135 re-

1193 2153 1249 2185 &ae
1270 2151 1596 2185 &indeclinabiliter
1616 2152 1735 2185 diresta
1753 2153 1850 2191 sunt,
1877 2153 1918 2186 ad
1939 2152 1974 2185 id
1987 2152 2079 2194 quod

1198 2200 1270 2242 ipsis
1282 2199 1427 2231 videtur.
1459 2199 1514 2232 Ut
1528 2198 1604 2231 vero
1618 2209 1707 2231 tuam
1720 2210 1787 2232 non
1800 2200 1899 2233 lateat
1918 2200 2077 2234 Sanctita-

1197 2256 1285 2286 tem‚
1307 2246 1413 2280 direxi
1425 2247 1574 2281 codicem
1591 2247 1910 2282 fimul&Tomum.
1938 2248 2017 2294 Qae
2031 2249 2079 2284 le·-

1196 2307 1277 2342 gens
1289 2297 1460 2331 consuetas
1470 2308 1528 2340 pro
1540 2307 1593 2331 me
1604 2309 1712 2342 preces
1723 2298 1839 2334 offerre
1853 2299 2008 2344 dignetur
2021 2323 2029 2332 .

1197 2407 1290 2476 Qii
1305 2406 1410 2453 talia
1424 2423 1504 2472 pro
1520 2405 1561 2454 se
1574 2409 1744 2475 Scripta
1757 2409 1946 2476 proferre
1973 2427 2077 2459 con-

1233 2482 1237 2491 '
1263 2474 1371 2523 sueti
1403 2475 1522 2535 sunt,
1561 2479 1722 2545 exipfis
1741 2496 1918 2546 quoque
1946 2481 2076 2529 alieni

1262 2543 1461 2594 &Christi
1487 2546 1674 2596 Ecclefia
1701 2548 2073 2600 demonstrantur:

1261 2615 1409 2664 Posito
1421 2616 1723 2683 prius‚.quod
1750 2617 1897 2670 revera
1925 2623 2073 2688 Cyril-

1260 2687 1292 2734 li
1305 2685 1385 2734 fint
1396 2722 1409 2745 ,
1451 2691 1494 2736 &
1509 2686 1628 2754 quod
1643 2690 1746 2737 talia
1758 2695 1847 2755 ejus
1866 2692 2074 2757 Scriptad

1256 2760 1300 2806 δι
1326 2757 1456 2805 Gesta
1489 2757 1711 2825 probanda
1747 2760 1828 2808 smt
1853 2797 1865 2808 .
1903 2759 2070 2809 Vident

1256 2826 1376 2893 quod
1404 2828 1498 2895 post
1525 2827 1849 2878 damnationem
1877 2829 2068 2879 Nestorii

1255 2901 1299 2945 δε
1317 2898 1478 2947 haerefis
1493 2903 1581 2963 ejus
1596 2897 1684 2965 ipse
1697 2901 1905 2966 Princeps
1931 2902 2067 2949 totius

1253 2968 1505 3018 exclusionis
1531 2986 1680 3017 eorum
1700 3005 1714 3029 ‚
1750 2967 1965 3018 deteriora
2000 2969 2066 3018 di-

1255 3055 1359 3087 cens
1372 3036 1398 3087 ὲ
1412 3037 1615 3087 Nestorio
1636 3037 1839 3106 scripsisse
1857 3039 2063 3088 Theodo-

1251 3126 1369 3168 rum,
1406 3106 1431 3156 a
1456 3112 1765 3159 communione
1788 3125 1935 3159 tamen
1970 3115 2060 3175 ejus

1246 3178 1454 3243 judicium
1503 3177 1544 3228 se
1591 3179 1770 3229 minime
1805 3179 2020 3248 separavit
2047 3200 2059 3229 :

1199 3271 1201 3273 ¹
1249 3253 1369 3297 Dum
1404 3249 1521 3298 certe
1558 3249 1639 3299 hos
1674 3248 1789 3317 ipsos
1820 3287 1835 3311 ‚
1883 3249 1929 3298 id
1964 3250 2054 3307 est,

1249 3320 1492 3369 Orientales
1528 3318 1762 3388 Episcopos
1785 3357 1799 3381 ‚
1834 3319 2057 3421 ipsugnque

1951 3398 2009 3421 on·

2100 2397 2254 2429 Ado-Nor.

2099 2438 2154 2468 Hic
2169 2437 2259 2468 Scho-

2098 2476 2190 2507 liastes
2198 2476 2255 2507 fuit

2097 2514 2236 2546 Defensor

2095 2555 2182 2585 trium
2199 2557 2255 2586 Ca-

2096 2596 2207 2633 pitulo-

2094 2644 2158 2664 tum
2184 2643 2251 2665 con-

2092 2675 2249 2712 trasymv.
