2320 3730
319 184 380 228 :3‘5
392 169 421 216 8

656 164 1003 217 'VARIORUM
1040 167 1285 214 Pit-raum
1321 163 1644 230 ΕΡιετοιιιῑ,

254 262 300 285 nc
323 247 522 285 turbulentia
547 258 626 285 tunc
646 248 746 296 plene
767 250 910 287 necdum
935 251 1093 284 cessarent
1113 247 1148 282 in
1160 267 1166 294 t
1208 247 1283 283 litas
1303 249 1568 292 consecraturus,
1592 262 1707 288 eorum
1725 253 1878 290 civitates
1892 265 1959 291 non
1985 256 2090 291 accer-

261 301 381 336 Cilicia
399 323 405 329 .
430 298 533 335 Haud
555 300 655 337 dubie
678 302 713 336 in
727 301 894 337 Secunda.
922 299 1061 342 Propter
1071 296 1148 332 Mo·

255 349 469 393 psuestienses
481 373 492 390 ‚
516 350 612 396 plene
635 360 806 394 corruptos
830 360 869 383 ac
877 350 1032 383 accensos
1043 347 1062 382 ὲ
1072 346 1149 385 Me·

256 400 340 435 letio
350 425 359 433 .
386 401 481 448 Qas
492 401 600 438 turbas
613 399 788 436 excitarint
801 422 813 439 ‚
838 400 911 443 quis
933 399 1030 433 fuerit
1041 398 1148 434 Dom-
1161 419 1165 456 Ι

255 461 320 485 nus
331 450 513 494 Choneus,
539 453 662 495 &quas
682 447 879 484 afflistiones
904 449 945 483 ab
967 450 1033 483 illis
1056 449 1145 485 susti-

255 502 366 537 nuerit
381 527 393 543 ‚
419 503 557 547 ignoro.
585 499 872 546 Qalemcurnque
890 497 1010 535 horum
1022 509 1146 535 memo·

252 553 339 590 riam
360 551 514 587 debemus
529 549 705 583 Caffinenfi
726 547 846 584 Codici
865 575 872 582 .

304 601 409 638 Porro
445 600 595 635 laudatus
618 598 673 634 hic
698 598 902 635 Theodorus
918 599 964 636 est
988 602 1144 639 Damasci

252 652 437 699 Episcopus
464 675 476 691 ,

249 705 417 740 Succeffor
444 702 604 746 Joannis,
633 700 690 743 qui
713 711 789 735 curn
814 702 942 745 Joaune
954 702 1142 738 Patriarcha

250 756 356 791 fuerat
378 752 465 796 apud
491 750 655 795 Ephesum
676 776 683 783 .
713 749 784 785 Hic
808 750 1012 788 Theodorus
1037 752 1142 787 adfuit

249 802 512 839 Chalcedonensi
541 800 726 841 Concilio,
754 813 793 836 ac
817 800 1041 838 Antiochenae
1064 804 1142 838 item

248 853 389 897 Synodo
400 878 411 894 ,
432 863 529 896 quam
544 850 733 887 Patriarcha
748 851 905 887 Domnus
917 856 985 900 egit
1001 855 1034 888 in
1048 857 1139 889 causa

246 902 420 938 Athanasii
433 901 618 938 Partheniis
634 902 789 947 Episcopi
804 902 889 947 apud
902 903 1140 948 Euphratesios.

247 954 317 989 Cur
329 954 483 989 Damasci
498 953 679 999 Episcopus
696 951 822 987 dicatur
836 954 854 988 a
867 955 1017 990 Secunda
1026 954 1141 990 Cathe-

245 1005 324 1045 dra,
354 1007 407 1039 seu
423 1004 601 1045 Conseffu,
630 1004 767 1046 exponit
793 1004 827 1037 in
843 1005 902 1039 suo
929 1005 970 1039 ad
982 1006 1140 1041 octavam

241 1055 421 1099 Synodum
439 1080 450 1096 ,
474 1055 507 1090 ἀ
520 1065 575 1098 per
587 1055 734 1088 Baanem
751 1050 932 1088 Patricium
956 1056 1023 1098 legi
1035 1056 1118 1097 jusso
1130 1079 1140 1095 ‚

240 1105 515 1151 Epanagnostico
550 1104 731 1147 Imperator
758 1102 895 1136 Basilius
917 1127 929 1143 ‚
966 1102 1139 1138 Thomam

240 1154 333 1199 Tyri
356 1154 609 1197 Metropolitam
635 1151 804 1195 appellans
828 1150 1137 1189 Proto—Thronum

240 1204 436 1241 Antiochiae
448 1228 455 1235 .
487 1201 543 1236 Ad
556 1202 695 1236 eandem
710 1201 884 1245 Synodum
901 1202 990 1238 Elias
1000 1229 1010 1244 ,
1025 1202 1137 1240 Theo·

239 1254 320 1290 dosii
360 1250 556 1289 Patriarchae
581 1251 882 1295 Hierosolymitani
924 1253 1075 1290 Vicat-ius
1100 1267 1137 1289 ac

240 1305 391 1351 Legatus
417 1303 503 1338 dixit
526 1315 535 1335 z
561 1302 759 1343 sant‘liffimus
789 1301 920 1337 Thomas
949 1307 1136 1348 Metropolim

238 1358 306 1394 Tyn
319 1380 329 1396 ‚
348 1354 423 1396 ficut
448 1355 483 1389 (5
508 1353 594 1388 vobis
621 1363 722 1387 notum
737 1352 796 1394 est,
824 1355 939 1388 Primae
964 1358 1046 1389 sedis
1068 1366 1134 1391 ,exd-

230 1405 316 1448 fiens
347 1406 431 1440 Sedis
460 1403 623 1438 Antiochlae
639 1428 650 1444 ‚
676 1415 744 1446 quae
774 1404 958 1438 patriarcba
976 1411 1110 1448 privata
1124 1431 1133 1447 ,

236 1454 300 1499 ipse
310 1458 402 1490 locum
413 1463 494 1490 tenet
508 1455 595 1489 Sedis
607 1455 687 1488 illim
703 1479 712 1494 ,
738 1452 830 1497 usque
840 1455 912 1488 dum
918 1455 979 1498 fiat
993 1459 1133 1490 PatrIar-

234 1505 338 1540 chain
350 1507 453 1540 cadem
469 1507 561 1540 Sede.
589 1503 634 1538 ob
643 1503 695 1538 hoc
717 1516 775 1538 non
787 1511 915 1547 oportuit
937 1518 1004 1541 eum
1017 1507 1133 1550 deferre

233 1557 355 1592 litteras
375 1557 475 1602 miffas
497 1556 537 1590 ab
562 1557 620 1590 alio
643 1555 762 1599 aliquo,
790 1567 854 1589 cum
880 1555 943 1600 ipse
964 1558 1133 1592 authorita-

235 1615 300 1641 tem
325 1609 359 1641 (2
366 1606 540 1649 potestatem
556 1605 676 1640 baberet
688 1612 721 1640 in
734 1607 837 1640 eadem
854 1608 928 1641 Sede
939 1632 947 1641 .
975 1607 1131 1644 Thomas

239 1668 311 1692 non
327 1655 468 1692 habebat
481 1658 542 1691 suae
553 1655 749 1702 Legationis
776 1665 813 1691 n
831 1658 912 1692 vicis
934 1659 1132 1694 testimonia-

237 1707 287 1742 les
315 1707 458 1749 litteras,
484 1706 625 1752 ideoque
637 1709 750 1742 ostava
762 1706 916 1751 Synodus
937 1707 1133 1745 detrectabat

235 1757 336 1793 illum
359 1758 546 1792 admittere:
576 1758 658 1791 Haec
685 1756 764 1791 Eliae
786 1757 968 1795 intercesiio
990 1760 1068 1795 fecit
1080 1761 1131 1794 ad-

234 1807 329 1843 mitti
352 1831 359 1839 .
388 1806 514 1841 Eadem
525 1805 681 1849 Synodus
705 1806 760 1841 dat
782 1807 838 1850 ipsi
866 1806 956 1844 hunc
980 1810 1132 1844 titulum:

244 1857 374 1891 Thomas
392 1857 583 1901 Metropolim
596 1860 663 1896 Tyri
674 1881 685 1898 ‚
696 1863 813 1899 primus
823 1858 912 1902 seffor
929 1884 940 1900 ,
966 1859 998 1894 t&
1013 1862 1133 1894 Primos

240 1909 330 1943 Sedis
345 1908 519 1952 Theopoleos
534 1906 716 1942 Antiochi-e.
747 1906 939 1944 Anastasius
949 1908 1134 1945 Bibliothe-

238 1960 346 1994 carius
372 1958 430 1994 dat
453 1956 519 1994 hoc
552 1958 734 2003 marginale
761 1957 922 2001 Scholion
950 1972 957 1991 :
996 1963 1134 1995 Primum

238 2008 400 2051 Seffora-m,
426 2008 497 2048 idest
522 2033 532 2049 ,
562 2011 652 2041 Proto
666 2006 818 2044 Thronlam
841 2009 912 2043 dicit
933 2021 1031 2044 eorum
1058 2015 1133 2052 Epi-

234 2057 390 2103 scoparum
401 2080 411 2097 ‚
436 2064 489 2100 qui
501 2059 545 2089 ad
555 2057 768 2091 Antiochenam
786 2064 940 2098 pertinent
950 2059 1109 2099 Ecclefiam
1126 2084 1132 2090 .

239 2107 344 2155 Qud
372 2108 479 2152 ipsum
505 2106 624 2150 repetit
652 2106 687 2140 in
735 2104 959 2141 Ecclesustica
994 2107 1130 2142 historia

234 2160 338 2194 etiam
372 2159 504 2198 Marryr
534 2155 764 2198 Theophanes
787 2180 794 2187 .
847 2155 960 2190 Etiam
992 2156 1131 2201 Ioseph,

237 2207 420 2243 Michaelis
447 2202 669 2239 Alexandrini
692 2203 887 2238 patriarchae
912 2203 1132 2240 Archidiaco-

237 2271 301 2293 nus
323 2269 360 2292 ac
383 2258 528 2302 Legatus
543 2278 554 2294 ,
588 2254 675 2288 dixit
699 2253 740 2288 ad
763 2253 913 2288 eamdem
938 2254 1131 2297 Synodum:

243 2308 374 2346 Thomas
392 2306 584 2347 Sandi'rffimus
611 2301 731 2343 Praesul
755 2307 838 2345 Tm,
860 2307 975 2338 Primae
990 2309 1134 2348 Metropo-

243 2362 302 2394 leos
329 2355 560 2398 Antiochenfium
584 2354 718 2396 Throni,
745 2360 796 2397 qui
819 2362 911 2388 etiam
921 2366 968 2389 res
995 2356 1131 2398 Ecclefia·

234 2411 326 2453 fissas
338 2411 400 2451 eius
410 2406 540 2452 disponit
558 2431 568 2447 ,
594 2405 644 2450 effe
668 2407 748 2448 quod
760 2416 817 2438 non
821 2404 859 2447 fit
871 2406 982 2439 ibidem
994 2408 1134 2439 Patr-iar-

241 2460 316 2495 cha.
344 2460 438 2495 Hinc
451 2459 550 2504 igitur
567 2457 710 2501 Ioannes
722 2454 909 2490 Parriarcha
923 2455 957 2490 in
975 2455 1062 2490 hisce
1082 2456 1133 2490 lit-

244 2511 321 2546 teris
334 2509 558 2544 Theodorum
580 2507 734 2543 Damasci
759 2506 958 2549 Episcopum
976 2531 986 2547 ,
1015 2508 1133 2540 secun-

245 2563 291 2596 das
317 2559 495 2596 Phoeniciae
521 2557 774 2601 Metropolitam
794 2580 804 2595 ,
830 2556 913 2590 dicit
935 2557 997 2591 effe
1019 2557 1112 2590 illum
1126 2582 1135 2598 ,

244 2612 300 2658 qui
317 2611 360 2645 est
373 2613 392 2644 ἃ
406 2611 542 2644 Secunda
554 2606 709 2641 cathedra
731 2604 781 2648 seu
796 2604 927 2649 Conseffu
941 2631 947 2638 .

299 2660 399 2695 Certe
412 2659 591 2694 Caffinensi
606 2655 726 2691 Codici
741 2654 898 2690 debemus
920 2666 1056 2701 magnas
1066 2667 1137 2702 gra·

251 2713 334 2747 tias:
363 2709 497 2743 Etenim
511 2706 576 2741 huc
593 2707 693 2750 usque
704 2706 947 2750 ignoravimus,
974 2708 1063 2749 quod
1079 2706 1136 2740 ista

255 2762 368 2806 primae
394 2758 573 2794 Phoeniciae
599 2756 744 2801 dignitas
769 2758 845 2790 effer
871 2756 954 2790 adeo
981 2757 1137 2799 antiqua.

250 2812 362 2847 Etiam
387 2810 613 2854 ignoravimus
635 2831 646 2847 ‚
674 2805 762 2850 quod
799 2804 866 2839 haec
887 2805 1032 2852 dignitas
1062 2807 1137 2841 esset

250 2859 400 2898 secundae
414 2857 591 2894 Phoeniciae
605 2882 612 2890 .
627 2856 702 2901 Ego
714 2856 788 2889 sane
801 2856 951 2899 opinatus
965 2856 1030 2891 huc
1040 2858 1139 2901 usque

250 2915 299 2948 fui
315 2912 373 2946 ista
398 2911 460 2945 esse
472 2917 662 2943 commenta
685 2904 904 2940 recentiorum
930 2908 1119 2942 Graecorum
1133 2932 1141 2940 .

249 2964 331 3010 Qae
344 2963 380 2996 sit
393 2961 494 3005 prima
507 2969 621 2993 eorum
634 2956 731 3002 origo
743 2980 754 2996 ‚
782 2956 891 2990 nescio
903 2955 1010 2991 dicere
1031 2982 1037 2989 .
1066 2958 1141 2993 Effe

252 3014 346 3057 potiit
368 3009 532 3055 Iuvenalis
554 3006 853 3050 Hierosolymitani
868 3004 1020 3051 Episcopi
1043 3018 1139 3042 cona-

253 3074 305 3097 tus
320 3063 360 3097 ad
380 3060 580 3097 invadendas
600 3056 710 3092 ambas
723 3054 909 3091 Phoenicias
924 3082 929 3086 .
957 3056 1010 3091 Ad
1022 3068 1074 3092 eas
1084 3056 1140 3092 sibi

253 3115 390 3147 firmiter
416 3109 598 3154 alligandas
609 3109 752 3152 Joannes
765 3105 950 3141 patriarcha
962 3131 972 3146 ‚
1000 3118 1054 3140 aut
1072 3108 1140 3150 ejus

256 3162 450 3195 Antei-effer
463 3160 667 3195 Theodorus
689 3157 784 3202 possit
809 3158 855 3191 eis
867 3156 988 3191 dedisse
1013 3157 1069 3189 ista
1085 3158 1142 3201 pri-

259 3212 396 3255 vilegia.
427 3211 481 3244 Est
500 3210 682 3253 conjeaura
694 3234 701 3241 .
727 3206 886 3241 Notanda
899 3207 971 3241 sunt
983 3208 1141 3250 praesentis

257 3261 411 3305 Epistolae
438 3260 534 3294 verba
548 3273 559 3292 .·
585 3260 652 3304 Qui
673 3270 714 3292 ex
739 3255 876 3292 secunda
898 3254 1069 3292 Phoenicia
1091 3269 1143 3292 ve·

259 3314 398 3350 trientes,
412 3310 477 3343 δίε.
497 3307 722 3342 demonstrant
736 3307 933 3352 dignitatem
953 3305 1143 3341 Antioche-

259 3360 294 3397 ui
308 3357 521 3397 Patriarchae.
549 3356 740 3393 ostendunt
760 3356 850 3403 quod
862 3356 937 3400 hic,
964 3357 1140 3403 Metropo-

516 650 664 686 secundae
690 648 869 685 Phoeniciae
905 651 1123 696 Metropolita
1141 457 1165 833 ,Ι

1208 299 1284 334 serit
1292 322 1304 339 ‚
1331 297 1387 334 sed
1403 299 1493 342 quod
1507 310 1619 335 earum
1629 301 1776 338 Eleorum
1788 327 1801 344 ‚
1819 307 1885 341 una
1899 316 1976 341 curn
1990 306 2088 342 Clero

1206 359 1245 384 ac
1256 348 1388 392 Populo
1401 373 1413 390 ,
1438 348 1479 384 ad
1501 349 1570 384 suas
1591 360 1709 386 manus
1729 355 1914 390 evocaverit
1938 380 1946 389 .
1972 356 2088 404 Qam

1207 396 1403 443 dignitatem
1416 399 1466 434 uti
1477 399 1647 446 antiquam
1658 425 1672 443 .
1698 412 1817 445 nempe
1825 413 1936 439 natam
1946 417 1988 440 ex
1998 409 2091 451 Apo-

1206 449 1276 484 lico
1306 448 1448 485 Canone
1460 475 1472 492 ,
1496 450 1595 486 etiam
1606 451 1718 487 laudat
1734 452 1867 488 Sanetus
1877 452 2088 492 Innocentius

1205 498 1330 543 primus
1349 499 1506 535 Pontifex
1526 502 1561 535 in
1581 501 1702 538 litteris
1723 501 1763 538 ad
1779 501 1931 538 Sannum
1953 503 2089 541 Patriar·

1205 548 1302 586 cham
1315 550 1544 586 Alexandrum
1556 576 1564 585 .

1255 600 1309 634 Ex
1322 601 1447 645 praefata
1459 599 1746 638 Antiochenarum
1756 601 2006 639 provinciarum
2012 603 2096 641 enu·'

1205 651 1386 685 metatione
1421 652 1577 687 discimus
1595 653 1631 688 dc
1653 652 1798 698 quaedam
1828 654 1892 690 alia
1917 679 1926 687 .
1951 653 2091 696 Primo,

1203 699 1292 745 quod
1312 711 1374 737 tres
1387 702 1564 738 Pataessinae
1584 713 1664 739 tunc
1684 705 1786 740 essent
1808 703 1937 748 penitus
1956 704 2091 740 divulsae

1203 751 1244 786 ab
1256 751 1317 786 isto
1334 751 1560 788 Patriarchatu
1573 779 1585 796 ,
1609 755 1644 790 ἀ
1656 754 1745 799 quod
1766 766 1826 798 pro
1838 753 2025 790 Patriarcha
2038 766 2091 790 ve-

1204 813 1392 837 nerarentur
1413 803 1654 848 Hierosolyma
1684 804 1884 849 Episcopum
1907 829 1915 838 .
1952 804 2090 840 Etenim

1203 851 1344 895 Joannes
1368 852 1555 889 patriarcha
1577 855 1704 889 nullam
1728 855 1852 899 deipsis
1876 854 1954 890 facit
1967 865 2091 890 memo-

1203 902 1303 937 riam.
1333 902 1493 939 Attamen
1518 905 1684 949 Juvenalis
1701 906 1848 949 poffeffio
1870 916 1940 940 non
1966 906 2030 940 fuit
2040 906 2092 940 fir-

1204 963 1255 986 ma
1279 977 1286 985 .
1316 953 1398 988 Eam
1425 955 1515 989 enim
1540 954 1622 990 adeo
1650 965 1730 990 tunc
1752 955 1866 991 oderat
1885 954 2092 991 Venerabilis

1205 1001 1400 1038 Gennadius
1413 1029 1424 1045 ,
1453 1004 1834 1050 Constantinopolitanae
1846 1006 1992 1041 Ecclefiae
2000 1003 2092 1040 Pres-

1205 1051 1298 1097 byter
1322 1053 1357 1087 ὃ(
1373 1053 1665 1096 Archimandrita‚
1690 1063 1727 1091 ut
1753 1056 1811 1090 suo
1837 1056 2002 1100 Episcopo
2014 1056 2092 1089 San·

1201 1103 1252 1138 eto
1279 1101 1403 1138 Proclo
1431 1127 1442 1143 ,
1469 1105 1571 1146 ipsam
1596 1105 1816 1146 admittenti,
1842 1106 2090 1140 communicare

1203 1152 1346 1187 noluerit
1371 1176 1383 1193 ,
1409 1152 1513 1198 longe
1555 1152 1666 1188 minus
1696 1153 1752 1197 ipsi
1779 1153 1927 1197 Juvenali
1946 1179 1954 1186 .
1981 1153 2087 1202 Qiod

1201 1204 1300 1237 etiam
1312 1203 1447 1237 Sanctus
1460 1203 1606 1246 Cyrillus
1633 1203 1734 1247 ipsam
1747 1214 1816 1239 non
1837 1203 2003 1248 probarit,
2029 1204 2087 1239 do-

1200 1264 1252 1288 cet
1267 1252 1431 1288 auxilium
1455 1253 1488 1287 &
1502 1253 1697 1294 consilium,
1725 1253 1814 1299 quod
1827 1253 1868 1289 ab
1888 1255 1957 1298 ipso
1968 1254 2088 1299 implo-

1201 1302 1283 1338 ravit
1296 1303 1507 1338 Gennadius.
1539 1303 1698 1339 Attamen
1715 1304 1884 1349 Cyrinus,
1908 1314 2021 1350 utpote
2030 1315 2086 1349 pa-

1200 1354 1247 1388 cis
1269 1353 1509 1389 amantissimus
1533 1379 1545 1396 ,
1569 1354 1600 1389 ei
1627 1354 1720 1389 suasit
1746 1379 1757 1395 ,
1781 1365 1817 1389 ut
1851 1354 2092 1399 dispensatorie-

1199 1403 1459 1438 communicaret
1472 1429 1482 1446 ‚
1501 1404 1535 1439 ἀ
1549 1414 1677 1450 propter
1691 1403 1778 1439 hanc
1793 1404 2004 1450 quaestionem
2015 1415 2086 1438 non

1202 1454 1353 1489 laceraret
1370 1454 1545 1490 Ecclesiam
1557 1479 1568 1496 ‚
1593 1457 1767 1499 expeRans
1781 1455 1949 1491 meliorem
1971 1454 2084 1490 ansam

1196 1504 1378 1548 judicanda:
1402 1505 1558 1549 Jussitiae.
1586 1507 1634 1541 At
1657 1504 1743 1540 istud
1765 1515 1893 1550 tempus
1912 1515 2086 1549 nunquam

1198 1555 1334 1590 advenit
1353 1580 1360 1587 .
1389 1556 1523 1590 Etenim
1550 1554 1828 1591 Chalcedonensis
1853 1555 2007 1599 synodus
2027 1555 2086 1589 fir-

1198 1604 1298 1641 mavit
1313 1605 1476 1650 Iuvenalis
1492 1605 1692 1639 invasionem
1716 1605 1919 1640 &ambitum
1931 1631 1938 1638 .
1968 1606 2087 1640 Secun-

1196 1655 1242 1691 do
1276 1654 1430 1690 discimus
1451 1680 1462 1696 ,
1488 1655 1578 1698 quod
1604 1653 1729 1690 Arabia
1750 1666 1787 1689 ac
1808 1654 1880 1690 duae
1907 1653 2086 1689 Phoeniciae

1198 1716 1278 1740 tunc
1302 1706 1468 1740 evaserant
1483 1705 1650 1748 Iuvenalis
1674 1716 1791 1739 manus
1811 1729 1822 1745 ,
1847 1703 1983 1739 &firme
1995 1714 2086 1739 man-

1198 1755 1294 1791 serint
1320 1754 1405 1799 apud
1422 1754 1672 1790 Antiochenam
1700 1754 1892 1789 Ecclesiam.
1925 1754 2085 1789 Attamen

1199 1817 1258 1841 nec
1274 1804 1440 1849 Juvenalis
1454 1805 1526 1839 istic
1548 1804 1694 1849 quievit.
1722 1805 1811 1839 Nam
1834 1802 1967 1841 &hanc
1991 1804 2088 1852 Qae·

1197 1855 1339 1891 stionem
1354 1853 1491 1891 deduxit
1515 1855 1557 1891 ad
1566 1854 1876 1891 Chalcedonensem
1890 1854 2065 1898 Synodum
2076 1879 2085 1887 .

1199 1906 1248 1940 At
1260 1907 1354 1941 causa
1378 1905 1497 1940 cecidit
1513 1930 1521 1938 .

1248 1955 1396 2003 Qaesiio
1422 1956 1491 1997 est,
1518 1955 1592 1998 quis
1613 1956 1649 1990 sit
1671 1954 1728 1991 ille
1740 1954 2088 2001 Magnificentiffimus

1196 2019 1233 2041 ac
1245 2005 1490 2052 gloriolissimus
1501 2005 1693 2050 Praepositus
1707 2006 1875 2042 Dominus
1891 2005 1984 2040 Felix
1995 2029 2007 2046 ‚
2032 2014 2090 2040 cu·

1194 2056 1244 2097 jus
1264 2054 1318 2089 hic
1345 2055 1520 2090 laudantur
1541 2058 1668 2098 opera?
1695 2057 1737 2090 Et
1764 2068 1833 2099 quae
1845 2067 1941 2099 opera
1953 2054 2087 2090 laudan·

1195 2114 1247 2138 tur
1270 2106 1283 2138 ?
1310 2104 1509 2148 Respondeo
1540 2103 1695 2148 vigesimo
1715 2106 1833 2138 oetavo
1855 2105 1946 2139 istius
1972 2102 2087 2138 Saeculi

1195 2165 1284 2188 anno
1307 2153 1451 2188 Felicem
1475 2151 1541 2186 una
1563 2164 1639 2187 cum
1651 2153 1769 2187 Tauro
1780 2155 1874 2187 fuisi'e
1887 2153 2085 2187 Consulem:

1197 2203 1240 2236 Et
1266 2201 1321 2236 hic
1346 2201 1476 2235 videtur
1497 2201 1621 2235 laudari
1643 2201 1833 2245 Praeposstus
1864 2203 1953 2237 Sacri
1984 2201 2089 2237 Cubi·

1196 2250 1262 2285 culi
1288 2276 1295 2283 .
1327 2250 1383 2284 An
1407 2250 1444 2285 sit
1466 2249 1554 2284 idem
1578 2274 1588 2290 ,
1610 2262 1677 2285 non
1704 2252 1818 2296 poffim
1841 2253 1972 2287 asserere
1993 2278 2001 2285 .
2028 2251 2091 2286 At·

1198 2312 1305 2336 tamen
1326 2301 1419 2334 Felix
1446 2300 1501 2335 ille
1515 2302 1656 2336 omnino
1678 2302 1773 2346 poffit
1794 2302 1834 2337 ad
1853 2303 1947 2336 istam
1966 2301 2089 2346 Praepo-

1197 2352 1328 2385 situram
1351 2350 1537 2394 profecisse.
1574 2350 1678 2398 Qod
1701 2352 1723 2385 si
1748 2363 1861 2386 verum
1884 2351 1920 2386 fit
1942 2378 1952 2393 ,
1980 2347 2088 2395 Chry-

1197 2401 1302 2436 soneti
1317 2400 1507 2435 immediate
1521 2401 1666 2436 successit
1676 2413 1744 2434 non
1762 2401 2007 2445 Chrysaphins,
2035 2401 2087 2436 sed

1197 2449 1250 2485 hic
1268 2451 1381 2487 Felix.
1410 2450 1591 2498 Qodnam
1612 2451 1680 2494 ejus
1702 2461 1785 2495 opus
1809 2450 2024 2499 hiclaudetur
2045 2462 2090 2486 et-

1198 2504 1263 2536 iam
1277 2512 1345 2536 non
1356 2501 1458 2546 liquet
1470 2526 1477 2533 .
1507 2501 1648 2536 Videtur
1675 2501 1799 2536 laudari
1814 2502 1973 2547 protestio
1985 2503 2091 2536 Dom-

1198 2552 1231 2586 ni
1244 2550 1373 2588 Chonei
1386 2576 1397 2592 ,
1422 2551 1515 2595 cujus
1524 2553 1569 2586 rei
1582 2551 1674 2586 series
1685 2552 1786 2586 etiam
1804 2563 1865 2587 nos
1877 2552 1953 2587 latet
1967 2577 1974 2583 .
2003 2551 2090 2585 Inte·

1198 2603 1260 2636 rim
1283 2601 1428 2637 notanda
1451 2601 1496 2635 est
1521 2601 1632 2635 Irenaei
1657 2601 1828 2645 procacia,
1854 2603 1909 2644 qui
1925 2603 2088 2644 Joannem

1199 2650 1420 2686 patriarcham
1449 2649 1482 2683 in
1505 2651 1568 2683 suis
1597 2650 1712 2684 litteris
1732 2651 1842 2693 culpat
1862 2650 1904 2685 de
1925 2660 2087 2694 quatuor.

1199 2701 1313 2737 Primo
1323 2726 1335 2743 ,
1360 2699 1449 2743 quod
1474 2710 1590 2733 omnes
1612 2700 1672 2733 suae
1684 2699 1843 2735 Dioecefis
1855 2700 2038 2743 Episcopos
2047 2698 2089 2735 ad

1201 2763 1321 2787 novam
1345 2748 1572 2795 professionem
1596 2749 1740 2794 coegerit
1762 2774 1770 2781 .
1797 2748 1972 2790 Secundo,
1998 2748 2090 2792 quod

1201 2802 1262 2837 hac
1285 2800 1337 2835 via
1358 2810 1493 2835 omnem
1529 2798 1701 2834 Orientem
1726 2799 1890 2835 seduxerit
1911 2825 1918 2834 .
1945 2798 2088 2838 Tertio,

1200 2852 1291 2898 quod
1301 2851 1343 2886 de
1355 2849 1419 2884 hoc
1430 2849 1575 2884 facinore
1588 2849 1745 2894 glorietur
1759 2873 1770 2889 ,
1794 2850 1827 2884 ὃς
1840 2851 1871 2884 se
1878 2849 2089 2884 commendet

1202 2902 1287 2947 apud
1310 2900 1483 2935 Proetum.
1511 2897 1661 2947 Qarto,
1686 2899 1775 2944 quod
1796 2899 1985 2934 Nestorium
1999 2899 2089 2933 dicat

1203 2949 1427 2987 maledictum.
1455 2949 1564 2984 Etiam
1578 2949 1634 2983 ista
1647 2949 1834 2985 Gentilium
1852 2960 1891 2985 ac
1902 2947 2089 2994 Iudaeorum

1202 3001 1338 3038 audacia
1349 3012 1409 3036 nos
1421 2997 1486 3036 huc
1507 3001 1608 3047 usque
1625 2999 1738 3037 latuit.

1962 3395 2038 3432 cA·

2127 537 2171 567 19·

2195 538 2220 560 1.
