2320 3730
385 211 447 257 88

447 421 490 467 C
523 424 568 469 A
600 422 638 468 Ρ
673 422 717 468 U
752 418 792 470 T
863 419 1055 469 XXVII,

347 600 489 662 Iterum
523 607 604 655 alia
638 606 814 677 Epistola
850 624 1006 672 quorum
1018 601 1148 674 spra

439 685 515 750 Ep
506 677 725 748 stoporum
741 678 794 723 ad
821 694 908 743 quos
921 673 1052 747 ftpra

622 744 859 820 Epssopos.
964 767 972 775 ·

364 945 409 981 Er
420 944 588 984 orationes
599 945 709 984 vestra:
719 946 903 982 Sanstitatis
921 946 986 985 fuit
1009 944 1183 981 nobiscum

385 995 571 1040 Imperator⁴
589 996 697 1031 noster
707 996 912 1033 collocutus.
941 998 984 1032 Et
1009 998 1182 1039 impetrato

283 1053 370 1079 nutu
391 1044 521 1080 Divino
545 1070 557 1092 ,
582 1047 671 1082 {asto
699 1058 788 1082 nunc
811 1048 1021 1085 convicimus
1048 1047 1181 1081 interim

281 1096 446 1131 contraria
459 1096 635 1135 sentientes
649 1122 659 1138 ‚
685 1098 730 1133 ita
744 1108 781 1133 ut
793 1099 906 1134 omnia
919 1098 1053 1144 quidem
1071 1095 1179 1132 nostra

280 1144 322 1180 ab
349 1145 459 1181 amico
479 1145 606 1182 Christi
626 1148 826 1197 Imperatore
839 1151 983 1192 suscepta
995 1150 1082 1189 sint;
1109 1155 1180 1189 quae

277 1194 359 1229 vero
368 1193 411 1230 ab
423 1196 464 1231 iis
474 1196 560 1233 dieta
570 1198 670 1242 sune,
697 1199 953 1243 insusceptibilia
969 1222 981 1239 ,
1005 1198 1041 1232 &
1063 1198 1178 1234 incon-

276 1245 444 1290 sequentia
454 1244 648 1286 videantur.
676 1249 768 1284 Nam
781 1248 906 1287 sursum
921 1247 1050 1285 versum
1069 1247 1178 1290 Cyril-

275 1294 299 1332 li
313 1297 507 1334 memoriam
520 1297 698 1340 facientes,
724 1301 759 1334 δε
771 1295 925 1346 rogantes
937 1309 975 1335 ut
986 1299 1052 1343 ipse
1065 1296 1175 1344 potius

274 1354 419 1383 uteretur
427 1373 438 1393 ,
465 1348 500 1383 ἀ
510 1355 570 1392 pro
580 1351 613 1385 se
625 1350 696 1394 ipso
707 1349 932 1391 satisfaceret,
960 1359 1050 1383 nune
1074 1348 1175 1391 usque

273 1396 425 1435 obtinere
436 1398 575 1436 minime
586 1409 782 1447 potuerunt
812 1400 874 1436 Sed
886 1394 1080 1439 audierunt,
1097 1398 1174 1442 quia

273 1457 405 1491 oportet
427 1450 553 1485 moveri
567 1450 609 1485 de
630 1451 683 1496 pia
707 1444 889 1495 Religione
903 1453 1114 1488 sermonem,
1141 1447 1174 1483 δι

272 1494 389 1534 Fidem
400 1499 537 1536 Patrum
551 1500 698 1537 roborari
712 1501 923 1538 Sanctorum
951 1499 1172 1535 Convicimus

272 1548 352 1582 vero
377 1549 410 1584 δι
422 1546 607 1592 Acacium,
634 1551 692 1595 qui
703 1550 790 1585 inter
800 1552 891 1596 gesta
903 1551 1074 1587 Deitatem
1095 1558 1173 1584 con·

271 1596 367 1633 fessus
378 1601 424 1633 est
437 1597 509 1633 effe
513 1601 711 1643 passibilem.
740 1601 864 1648 Eisque
884 1600 967 1636 adeo
989 1611 1099 1636 motus
1124 1597 1177 1649 est!

269 1644 428 1690 piissimus
439 1647 618 1695 Imperator
632 1651 766 1692 noster,
795 1662 831 1689 ut
844 1651 999 1686 blatteam
1023 1649 1170 1694 chlamy<

270 1696 378 1736 dem,
405 1709 470 1746 qua
486 1699 691 1737 induebatur
712 1725 724 1746 ,
772 1711 969 1741 excuteret,
997 1699 1109 1747 seque‘
1125 1707 1171 1733 re-

269 1744 321 1786 ἰιό
353 1747 546 1790 subduceret
573 1762 634 1795 prae
663 1749 897 1795 magnitudine
938 1749 1167 1795 blasphemia.

269 1792 428 1834 Vidimus
439 1798 518 1834 vero
544 1800 580 1835 &
596 1811 734 1835 omnem
746 1801 929 1842 Senatum,
951 1800 1166 1846 quietantia

269 1841 490 1887 Confistono'
499 1874 510 1894 ‚
550 1840 646 1885 valde
660 1850 844 1893 approbare
864 1861 943 1885 nos-
949 1850 1071 1893 ipsos,
1097 1852 1166 1884 tan-

268 1906 368 1944 quam
381 1899 490 1937 revera
500 1910 565 1942 pro·
574 1908 646 1934 vera
661 1899 726 1933 fide
740 1898 907 1934 laboribus
923 1895 1139 1935 desudantes.

313 1945 449 1983 Placuit
474 1950 577 2000 igitur
596 1939 746 1984 Piiffimo
758 1950 951 2006 Imperatori
964 1949 1102 1988 nostro,
1127 1958 1163 1982 ut

258 1997 489 2041 'unusquisque
498 2008 679 2041 exponeret
691 2000 853 2041 propriam
863 1997 1007 2039 Fidem,
1033 2000 1068 2035 &
1089 1997 1164 2032 Pie

265 2047 328 2081 tati
351 2046 422 2091 ejus
449 2047 598 2087 offerret.
627 2048 703 2083 Nos
723 2047 799 2082 vero
810 2022 1059 2091 respondimus,
1083 2048 1161 2095 quia

266 2096 464 2147 impossibile
487 2098 557 2141 est,
583 2107 622 2135 ut
644 2098 779 2132 alteram
805 2099 965 2143 faciamus
982 2097 1160 2141 expositio-

266 2157 366 2189 nem,
393 2143 454 2183 nisi
477 2157 559 2192 quae
565 2149 603 2182 in
617 2147 739 2183 Nicaea
765 2140 849 2182 fasta
874 2147 1160 2182 estaBeatiffimis

266 2193 438 2233 Patribus
469 2196 515 2237 Et
535 2197 601 2233 h'o'c
624 2208 756 2246 quoque
783 2198 907 2244 placuit
916 2198 986 2244 ejus
999 2198 1156 2242 Imperio

266 2246 634 2306 Restatigrturillam
644 2249 681 2285 in
696 2255 759 2293 qua
781 2249 944 2285 Sanctitas
962 2248 1065 2284 vestra
1087 2247 1158 2283 sub-

262 2295 411 2343 scripsit,
438 2287 636 2344 Pietatiejus
648 2300 785 2334 o‘fferre.
812 2298 942 2335 Omnis
947 2308 1057 2333 autem
1069 2298 1157 2332 Con-

259 2346 574 2396 nantinopontan'ae
576 2348 730 2406 'Populus
759 2347 914 2407 Civitatis
937 2349 979 2385 ad
1004 2360 1067 2384 nos
1089 2349 1156 2409 sine

544 2398 590 2409 ·····

261 2500 350 2541 do's,
378 2511 418 2535 ne
431 2496 634 2535 occasionem
648 2499 725 2534 dare
736 2498 940 2533 Adversas-iis
961 2498 1155 2539 videamur,

263 2524 444 2595 plurimum
465 2549 666 2587 laboramus.
694 2549 890 2585 Direximus
919 2557 1028 2583 autern
1050 2547 1157 2583 vestrae

262 2596 494 2659 R‘eiigiofitati
506 2601 725 2645 expofitionis
748 2599 939 2643 exemplar,
963 2608 1001 2634 ut
1011 2598 1079 2632 duo
1101 2610 1154 2632 au·

262 2644 414 2687 theutica
436 2649 622 2695 dignemini
647 2649 844 2693 exemplaria
863 2649 1092 2710 transcribere,
1119 2649 1154 2684 &
1186 2672 1188 2699 J

926 2717 928 2721 ⁴
1212 2692 1269 2729 sed
1292 2694 1333 2728 de
1353 2693 1432 2727 solis
1444 2691 1624 2736 Capitulis
1652 2693 1744 2728 Nam
1769 2694 2001 2731 &orientales
2025 2697 2105 2740 Epi-

1205 2744 1372 2789 (scopidiu
1385 2741 1456 2786 post
1470 2742 1586 2777 initam
1598 2751 1675 2777 cum
1687 2744 1816 2788 Cyrillo
1829 2756 1968 2789 pacem,
1992 2746 2028 2780 ὄσ
2049 2745 2104 2781 ad·

268 2700 470 2738 subscribatis
491 2698 667 2734 ambobus.

459 2855 958 2902 Senorron.

349 3003 453 3038 Tiam
474 2999 541 3038 haec
555 2999 701 3045 Epistola
720 2999 766 3034 est
778 2999 931 3044 vulgata
958 2998 1081 3033 censui
1103 3007 1148 3032 ta-

376 3065 450 3089 men
486 3049 521 3087 δὲ
541 3051 766 3087 Caffinensem
804 3049 1051 3084 translationem
1087 3050 1148 3082 effe

269 3105 468 3149 vulgandam
495 3116 507 3137 .·
532 3101 588 3139 Ob
608 3101 709 3136 dictas
733 3099 841 3144 saepius
863 3099 1032 3133 rationes.
1060 3099 1146 3132 Data

268 3155 314 3186 est
337 3155 452 3197 quinta
478 3162 535 3188 aut
556 3154 641 3187 sexta
670 3151 724 3186 die
745 3149 970 3195 Septembris.
1012 3148 1147 3182 Etenim

268 3201 433 3246 Ephefino
452 3203 634 3238 Orientalis
646 3201 811 3236 Faffionis
825 3199 1072 3235 Conventiculo
1102 3210 1147 3234 re-

267 3253 331 3287 fert
350 3252 432 3286 Aeta
451 3253 537 3295 apud
560 3251 745 3294 Principem
767 3276 778 3292 ‚
805 3251 838 3284 &
860 3251 1003 3293 ipsorum
1026 3249 1146 3282 succes-

269 3303 355 3336 sum.
385 3300 434 3335 At
453 3300 529 3335 vero
552 3301 632 3336 Asta
657 3300 712 3334 illa
734 3300 944 3345 contigerunt
957 3309 1069 3342 quarta
1091 3297 1145 3332 die

268 3351 362 3387 istius
377 3350 492 3385 mensis
505 3374 511 3380 .
539 3349 642 3385 Tunc
651 3347 860 3384 Theodosius
870 3349 994 3392 trajecit
1009 3347 1146 3383 Chalce-

267 3401 392 3438 donem
414 3424 427 3442 ‚
450 3398 624 3436 celebravit
645 3398 718 3435 istic
739 3399 977 3435 Conslstorium
1002 3422 1014 3440 ,
1046 3399 1080 3432 δε
1107 3399 1143 3433 in

730 210 1066 256 VARIORUM
1104 209 1358 255 PArRuM
1392 209 1726 270 Epa-rom,

1264 292 1334 335 ipso
1351 292 1479 329 audivit
1489 294 1622 332 Partes
1651 299 1807 344 Utraque
1827 299 1997 336 translatio
2007 299 2145 338 affirmat

1261 341 1328 376 haec
1340 342 1467 378 fastain
1482 345 1709 389 Consistorio,
1730 360 1808 384 cum
1819 350 1934 395 aliquo
1957 360 2068 386 tamen
2095 353 2145 387 di-

1259 393 1429 428 scrimine.
1458 395 1591 429 Etenim
1602 395 1795 433 caffinenfis
1805 401 1964 436 affirmat
1954 413 2040 437 inter
2054 402 2144 437 Con-

1260 443 1429 479 fistoriales
1443 446 1592 480 Comites
1601 446 1697 480 fuiffe
1706 455 1817 482 totum
1832 449 2007 486 Senatum.
2037 452 2141 486 Aliud

1256 493 1429 530 discrimen
1451 495 1520 538 est,
1547 497 1637 541 quod
1662 497 1792 555 vulgata
1807 500 1979 536 translatio
1999 504 2141 537 affirmet

1259 545 1420 579 Acacium
1435 521 1702 581 Melitinensem
1693 559 1727 581 ιιι
1737 549 1995 585 Commentariis
2003 554 2141 596 posuisse

1255 596 1407 629 Deitatem
1414 597 1595 639 paffibilem‚
1620 607 1653 632 at
1668 597 1746 632 vero
1757 599 1952 635 Caffinenfis
1972 601 2021 635 ait
2032 603 2139 646 ipsum

1253 646 1347 679 fuiffe
1373 645 1405 679 id
1418 648 1621 683 confessum
1612 659 1696 683 inter
1707 649 1824 685 Gesta.
1852 650 2011 686 Attamen
2032 652 2141 688 discri-

1253 707 1328 731 men
1345 695 1402 730 fibi
1414 697 1470 741 ipsi
1483 697 1643 734 cohaeret.
1672 699 1725 733 Ex
1736 699 1807 743 ipso
1819 700 1974 738 discimus
1997 702 2138 738 verbalia

1253 746 1447 781 Confistorii
1459 749 1559 783 Gesta
1571 749 1664 784 fuisie
1675 749 1819 786 redacta·
1811 762 1844 784 ιιι
1856 755 2136 793 commentarios,

1250 796 1284 829 &
1307 795 1467 832 Acacium
1489 799 1666 844 utrobique
1686 801 1873 836 constanter
1906 802 2074 845 perstitisse
2098 804 2135 837 in

1249 844 1316 880 istis
1329 845 1480 882 vocibus.
1508 849 1642 893 Insuper
1665 850 1823 885 discimus
1845 852 2033 886 Graecorum
2058 854 2134 897 Epi-

1248 897 1363 941 scopos
1383 899 1476 934 fuisse
1498 900 1687 943 compulsos
1714 900 1823 936 dicere
1847 903 1881 936 in
1900 903 2134 938 Confistorio:

1248 946 1359 982 Etiam
1371 948 1413 983 de
1427 948 1522 983 rebus
1533 950 1765 986 sacratislimis.
1795 952 1840 985 Et
1863 953 1977 989 Latini
2002 953 2135 996 Episco-

1244 998 1300 1040 pi,
1328 998 1407 1033 licet
1421 998 1623 1043 Apostolicae
1633 1001 1725 1036 Sedis
1736 1000 1873 1048 Legati,
1904 1003 1935 1037 se
1947 1013 2134 1038 accommo-

1244 1046 1363 1082 darunt
1379 1049 1512 1084 illorum
1535 1050 1700 1090 moribus-

1293 1097 1443 1142 Epistola
1466 1100 1567 1136 etiam
1579 1101 1679 1139 docet
1699 1101 1860 1147 Joannem
1873 1101 2129 1137 Antiochenam

1242 1156 1280 1181 ac
1289 1147 1359 1192 ejus
1370 1148 1404 1182 in
1417 1147 1479 1183 hac
1489 1150 1678 1194 Legatione
1689 1152 1795 1185 socios
1810 1153 2030 1195 potentissime
2048 1154 2132 1198 egis·

1242 1197 1274 1231 se
1294 1208 1410 1233 contra
1433 1200 1588 1239 Sanftum
1609 1200 1777 1244 Cyrillum
1791 1224 1802 1242 ‚
1828 1201 2000 1236 adversum
2012 1201 2130 1244 ejusin

1240 1245 1434 1284 Nestorium
1462 1248 1546 1285 Aeta
1575 1275 1593 1291 ‚
1622 1262 1660 1285 ac
1678 1250 1848 1294 praesertim
1870 1251 2040 1287 adversum
2061 1252 2130 1295 ejus

1238 1297 1416 1340 Capitula.
1441 1300 1538 1336 Hinc
1560 1300 1653 1338 enim
1673 1299 1859 1346 Synodales
1869 1302 2009 1348 Legati,
2035 1301 2126 1346 quod

1238 1345 1395 1392 Princeps
1405 1359 1522 1385 eorum
1534 1350 1714 1396 Apologiis
1738 1363 1808 1385 non
1831 1351 1927 1396 plene
1948 1352 2130 1395 acquiesce-

1238 1407 1286 1430 ret
1300 1420 1312 1438 ,
1339 1408 1500 1442 rogarunt
1525 1399 1633 1443 ipsum
1643 1400 1818 1440 advocari,
1843 1411 1961 1445 utpote
1979 1403 2037 1443 qui
2056 1412 2129 1436 tta-

1235 1455 1306 1482 tem
1331 1448 1528 1494 &linguam
1539 1447 1699 1490 haberet,
1726 1449 1869 1494 ideoque
1881 1450 2002 1485 melius
2024 1453 2127 1495 postet

1236 1503 1295 1547 pro
1316 1499 1491 1541 semetipso
1504 1500 1721 1536 satisfacere.
1747 1500 1824 1534 Nec
1847 1499 2015 1541 dubium,
2043 1502 2126 1543 quin

1235 1533 1421 1587 addiderint
1434 1546 1522 1585 hanc
1531 1549 1764 1585 evocationem
1775 1549 1832 1594 ipsi
1846 1550 1970 1594 semper
1981 1550 2098 1585 fuisse'
2089 1563 2125 1586 ιιι

1235 1599 1344 1639 votis,
1370 1599 1405 1633 dc
1427 1600 1500 1634 fore
1519 1599 1803 1644 aceeptiflimam.
1830 1599 1874 1634 Et
1895 1600 1993 1636 hasce
2010 1611 2124 1644 preces

1235 1648 1291 1683 ine
1302 1648 1448 1683 omnino=
1460 1649 1612 1695 respicit·
1603 1662 1638 1684 ιιι
1650 1651 1710 1685 suo
1723 1649 1950 1695 Apologetico
1960 1676 1968 1684 .
1995 1649 2044 1684 At
2055 1661 2125 1694 pre

1231 1707 1284 1733 ces
1305 1709 1376 1733 non
1398 1700 1539 1735 fuerunt.
1554 1700 1732 1736 exauditae..
1760 1700 1804 1735 Et
1816 1699 1896 1735 hinc
1909 1701 2017 1737 oritur
2038 1712 2122 1746 qun-

1230 1747 1294 1783 stio
1317 1775 1328 1790 ,
1354 1749 1539 1797 Qomodo
1559 1752 1709 1786 Nestorii
1733 1751 1907 1786 damnatio
1927 1775 1939 1792 ,
1965 1761 2028 1786 nec
2048 1760 2121 1786 non

1230 1800 1353 1844 Cyrilli
1386 1811 1424 1835 ac
1436 1800 1632 1837 Memnonis
1642 1803 1801 1846 reparatio
1823 1801 1944 1837 fuerint
1957 1799 2122 1836 Constan-

1229 1850 1374 1893 tinopoli
1397 1861 1453 1895 per
1471 1850 1704 1886 Theodosium
1727 1851 1929 1887 confirmata
1950 1861 2028 1886 ante
2048 1850 2119 1895 ejus

1229 1898 1417 1941 Trajeetum
1426 1923 1439 1939 ,
1455 1899 1489 1935 ὅ(
1501 1901 1744 1935 Confistorium
1753 1901 1844 1945 apud
1852 1900 2119 1936 Chalcedonem?

1230 1948 1365 1983 Etenim
1389 1949 1536 1995 Cyrillus
1558 1950 1631 1985 istic
1651 1950 1761 1986 adhuc
1773 1952 1836 1986 fuit
1857 1950 1942 1985 inter
1960 1961 2032 1986 reos
2045 1973 2058 1992 ,
2082 1949 2120 1985 ἀ

1227 1997 1370 2032 necdum
1385 1998 1481 2040 plene
1491 2001 1624 2044 purgari
1643 2001 1762 2034 meruit
1773 2013 1785 2033 :
1810 2000 1996 2046 Qomo'do
2014 2000 2119 2045 igitur

1226 2056 1318 2081 antea
1343 2047 1406 2081 fuit
1419 2048 1614 2084 confirmata
1625 2049 1695 2092 ejus
1709 2051 1891 2093 reparatio?
1916 2049 2117 2094 Respondeo

1225 2107 1262 2130 ac
1293 2097 1398 2130 fateor
1418 2107 1487 2130 non
1512 2100 1576 2132 effe
1600 2100 1703 2134 levem
1727 2099 1915 2144 scrupulum
1934 2125 1942 2132 .
1972 2100 2116 2134 Interim

1223 2145 1312 2190 quod
1333 2144 1514 2190 Imperator
1536 2148 1686 2183 Nestorii
1708 2149 1961 2185 damnationem
1985 2161 2025 2184 ac
2045 2150 2116 2185 exi·

1223 2196 1303 2230 lium
1329 2196 1507 2232 firmaverit
1524 2208 1603 2233 ante
1616 2196 1684 2233 hoc
1692 2198 1956 2241 Confistorium,
1982 2210 2053 2239 non
2065 2198 2114 2234 est

1221 2245 1442 2281 dubitandum
1453 2271 1461 2280 .
1490 2247 1624 2281 Etenim
1634 2248 1677 2282 de
1688 2247 1834 2292 istoipso
1845 2247 1933 2282 nihil
1958 2249 2011 2284 vel
2022 2249 2113 2286 audi-

1168 2299 1170 2302 ’
1222 2306 1254 2329 re
1266 2295 1396 2337 voluit,
1423 2297 1589 2333 affirmans
1600 2297 1641 2333 de
1652 2298 1771 2343 eojam
1780 2299 1924 2334 formam
1937 2299 2111 2334 emanasse.

1222 2346 1268 2381 At
1282 2356 1357 2380 vero
1369 2320 1436 2381 h’aec
1448 2347 1619 2382 damnatio
1630 2358 1699 2383 erat
1710 2349 1864 2392 palmaris
1885 2350 1922 2383 in
1943 2348 2110 2392 Cyrillum

1190 2416 1193 2419 -
1217 2395 1419 2437 calumnia,
1445 2396 1589 2442 ideoque
1603 2398 1739 2433 videtur
1761 2408 1833 2434 non
1854 2397 2111 2446 dubitandum,

262 2456 313 2484 ter
337 2444 566 2495 decertemus}
577 2448 651 2484 E't
659 2449 699 2484 'ad
721 2459 777 2483 eos
800 2450 928 2484 sortiter
949 2449 1157 2490 compescen·
1189 2442 1193 2484 ἶ
1216 2446 1300 2489 quin
1324 2444 1463 2479 &hunc
1483 2455 1567 2481 tunc
1581 2446 1795 2483 Theodosius
1814 2448 1998 2483 admiserit
2027 2424 2112 2484 Uti·

1215 2505 1282 2539 que
1308 2494 1352 2528 ob
1365 2497 1583 2530 reverentiam
1610 2507 1649 2531 ac
1668 2496 1903 2532 authoritatem
1915 2497 2044 2541 Synodi
2070 2508 2111 2534 ae

1215 2543 1541 2603 SedisApostolicae.
1569 2545 1706 2581 Etenim
1715 2548 1796 2581 dum
1807 2547 2002 2582 Nestorium
2023 2547 2109 2591 abje-

1216 2596 1297 2635 cit,
1331 2594 1472 2638 agnovit:
1497 2594 1743 2638 legitimitatem
1768 2596 1925 2638 Synodi.
1961 2597 2107 2632 Proinde

1209 2619 1349 2688 praes’ens
1368 2642 1542 2677 dubitatio.
1554 2643 1617 2676 fuit
1643 2654 1714 2677 non
1733 2643 1774 2678 de
1794 2644 1916 2687 Cyrilli
1936 2645 2079 2681 Persona
2093 2670 2105 2688 ‚

1210 2796 1341 2832 miffarn
1351 2794 1422 2837 ejus
1430 2793 1704 2828 communionem
1715 2819 1726 2835 ,
1751 2792 1949 2831 damnarunt
1960 2794 2030 2839 ejus
2038 2796 2104 2831 Ca-

1213 2846 1335 2891 pi'mla
1363 2844 1453 2891 Qia
1467 2854 1584 2886 nempe
1595 2842 1686 2879 aliud
1697 2843 1744 2879 est
1755 2845 1938 2881 Donarem
1963 2849 2026 2882 effe
2037 2848 2102 2882 Or-

1207 2896 1402 2931 ,thodoxum
1417 2919 1430 2935 ‚
1454 2893 1543 2928 aliud
1555 2893 1713 2938 quosdam
1725 2894 1793 2939 ejus
1801 2895 1958 2932 articulos
1969 2898 2034 2931 effe
2047 2897 2099 2931 de-

1182 2966 1185 2982 :
1206 2948 1300 2981 «νιος
1302 2948 1303 2951 ’
1330 2944 1563 2979 Nihilominus
1587 2946 1769 2988 pertinaces
1789 2946 2014 2982 Fastiosorum
2037 2946 2098 2981 Le-

1208 3005 1365 3043 gamrum
1385 2994 1626 3030 interceffiones
1647 2996 1767 3039 poffint
1781 2996 2011 3031 Theodosium
2021 2996 2098 3031 ade-

1203 3046 1336 3093 giesi-‚in
1349 3046 1493 3089 aliquam
1504 3045 1757 3080 titubationem.
1784 3045 1931 3082 Praesens
1949 3046 2097 3090 Epistola

1204 3099 1340 3140 insuper
1360 3095 1459 3130 docet
1470 3094 1632 3130 Acacium
1646 3096 1894 3132 Melitinensem
1910 3098 2002 3140 pari,
2026 3108 2095 3138 quo
2151 3111 2165 3116 -

1200 3147 1354 3183 >vaniora
1367 3145 1658 3191 Legatioinvasit,
1685 3143 1810 3191 impetn
1832 3147 2011 3182 defendisse
2031 3147 2094 3182 Ca-

1207 3197 1313 3242 pitula
1339 3218 1351 3237 ,
1388 3197 1492 3231 &ita
1516 3196 1676 3231 admisisse
1701 3195 1788 3232 hanc
1813 3197 2093 3242 propofitionem.:

1204 3252 1318 3283 Deiras
1332 3246 1377 3288 eft
1392 3246 1534 3289 pafflbilis
1555 3271 1563 3278 .
1590 3246 1810 3293 Nequaquam
1834 3246 2068 3283 estvcalumnia
2084 3271 2091 3279 .

1208 3296 1449 3340 Etenim-hujus
1461 3296 1547 3331 verbi
1562 3298 1715 3333 meminit
1725 3300 1826 3334 etiam
1846 3298 1888 3331 ιἰι-
1901 3298 1955 3330 sua
1967 3296 2092 3330 famosa

1174 3341 1179 3353 ⁹
1206 3347 1351 3391 Epistola
1375 3348 1447 3381 lbas
1474 3347 1650 3382 Edessenus
1675 3373 1686 3389 ‚
1711 3359 1813 3392 agens
1836 3347 1878 3381 de
1894 3348 1985 3383 facta
2006 3346 2092 3380 inter

1199 3398 1362 3433 ‘Ecclesias
1372 3409 1450 3442 pace
1463 3411 1474 3432 .·
1495 3401 1641 3443 Joannes
1663 3396 1992 3440 PaulmsEmesenum
2015 3396 2090 3428 dire-

1993 3451 2041 3479 nte
