<?xml version="1.0" encoding="UTF-8"?>
<!DOCTYPE html PUBLIC "-//W3C//DTD XHTML 1.0 Transitional//EN"
    "http://www.w3.org/TR/xhtml1/DTD/xhtml1-transitional.dtd">
<html xmlns="http://www.w3.org/1999/xhtml" xml:lang="en" lang="en">
 <head>
  <title>
</title>
<meta http-equiv="Content-Type" content="text/html;charset=utf-8" />
  <meta name='ocr-system' content='tesseract 3.04.00' />
  <meta name='ocr-capabilities' content='ocr_page ocr_carea ocr_par ocr_line ocrx_word'/>
</head>
<body>
  <div class='ocr_page' id='page_1' title='image "./operaomniastudio07lupuuoft/operaomniastudio07lupuuoft_0235.png"; bbox 0 0 2320 3730; ppageno 0'>
   <div class='ocr_carea' id='block_1_1' title="bbox 615 195 1677 254">
    <p class='ocr_par' dir='ltr' id='par_1_1' title="bbox 615 195 1677 254">
     <span class='ocr_line' id='line_1_1' title="bbox 615 195 1677 254; baseline -0.004 -11"><span class='ocrx_word' id='word_1_1' title='bbox 615 200 924 254; x_wconf 75' lang='lat' dir='ltr'><em>SCHOL11s,</em></span> <span class='ocrx_word' id='word_1_2' title='bbox 962 212 1024 241; x_wconf 77' lang='lat' dir='ltr'><em>ET</em></span> <span class='ocrx_word' id='word_1_3' title='bbox 1058 195 1250 241; x_wconf 68' lang='lat' dir='ltr'><em>Nous</em></span> <span class='ocrx_word' id='word_1_4' title='bbox 1288 206 1677 239; x_wconf 78' lang='lat' dir='ltr'>ILLUSTRATAE.</span> 
     </span>
    </p>
   </div>
   <div class='ocr_carea' id='block_1_2' title="bbox 203 274 1093 1169">
    <p class='ocr_par' dir='ltr' id='par_1_2' title="bbox 203 274 1093 1169">
     <span class='ocr_line' id='line_1_2' title="bbox 214 274 1091 324; baseline -0.005 -10"><span class='ocrx_word' id='word_1_5' title='bbox 214 280 302 315; x_wconf 81' lang='lat' dir='ltr'><em>inter</em></span> <span class='ocrx_word' id='word_1_6' title='bbox 327 274 527 321; x_wconf 83' lang='lat' dir='ltr'><em>Apollinarii</em></span> <span class='ocrx_word' id='word_1_7' title='bbox 551 278 719 324; x_wconf 81' lang='lat' dir='ltr'>Dogmata</span> <span class='ocrx_word' id='word_1_8' title='bbox 742 279 783 312; x_wconf 87' lang='lat' dir='ltr'><em>ab</em></span> <span class='ocrx_word' id='word_1_9' title='bbox 807 278 947 313; x_wconf 82' lang='lat' dir='ltr'>Ecclesia</span> <span class='ocrx_word' id='word_1_10' title='bbox 970 274 1091 312; x_wconf 75' lang='lat' dir='ltr'><em>Christi</em></span> 
     </span>
     <span class='ocr_line' id='line_1_3' title="bbox 214 325 1093 373; baseline -0.006 -10"><span class='ocrx_word' id='word_1_11' title='bbox 214 330 288 364; x_wconf 71' lang='lat' dir='ltr'><em>ante</em></span> <span class='ocrx_word' id='word_1_12' title='bbox 309 327 499 362; x_wconf 83' lang='lat' dir='ltr'><em>damnatum</em></span> <span class='ocrx_word' id='word_1_13' title='bbox 521 328 559 362; x_wconf 85' lang='lat' dir='ltr'><em>fit</em></span> <span class='ocrx_word' id='word_1_14' title='bbox 575 354 585 370; x_wconf 94' lang='lat'>‚</span> <span class='ocrx_word' id='word_1_15' title='bbox 616 340 714 373; x_wconf 81' lang='lat' dir='ltr'><em>quam</em></span> <span class='ocrx_word' id='word_1_16' title='bbox 739 329 942 363; x_wconf 86' lang='lat' dir='ltr'><em>nascerentur</em></span> <span class='ocrx_word' id='word_1_17' title='bbox 971 327 1027 365; x_wconf 87' lang='lat' dir='ltr'><em>hi,</em></span> <span class='ocrx_word' id='word_1_18' title='bbox 1053 325 1093 358; x_wconf 88' lang='lat' dir='ltr'><em>de</em></span> 
     </span>
     <span class='ocr_line' id='line_1_4' title="bbox 214 375 1093 423; baseline -0.006 -11"><span class='ocrx_word' id='word_1_19' title='bbox 214 377 330 423; x_wconf 85' lang='lat' dir='ltr'><em>quibus</em></span> <span class='ocrx_word' id='word_1_20' title='bbox 348 388 436 411; x_wconf 86' lang='lat' dir='ltr'><em>nunc</em></span> <span class='ocrx_word' id='word_1_21' title='bbox 446 378 549 413; x_wconf 88' lang='lat' dir='ltr'><em>sermo</em></span> <span class='ocrx_word' id='word_1_22' title='bbox 564 380 603 412; x_wconf 87' lang='lat' dir='ltr'><em>fit</em></span> <span class='ocrx_word' id='word_1_23' title='bbox 617 403 624 411; x_wconf 90' lang='lat'>.</span> <span class='ocrx_word' id='word_1_24' title='bbox 651 379 745 413; x_wconf 86' lang='lat' dir='ltr'>Beati</span> <span class='ocrx_word' id='word_1_25' title='bbox 755 378 918 412; x_wconf 83' lang='lat' dir='ltr'><em>Ambrofii</em></span> <span class='ocrx_word' id='word_1_26' title='bbox 934 375 1093 411; x_wconf 83' lang='lat' dir='ltr'><em>Mediola-</em></span> 
     </span>
     <span class='ocr_line' id='line_1_5' title="bbox 211 426 1093 473; baseline -0.001 -13"><span class='ocrx_word' id='word_1_27' title='bbox 211 426 317 464; x_wconf 80' lang='lat' dir='ltr'><em>nenfis</em></span> <span class='ocrx_word' id='word_1_28' title='bbox 329 427 482 473; x_wconf 85' lang='lat' dir='ltr'>Episcopi</span> <span class='ocrx_word' id='word_1_29' title='bbox 494 429 582 462; x_wconf 86' lang='lat' dir='ltr'><em>enim</em></span> <span class='ocrx_word' id='word_1_30' title='bbox 595 428 780 473; x_wconf 84' lang='lat' dir='ltr'><em>digniffima</em></span> <span class='ocrx_word' id='word_1_31' title='bbox 795 428 915 471; x_wconf 85' lang='lat' dir='ltr'>Scripta</span> <span class='ocrx_word' id='word_1_32' title='bbox 925 428 1093 464; x_wconf 74' lang='lat' dir='ltr'><em>testantur,</em></span> 
     </span>
     <span class='ocr_line' id='line_1_6' title="bbox 211 476 1093 520; baseline -0.002 -11"><span class='ocrx_word' id='word_1_33' title='bbox 211 476 275 510; x_wconf 75' lang='lat' dir='ltr'><em>⁴viri</em></span> <span class='ocrx_word' id='word_1_34' title='bbox 290 478 376 520; x_wconf 80' lang='lat' dir='ltr'><em>apud</em></span> <span class='ocrx_word' id='word_1_35' title='bbox 401 478 575 512; x_wconf 86' lang='lat' dir='ltr'><em>Ecclefiam</em></span> <span class='ocrx_word' id='word_1_36' title='bbox 587 480 652 512; x_wconf 88' lang='lat' dir='ltr'><em>Dei</em></span> <span class='ocrx_word' id='word_1_37' title='bbox 676 479 758 512; x_wconf 84' lang='lat' dir='ltr'><em>ultra</em></span> <span class='ocrx_word' id='word_1_38' title='bbox 770 488 900 512; x_wconf 85' lang='lat' dir='ltr'><em>caeteros</em></span> <span class='ocrx_word' id='word_1_39' title='bbox 913 476 1093 519; x_wconf 87' lang='lat' dir='ltr'><em>Episcopos</em></span> 
     </span>
     <span class='ocr_line' id='line_1_7' title="bbox 211 524 1093 572; baseline -0.005 -11"><span class='ocrx_word' id='word_1_40' title='bbox 211 526 325 561; x_wconf 78' lang='lat' dir='ltr'>famosi</span> <span class='ocrx_word' id='word_1_41' title='bbox 340 553 352 568; x_wconf 97' lang='lat'><em>,</em></span> <span class='ocrx_word' id='word_1_42' title='bbox 378 528 410 561; x_wconf 89' lang='lat'>&amp;</span> <span class='ocrx_word' id='word_1_43' title='bbox 423 539 518 571; x_wconf 88' lang='lat' dir='ltr'><em>quem</em></span> <span class='ocrx_word' id='word_1_44' title='bbox 530 541 590 572; x_wconf 91' lang='lat' dir='ltr'><em>pro</em></span> <span class='ocrx_word' id='word_1_45' title='bbox 599 529 723 563; x_wconf 86' lang='lat' dir='ltr'><em>meritis</em></span> <span class='ocrx_word' id='word_1_46' title='bbox 736 529 800 562; x_wconf 85' lang='lat' dir='ltr'><em>suis</em></span> <span class='ocrx_word' id='word_1_47' title='bbox 822 538 891 561; x_wconf 89' lang='lat' dir='ltr'><em>non</em></span> <span class='ocrx_word' id='word_1_48' title='bbox 904 526 1008 559; x_wconf 69' lang='lat' dir='ltr'><em>solum</em></span> <span class='ocrx_word' id='word_1_49' title='bbox 1031 524 1093 557; x_wconf 87' lang='lat' dir='ltr'><em>Ca-</em></span> 
     </span>
     <span class='ocr_line' id='line_1_8' title="bbox 211 575 1092 622; baseline -0.003 -11"><span class='ocrx_word' id='word_1_50' title='bbox 211 575 328 611; x_wconf 86' lang='lat' dir='ltr'><em>tholici</em></span> <span class='ocrx_word' id='word_1_51' title='bbox 340 603 351 619; x_wconf 91' lang='lat'>‚</span> <span class='ocrx_word' id='word_1_52' title='bbox 377 578 430 612; x_wconf 85' lang='lat' dir='ltr'><em>sed</em></span> <span class='ocrx_word' id='word_1_53' title='bbox 445 580 546 612; x_wconf 74' lang='lat' dir='ltr'><em>caeteri</em></span> <span class='ocrx_word' id='word_1_54' title='bbox 559 578 727 622; x_wconf 85' lang='lat' dir='ltr'>Principes</span> <span class='ocrx_word' id='word_1_55' title='bbox 746 577 813 619; x_wconf 82' lang='lat' dir='ltr'><em>ejus</em></span> <span class='ocrx_word' id='word_1_56' title='bbox 835 576 988 619; x_wconf 85' lang='lat' dir='ltr'><em>temporis</em></span> <span class='ocrx_word' id='word_1_57' title='bbox 1008 575 1092 608; x_wconf 87' lang='lat' dir='ltr'><em>ultra</em></span> 
     </span>
     <span class='ocr_line' id='line_1_9' title="bbox 209 625 1091 673; baseline -0.005 -12"><span class='ocrx_word' id='word_1_58' title='bbox 209 638 328 662; x_wconf 86' lang='lat' dir='ltr'><em>omnes</em></span> <span class='ocrx_word' id='word_1_59' title='bbox 340 629 414 661; x_wconf 89' lang='lat' dir='ltr'><em>sunt</em></span> <span class='ocrx_word' id='word_1_60' title='bbox 427 627 521 661; x_wconf 88' lang='lat' dir='ltr'><em>veriti</em></span> <span class='ocrx_word' id='word_1_61' title='bbox 533 628 738 664; x_wconf 81' lang='lat' dir='ltr'><em>Sacerdotes:</em></span> <span class='ocrx_word' id='word_1_62' title='bbox 766 625 869 673; x_wconf 82' lang='lat' dir='ltr'><em>Cujus</em></span> <span class='ocrx_word' id='word_1_63' title='bbox 890 627 989 660; x_wconf 84' lang='lat' dir='ltr'><em>etiam</em></span> <span class='ocrx_word' id='word_1_64' title='bbox 1008 625 1091 660; x_wconf 87' lang='lat' dir='ltr'><em>testi-</em></span> 
     </span>
     <span class='ocr_line' id='line_1_10' title="bbox 211 674 1093 722; baseline -0.003 -11"><span class='ocrx_word' id='word_1_65' title='bbox 211 678 337 711; x_wconf 85' lang='lat' dir='ltr'>moniis</span> <span class='ocrx_word' id='word_1_66' title='bbox 359 676 522 720; x_wconf 85' lang='lat' dir='ltr'><em>Ephefina</em></span> <span class='ocrx_word' id='word_1_67' title='bbox 547 678 701 722; x_wconf 86' lang='lat' dir='ltr'><em>Synodus</em></span> <span class='ocrx_word' id='word_1_68' title='bbox 723 677 776 711; x_wconf 87' lang='lat' dir='ltr'><em>usa</em></span> <span class='ocrx_word' id='word_1_69' title='bbox 797 676 842 710; x_wconf 88' lang='lat' dir='ltr'><em>est</em></span> <span class='ocrx_word' id='word_1_70' title='bbox 860 701 868 708; x_wconf 90' lang='lat'>.</span> <span class='ocrx_word' id='word_1_71' title='bbox 895 676 991 709; x_wconf 90' lang='lat' dir='ltr'>Dicit</span> <span class='ocrx_word' id='word_1_72' title='bbox 1013 674 1093 719; x_wconf 76' lang='lat' dir='ltr'><em>ergo</em></span> 
     </span>
     <span class='ocr_line' id='line_1_11' title="bbox 210 725 1092 771; baseline -0.003 -11"><span class='ocrx_word' id='word_1_73' title='bbox 210 726 402 761; x_wconf 78' lang='lat' dir='ltr'><em>Ambrofius</em></span> <span class='ocrx_word' id='word_1_74' title='bbox 419 729 453 761; x_wconf 89' lang='lat' dir='ltr'><em>in</em></span> <span class='ocrx_word' id='word_1_75' title='bbox 478 728 563 762; x_wconf 84' lang='lat' dir='ltr'><em>libro</em></span> <span class='ocrx_word' id='word_1_76' title='bbox 574 738 687 762; x_wconf 82' lang='lat' dir='ltr'><em>contra</em></span> <span class='ocrx_word' id='word_1_77' title='bbox 698 728 866 771; x_wconf 85' lang='lat' dir='ltr'>Dogmata</span> <span class='ocrx_word' id='word_1_78' title='bbox 891 725 1092 768; x_wconf 82' lang='lat' dir='ltr'><em>Apollinarii</em></span> 
     </span>
     <span class='ocr_line' id='line_1_12' title="bbox 212 776 1091 821; baseline -0.003 -11"><span class='ocrx_word' id='word_1_79' title='bbox 212 776 335 821; x_wconf 85' lang='lat' dir='ltr'><em>scripto</em></span> <span class='ocrx_word' id='word_1_80' title='bbox 349 777 433 811; x_wconf 87' lang='lat' dir='ltr'><em>inter</em></span> <span class='ocrx_word' id='word_1_81' title='bbox 443 778 546 812; x_wconf 82' lang='lat' dir='ltr'><em>multa</em></span> <span class='ocrx_word' id='word_1_82' title='bbox 556 777 669 811; x_wconf 81' lang='lat' dir='ltr'>similia</span> <span class='ocrx_word' id='word_1_83' title='bbox 697 778 730 811; x_wconf 70' lang='grc' dir='ltr'><em>ὅ(</em></span> <span class='ocrx_word' id='word_1_84' title='bbox 748 776 829 811; x_wconf 87' lang='lat' dir='ltr'><em>hoc:</em></span> <span class='ocrx_word' id='word_1_85' title='bbox 859 780 905 809; x_wconf 85' lang='lat' dir='ltr'><em>Et</em></span> <span class='ocrx_word' id='word_1_86' title='bbox 917 776 1070 819; x_wconf 82' lang='lat' dir='ltr'><em>hosigitur</em></span> <span class='ocrx_word' id='word_1_87' title='bbox 1081 798 1091 814; x_wconf 94' lang='lat'><em>,</em></span> 
     </span>
     <span class='ocr_line' id='line_1_13' title="bbox 212 824 1090 871; baseline -0.001 -12"><span class='ocrx_word' id='word_1_88' title='bbox 212 832 266 868; x_wconf 83' lang='lat' dir='ltr'><em>qui</em></span> <span class='ocrx_word' id='word_1_89' title='bbox 286 832 318 859; x_wconf 84' lang='lat' dir='ltr'><em>in</em></span> <span class='ocrx_word' id='word_1_90' title='bbox 340 826 555 870; x_wconf 83' lang='lat' dir='ltr'><em>phantasmate</em></span> <span class='ocrx_word' id='word_1_91' title='bbox 575 829 683 871; x_wconf 69' lang='lat' dir='ltr'><em>vemffi’</em></span> <span class='ocrx_word' id='word_1_92' title='bbox 708 831 874 861; x_wconf 85' lang='lat' dir='ltr'><em>Dominum</em></span> <span class='ocrx_word' id='word_1_93' title='bbox 874 825 987 871; x_wconf 86' lang='lat' dir='ltr'><em>Jesum</em></span> <span class='ocrx_word' id='word_1_94' title='bbox 1006 824 1090 861; x_wconf 79' lang='lat' dir='ltr'><em>chri-</em></span> 
     </span>
     <span class='ocr_line' id='line_1_14' title="bbox 207 875 1091 918; baseline -0.003 -9"><span class='ocrx_word' id='word_1_95' title='bbox 207 875 287 916; x_wconf 81' lang='lat' dir='ltr'><em>flum</em></span> <span class='ocrx_word' id='word_1_96' title='bbox 304 879 477 918; x_wconf 83' lang='lat' dir='ltr'><em>praedicant</em></span> <span class='ocrx_word' id='word_1_97' title='bbox 488 902 499 917; x_wconf 89' lang='lat'>‚</span> <span class='ocrx_word' id='word_1_98' title='bbox 525 878 559 911; x_wconf 63' lang='grc' dir='ltr'>Θ</span> <span class='ocrx_word' id='word_1_99' title='bbox 571 878 635 910; x_wconf 85' lang='lat' dir='ltr'><em>illos</em></span> <span class='ocrx_word' id='word_1_100' title='bbox 654 879 850 911; x_wconf 87' lang='lat' dir='ltr'><em>condemnare</em></span> <span class='ocrx_word' id='word_1_101' title='bbox 860 876 1016 916; x_wconf 87' lang='lat' dir='ltr'><em>debemus,</em></span> <span class='ocrx_word' id='word_1_102' title='bbox 1042 878 1091 916; x_wconf 85' lang='lat' dir='ltr'><em>qui</em></span> 
     </span>
     <span class='ocr_line' id='line_1_15' title="bbox 211 924 1091 969; baseline -0.005 -10"><span class='ocrx_word' id='word_1_103' title='bbox 211 924 336 969; x_wconf 85' lang='lat' dir='ltr'><em>diversa</em></span> <span class='ocrx_word' id='word_1_104' title='bbox 347 932 452 960; x_wconf 87' lang='lat' dir='ltr'><em>erroris</em></span> <span class='ocrx_word' id='word_1_105' title='bbox 463 928 544 960; x_wconf 88' lang='lat' dir='ltr'><em>linea</em></span> <span class='ocrx_word' id='word_1_106' title='bbox 554 938 611 960; x_wconf 88' lang='lat' dir='ltr'><em>non</em></span> <span class='ocrx_word' id='word_1_107' title='bbox 621 939 714 960; x_wconf 87' lang='lat' dir='ltr'><em>unum</em></span> <span class='ocrx_word' id='word_1_108' title='bbox 727 930 907 968; x_wconf 78' lang='lat' dir='ltr'><em>eundemque</em></span> <span class='ocrx_word' id='word_1_109' title='bbox 920 925 1035 959; x_wconf 80' lang='lat' dir='ltr'><em>Filium</em></span> <span class='ocrx_word' id='word_1_110' title='bbox 1047 925 1091 956; x_wconf 82' lang='lat' dir='ltr'><em>di-</em></span> 
     </span>
     <span class='ocr_line' id='line_1_16' title="bbox 212 974 1092 1019; baseline -0.002 -11"><span class='ocrx_word' id='word_1_111' title='bbox 212 985 282 1009; x_wconf 81' lang='lat' dir='ltr'><em>cunt</em></span> <span class='ocrx_word' id='word_1_112' title='bbox 293 975 366 1019; x_wconf 87' lang='lat' dir='ltr'><em>‚sed</em></span> <span class='ocrx_word' id='word_1_113' title='bbox 375 977 467 1011; x_wconf 88' lang='lat' dir='ltr'><em>alium</em></span> <span class='ocrx_word' id='word_1_114' title='bbox 482 979 534 1019; x_wconf 82' lang='lat' dir='ltr'><em>effe</em></span> <span class='ocrx_word' id='word_1_115' title='bbox 543 981 641 1018; x_wconf 79' lang='lat' dir='ltr'><em>quiex</em></span> <span class='ocrx_word' id='word_1_116' title='bbox 652 980 713 1010; x_wconf 90' lang='lat' dir='ltr'><em>Deo</em></span> <span class='ocrx_word' id='word_1_117' title='bbox 725 980 818 1009; x_wconf 85' lang='lat' dir='ltr'><em>Patre</em></span> <span class='ocrx_word' id='word_1_118' title='bbox 829 985 919 1008; x_wconf 89' lang='lat' dir='ltr'><em>natus</em></span> <span class='ocrx_word' id='word_1_119' title='bbox 928 974 965 1015; x_wconf 79' lang='lat' dir='ltr'><em>fit</em></span> <span class='ocrx_word' id='word_1_120' title='bbox 976 999 987 1014; x_wconf 92' lang='lat'><em>,</em></span> <span class='ocrx_word' id='word_1_121' title='bbox 997 976 1092 1008; x_wconf 86' lang='lat' dir='ltr'><em>alium</em></span> 
     </span>
     <span class='ocr_line' id='line_1_17' title="bbox 211 1024 1092 1069; baseline -0.001 -11"><span class='ocrx_word' id='word_1_122' title='bbox 211 1032 265 1067; x_wconf 83' lang='lat' dir='ltr'><em>qui</em></span> <span class='ocrx_word' id='word_1_123' title='bbox 267 1025 306 1066; x_wconf 85' lang='lat' dir='ltr'><em>fit</em></span> <span class='ocrx_word' id='word_1_124' title='bbox 310 1034 470 1069; x_wconf 86' lang='lat' dir='ltr'><em>generatus</em></span> <span class='ocrx_word' id='word_1_125' title='bbox 481 1037 519 1058; x_wconf 77' lang='lat' dir='ltr'><em>ex</em></span> <span class='ocrx_word' id='word_1_126' title='bbox 532 1030 653 1067; x_wconf 83' lang='lat' dir='ltr'><em>Virgine</em></span> <span class='ocrx_word' id='word_1_127' title='bbox 665 1050 672 1056; x_wconf 96' lang='lat'>.</span> <span class='ocrx_word' id='word_1_128' title='bbox 701 1030 779 1058; x_wconf 87' lang='lat' dir='ltr'><em>Cum</em></span> <span class='ocrx_word' id='word_1_129' title='bbox 790 1024 988 1068; x_wconf 75' lang='lat' dir='ltr'><em>Evangelista</em></span> <span class='ocrx_word' id='word_1_130' title='bbox 998 1026 1092 1064; x_wconf 86' lang='lat' dir='ltr'><em>dicat,</em></span> 
     </span>
     <span class='ocr_line' id='line_1_18' title="bbox 209 1072 1092 1116; baseline 0.002 -11"><span class='ocrx_word' id='word_1_131' title='bbox 209 1080 284 1116; x_wconf 82' lang='lat' dir='ltr'><em>quia</em></span> <span class='ocrx_word' id='word_1_132' title='bbox 295 1073 442 1107; x_wconf 81' lang='lat' dir='ltr'>Verbum</span> <span class='ocrx_word' id='word_1_133' title='bbox 454 1072 542 1107; x_wconf 86' lang='lat' dir='ltr'><em>Caro</em></span> <span class='ocrx_word' id='word_1_134' title='bbox 554 1074 671 1108; x_wconf 60' lang='lat' dir='ltr'><em>facium</em></span> <span class='ocrx_word' id='word_1_135' title='bbox 684 1074 729 1108; x_wconf 80' lang='lat' dir='ltr'><em>est</em></span> <span class='ocrx_word' id='word_1_136' title='bbox 741 1100 752 1116; x_wconf 95' lang='lat'><em>,</em></span> <span class='ocrx_word' id='word_1_137' title='bbox 778 1083 813 1108; x_wconf 86' lang='lat' dir='ltr'><em>ut</em></span> <span class='ocrx_word' id='word_1_138' title='bbox 823 1086 915 1108; x_wconf 85' lang='lat' dir='ltr'><em>unum</em></span> <span class='ocrx_word' id='word_1_139' title='bbox 932 1078 1092 1109; x_wconf 80' lang='lat' dir='ltr'><em>Dominum</em></span> 
     </span>
     <span class='ocr_line' id='line_1_19' title="bbox 203 1120 1093 1169; baseline 0.003 -14"><span class='ocrx_word' id='word_1_140' title='bbox 203 1120 314 1169; x_wconf 85' lang='lat' dir='ltr'><em>Jesum</em></span> <span class='ocrx_word' id='word_1_141' title='bbox 324 1122 473 1163; x_wconf 76' lang='lat' dir='ltr'><em>christum</em></span> <span class='ocrx_word' id='word_1_142' title='bbox 482 1149 493 1164; x_wconf 92' lang='lat'><em>,</em></span> <span class='ocrx_word' id='word_1_143' title='bbox 518 1135 577 1157; x_wconf 87' lang='lat' dir='ltr'><em>non</em></span> <span class='ocrx_word' id='word_1_144' title='bbox 601 1127 673 1157; x_wconf 87' lang='lat' dir='ltr'><em>duos</em></span> <span class='ocrx_word' id='word_1_145' title='bbox 706 1126 837 1158; x_wconf 73' lang='lat' dir='ltr'><em>crederes</em></span> <span class='ocrx_word' id='word_1_146' title='bbox 848 1150 855 1158; x_wconf 87' lang='lat'><strong>.</strong></span> <span class='ocrx_word' id='word_1_147' title='bbox 882 1126 1029 1158; x_wconf 79' lang='lat' dir='ltr'><em>Nonnulli</em></span> <span class='ocrx_word' id='word_1_148' title='bbox 1051 1134 1093 1159; x_wconf 87' lang='lat' dir='ltr'><em>et-</em></span> 
     </span>
    </p>
   </div>
   <div class='ocr_carea' id='block_1_3' title="bbox 209 1173 1117 1216">
    <p class='ocr_par' dir='ltr' id='par_1_3' title="bbox 209 1173 1117 1216">
     <span class='ocr_line' id='line_1_20' title="bbox 209 1173 1117 1216; baseline 0.002 -10"><span class='ocrx_word' id='word_1_149' title='bbox 209 1179 273 1206; x_wconf 73' lang='lat' dir='ltr'><em>iam</em></span> <span class='ocrx_word' id='word_1_150' title='bbox 284 1174 368 1206; x_wconf 87' lang='lat' dir='ltr'><em>aliud</em></span> <span class='ocrx_word' id='word_1_151' title='bbox 378 1175 432 1206; x_wconf 83' lang='lat' dir='ltr'><em>Dei</em></span> <span class='ocrx_word' id='word_1_152' title='bbox 444 1173 572 1207; x_wconf 84' lang='lat' dir='ltr'><em>Verbum</em></span> <span class='ocrx_word' id='word_1_153' title='bbox 582 1198 592 1213; x_wconf 92' lang='lat'><em>,</em></span> <span class='ocrx_word' id='word_1_154' title='bbox 605 1176 691 1207; x_wconf 83' lang='lat' dir='ltr'><em>aliud</em></span> <span class='ocrx_word' id='word_1_155' title='bbox 699 1178 757 1208; x_wconf 89' lang='lat' dir='ltr'><em>Dei</em></span> <span class='ocrx_word' id='word_1_156' title='bbox 768 1177 884 1208; x_wconf 86' lang='lat' dir='ltr'><em>Filium</em></span> <span class='ocrx_word' id='word_1_157' title='bbox 894 1176 1093 1216; x_wconf 84' lang='lat' dir='ltr'><em>crediderunt,</em></span> <span class='ocrx_word' id='word_1_158' title='bbox 1115 1177 1117 1180; x_wconf 56' lang='lat'><em>⁴</em></span> 
     </span>
    </p>
   </div>
   <div class='ocr_carea' id='block_1_4' title="bbox 154 1221 1096 3453">
    <p class='ocr_par' dir='ltr' id='par_1_4' title="bbox 154 1221 1096 3453">
     <span class='ocr_line' id='line_1_21' title="bbox 209 1221 1092 1266; baseline 0.001 -10"><span class='ocrx_word' id='word_1_159' title='bbox 209 1234 275 1257; x_wconf 78' lang='lat' dir='ltr'><em>cum</em></span> <span class='ocrx_word' id='word_1_160' title='bbox 297 1221 392 1266; x_wconf 86' lang='lat' dir='ltr'><em>ipsum</em></span> <span class='ocrx_word' id='word_1_161' title='bbox 403 1248 413 1262; x_wconf 94' lang='lat'>‚</span> <span class='ocrx_word' id='word_1_162' title='bbox 439 1229 491 1265; x_wconf 85' lang='lat' dir='ltr'><em>qui</em></span> <span class='ocrx_word' id='word_1_163' title='bbox 501 1229 534 1256; x_wconf 86' lang='lat' dir='ltr'><em>in</em></span> <span class='ocrx_word' id='word_1_164' title='bbox 553 1229 703 1266; x_wconf 86' lang='lat' dir='ltr'><em>principio</em></span> <span class='ocrx_word' id='word_1_165' title='bbox 727 1233 792 1258; x_wconf 88' lang='lat' dir='ltr'><em>erat</em></span> <span class='ocrx_word' id='word_1_166' title='bbox 803 1225 931 1258; x_wconf 85' lang='lat' dir='ltr'><em>Verbum</em></span> <span class='ocrx_word' id='word_1_167' title='bbox 943 1226 1027 1265; x_wconf 89' lang='lat' dir='ltr'><em>apud</em></span> <span class='ocrx_word' id='word_1_168' title='bbox 1035 1228 1092 1257; x_wconf 86' lang='lat' dir='ltr'><em>Pa-</em></span> 
     </span>
     <span class='ocr_line' id='line_1_22' title="bbox 208 1272 1089 1318; baseline 0.001 -12"><span class='ocrx_word' id='word_1_169' title='bbox 208 1282 289 1307; x_wconf 70' lang='lat' dir='ltr'><em>trem</em></span> <span class='ocrx_word' id='word_1_170' title='bbox 298 1297 309 1313; x_wconf 95' lang='lat'><em>,</em></span> <span class='ocrx_word' id='word_1_171' title='bbox 336 1279 368 1304; x_wconf 92' lang='lat' dir='ltr'><em>in</em></span> <span class='ocrx_word' id='word_1_172' title='bbox 386 1272 444 1316; x_wconf 87' lang='lat' dir='ltr'><em>sua</em></span> <span class='ocrx_word' id='word_1_173' title='bbox 459 1279 585 1315; x_wconf 85' lang='lat' dir='ltr'><em>propria</em></span> <span class='ocrx_word' id='word_1_174' title='bbox 610 1275 716 1317; x_wconf 82' lang='lat' dir='ltr'><em>venisse</em></span> <span class='ocrx_word' id='word_1_175' title='bbox 740 1275 936 1318; x_wconf 75' lang='lat' dir='ltr'><em>Evangeltsta</em></span> <span class='ocrx_word' id='word_1_176' title='bbox 959 1275 1072 1314; x_wconf 86' lang='lat' dir='ltr'><em>testetur</em></span> <span class='ocrx_word' id='word_1_177' title='bbox 1082 1301 1089 1307; x_wconf 95' lang='lat'>.</span> 
     </span>
     <span class='ocr_line' id='line_1_23' title="bbox 209 1324 1093 1366; baseline 0.001 -10"><span class='ocrx_word' id='word_1_178' title='bbox 209 1325 286 1356; x_wconf 80' lang='lat' dir='ltr'><em>Sunt</em></span> <span class='ocrx_word' id='word_1_179' title='bbox 297 1332 393 1355; x_wconf 87' lang='lat' dir='ltr'><em>autem</em></span> <span class='ocrx_word' id='word_1_180' title='bbox 403 1329 455 1365; x_wconf 75' lang='lat' dir='ltr'><em>qui</em></span> <span class='ocrx_word' id='word_1_181' title='bbox 468 1333 614 1366; x_wconf 83' lang='lat' dir='ltr'><em>tanquam</em></span> <span class='ocrx_word' id='word_1_182' title='bbox 625 1326 670 1357; x_wconf 90' lang='lat' dir='ltr'><em>ad</em></span> <span class='ocrx_word' id='word_1_183' title='bbox 680 1335 772 1357; x_wconf 90' lang='lat' dir='ltr'><em>unum</em></span> <span class='ocrx_word' id='word_1_184' title='bbox 783 1324 1001 1366; x_wconf 81' lang='lat' dir='ltr'><em>Prophetarum</em></span> <span class='ocrx_word' id='word_1_185' title='bbox 1011 1349 1022 1365; x_wconf 93' lang='lat'>‚</span> <span class='ocrx_word' id='word_1_186' title='bbox 1047 1329 1093 1357; x_wconf 89' lang='lat' dir='ltr'><em>ita</em></span> 
     </span>
     <span class='ocr_line' id='line_1_24' title="bbox 209 1372 1093 1417; baseline 0.003 -13"><span class='ocrx_word' id='word_1_187' title='bbox 209 1373 256 1405; x_wconf 88' lang='lat' dir='ltr'><em>ad</em></span> <span class='ocrx_word' id='word_1_188' title='bbox 265 1372 414 1412; x_wconf 83' lang='lat' dir='ltr'><em>christum</em></span> <span class='ocrx_word' id='word_1_189' title='bbox 421 1373 491 1414; x_wconf 63' lang='lat' dir='ltr'><em>fac?</em></span> <span class='ocrx_word' id='word_1_190' title='bbox 495 1386 544 1406; x_wconf 92' lang='lat' dir='ltr'><em>um</em></span> <span class='ocrx_word' id='word_1_191' title='bbox 554 1374 604 1416; x_wconf 77' lang='lat' dir='ltr'><em>esse</em></span> <span class='ocrx_word' id='word_1_192' title='bbox 615 1373 739 1408; x_wconf 84' lang='lat' dir='ltr'><em>verbum</em></span> <span class='ocrx_word' id='word_1_193' title='bbox 756 1374 898 1408; x_wconf 83' lang='lat' dir='ltr'><em>arbitrati</em></span> <span class='ocrx_word' id='word_1_194' title='bbox 912 1373 985 1417; x_wconf 81' lang='lat' dir='ltr'><em>fient</em></span> <span class='ocrx_word' id='word_1_195' title='bbox 997 1398 1009 1414; x_wconf 91' lang='lat'><em>,</em></span> <span class='ocrx_word' id='word_1_196' title='bbox 1036 1386 1093 1407; x_wconf 85' lang='lat' dir='ltr'><em>non</em></span> 
     </span>
     <span class='ocr_line' id='line_1_25' title="bbox 209 1420 1094 1466; baseline 0.005 -13"><span class='ocrx_word' id='word_1_197' title='bbox 209 1420 307 1464; x_wconf 75' lang='lat' dir='ltr'><em>ipsum</em></span> <span class='ocrx_word' id='word_1_198' title='bbox 326 1423 376 1463; x_wconf 81' lang='lat' dir='ltr'><em>effe</em></span> <span class='ocrx_word' id='word_1_199' title='bbox 400 1427 456 1456; x_wconf 83' lang='lat' dir='ltr'><em>Dei</em></span> <span class='ocrx_word' id='word_1_200' title='bbox 481 1423 609 1456; x_wconf 83' lang='lat' dir='ltr'><em>Verbum</em></span> <span class='ocrx_word' id='word_1_201' title='bbox 618 1448 625 1454; x_wconf 95' lang='lat'>.</span> <span class='ocrx_word' id='word_1_202' title='bbox 654 1426 715 1458; x_wconf 89' lang='lat' dir='ltr'><em>Sed</em></span> <span class='ocrx_word' id='word_1_203' title='bbox 735 1426 772 1459; x_wconf 89' lang='lat' dir='ltr'><em>de</em></span> <span class='ocrx_word' id='word_1_204' title='bbox 782 1427 861 1459; x_wconf 86' lang='lat' dir='ltr'><em>nullo</em></span> <span class='ocrx_word' id='word_1_205' title='bbox 879 1424 1094 1466; x_wconf 82' lang='lat' dir='ltr'><em>Prophetarum</em></span> 
     </span>
     <span class='ocr_line' id='line_1_26' title="bbox 210 1470 1094 1514; baseline -0.001 -10"><span class='ocrx_word' id='word_1_206' title='bbox 210 1471 324 1505; x_wconf 62' lang='lat' dir='ltr'><em>didam</em></span> <span class='ocrx_word' id='word_1_207' title='bbox 336 1470 373 1510; x_wconf 85' lang='lat' dir='ltr'><em>est</em></span> <span class='ocrx_word' id='word_1_208' title='bbox 383 1495 394 1511; x_wconf 91' lang='lat'>‚</span> <span class='ocrx_word' id='word_1_209' title='bbox 414 1477 486 1514; x_wconf 85' lang='lat' dir='ltr'><em>quia</em></span> <span class='ocrx_word' id='word_1_210' title='bbox 499 1470 646 1506; x_wconf 84' lang='lat' dir='ltr'>Verbum</span> <span class='ocrx_word' id='word_1_211' title='bbox 660 1473 747 1506; x_wconf 80' lang='lat' dir='ltr'><em>Caro</em></span> <span class='ocrx_word' id='word_1_212' title='bbox 759 1474 878 1507; x_wconf 66' lang='lat' dir='ltr'><em>fastum</em></span> <span class='ocrx_word' id='word_1_213' title='bbox 891 1473 953 1506; x_wconf 87' lang='lat' dir='ltr'><em>est.</em></span> <span class='ocrx_word' id='word_1_214' title='bbox 981 1475 1094 1504; x_wconf 86' lang='lat' dir='ltr'><em>Nullus</em></span> 
     </span>
     <span class='ocr_line' id='line_1_27' title="bbox 210 1519 1096 1563; baseline -0.002 -8"><span class='ocrx_word' id='word_1_215' title='bbox 210 1519 428 1562; x_wconf 79' lang='lat' dir='ltr'><em>Prophetarum</em></span> <span class='ocrx_word' id='word_1_216' title='bbox 452 1520 571 1561; x_wconf 83' lang='lat' dir='ltr'><em>abstulit</em></span> <span class='ocrx_word' id='word_1_217' title='bbox 588 1531 711 1563; x_wconf 87' lang='lat' dir='ltr'><em>peccata</em></span> <span class='ocrx_word' id='word_1_218' title='bbox 735 1525 845 1556; x_wconf 84' lang='lat' dir='ltr'><em>Mundi</em></span> <span class='ocrx_word' id='word_1_219' title='bbox 858 1548 864 1555; x_wconf 93' lang='lat'>.</span> <span class='ocrx_word' id='word_1_220' title='bbox 893 1525 937 1556; x_wconf 91' lang='lat' dir='ltr'><em>De</em></span> <span class='ocrx_word' id='word_1_221' title='bbox 947 1522 1026 1555; x_wconf 85' lang='lat' dir='ltr'><em>nullo</em></span> <span class='ocrx_word' id='word_1_222' title='bbox 1036 1523 1096 1554; x_wconf 86' lang='lat' dir='ltr'><em>alio</em></span> 
     </span>
     <span class='ocr_line' id='line_1_28' title="bbox 209 1571 1094 1613; baseline -0.001 -8"><span class='ocrx_word' id='word_1_223' title='bbox 209 1571 391 1610; x_wconf 64' lang='lat' dir='ltr'><em>didumest:</em></span> <span class='ocrx_word' id='word_1_224' title='bbox 416 1571 487 1604; x_wconf 90' lang='lat' dir='ltr'><em>Hic</em></span> <span class='ocrx_word' id='word_1_225' title='bbox 496 1572 539 1604; x_wconf 86' lang='lat' dir='ltr'><em>est</em></span> <span class='ocrx_word' id='word_1_226' title='bbox 553 1572 656 1605; x_wconf 84' lang='lat' dir='ltr'><em>Filius</em></span> <span class='ocrx_word' id='word_1_227' title='bbox 675 1583 774 1607; x_wconf 76' lang='lat' dir='ltr'><em>,meus</em></span> <span class='ocrx_word' id='word_1_228' title='bbox 785 1572 942 1612; x_wconf 68' lang='lat' dir='ltr'><em>dileCius,</em></span> <span class='ocrx_word' id='word_1_229' title='bbox 969 1572 1004 1603; x_wconf 85' lang='lat' dir='ltr'><em>in</em></span> <span class='ocrx_word' id='word_1_230' title='bbox 1027 1581 1094 1613; x_wconf 85' lang='lat' dir='ltr'><em>quo</em></span> 
     </span>
     <span class='ocr_line' id='line_1_29' title="bbox 154 1617 1093 1667; baseline -0.002 -12"><span class='ocrx_word' id='word_1_231' title='bbox 154 1659 157 1667; x_wconf 32' lang='lat' dir='ltr'><em>V</em></span> <span class='ocrx_word' id='word_1_232' title='bbox 207 1617 294 1655; x_wconf 86' lang='lat' dir='ltr'><em>mihi</em></span> <span class='ocrx_word' id='word_1_233' title='bbox 313 1618 518 1662; x_wconf 82' lang='lat' dir='ltr'><em>complacui.</em></span> <span class='ocrx_word' id='word_1_234' title='bbox 550 1623 594 1654; x_wconf 89' lang='lat' dir='ltr'><em>De</em></span> <span class='ocrx_word' id='word_1_235' title='bbox 615 1623 694 1654; x_wconf 84' lang='lat' dir='ltr'><em>nullo</em></span> <span class='ocrx_word' id='word_1_236' title='bbox 706 1620 923 1663; x_wconf 81' lang='lat' dir='ltr'><em>Prophetarum</em></span> <span class='ocrx_word' id='word_1_237' title='bbox 946 1623 1071 1665; x_wconf 82' lang='lat' dir='ltr'><em>legimus</em></span> <span class='ocrx_word' id='word_1_238' title='bbox 1081 1645 1093 1661; x_wconf 89' lang='lat'><em>,</em></span> 
     </span>
     <span class='ocr_line' id='line_1_30' title="bbox 209 1667 1094 1715; baseline -0.001 -11"><span class='ocrx_word' id='word_1_239' title='bbox 209 1671 290 1714; x_wconf 77' lang='lat' dir='ltr'><em>quod</em></span> <span class='ocrx_word' id='word_1_240' title='bbox 301 1667 339 1710; x_wconf 81' lang='lat' dir='ltr'><em>fit</em></span> <span class='ocrx_word' id='word_1_241' title='bbox 352 1673 498 1703; x_wconf 75' lang='lat' dir='ltr'><em>Dominus</em></span> <span class='ocrx_word' id='word_1_242' title='bbox 514 1669 680 1712; x_wconf 84' lang='lat' dir='ltr'><em>Majestatis</em></span> <span class='ocrx_word' id='word_1_243' title='bbox 693 1684 701 1704; x_wconf 91' lang='lat'>:</span> <span class='ocrx_word' id='word_1_244' title='bbox 728 1674 823 1715; x_wconf 75' lang='lat' dir='ltr'><em>,Quod</em></span> <span class='ocrx_word' id='word_1_245' title='bbox 833 1673 872 1706; x_wconf 89' lang='lat' dir='ltr'><em>de</em></span> <span class='ocrx_word' id='word_1_246' title='bbox 894 1671 1010 1712; x_wconf 81' lang='lat' dir='ltr'><em>Christo</em></span> <span class='ocrx_word' id='word_1_247' title='bbox 1020 1674 1094 1715; x_wconf 74' lang='lat' dir='ltr'><em>Apo·</em></span> 
     </span>
     <span class='ocr_line' id='line_1_31' title="bbox 204 1719 1092 1766; baseline 0.006 -14"><span class='ocrx_word' id='word_1_248' title='bbox 204 1719 296 1760; x_wconf 75' lang='lat' dir='ltr'><em>stolus</em></span> <span class='ocrx_word' id='word_1_249' title='bbox 322 1721 416 1752; x_wconf 75' lang='lat' dir='ltr'><em>dixIt.</em></span> <span class='ocrx_word' id='word_1_250' title='bbox 444 1723 531 1763; x_wconf 74' lang='lat' dir='ltr'><em>,Quia</em></span> <span class='ocrx_word' id='word_1_251' title='bbox 549 1722 581 1763; x_wconf 84' lang='lat' dir='ltr'><strong><em>J</em></strong></span> <span class='ocrx_word' id='word_1_252' title='bbox 583 1723 663 1754; x_wconf 81' lang='lat' dir='ltr'><em>udaei</em></span> <span class='ocrx_word' id='word_1_253' title='bbox 688 1722 876 1757; x_wconf 88' lang='lat' dir='ltr'><em>Dominum</em></span> <span class='ocrx_word' id='word_1_254' title='bbox 909 1722 1092 1766; x_wconf 81' lang='lat' dir='ltr'><em>Majestatis</em></span> 
     </span>
     <span class='ocr_line' id='line_1_32' title="bbox 210 1769 1091 1816; baseline 0.003 -12"><span class='ocrx_word' id='word_1_255' title='bbox 210 1769 445 1804; x_wconf 84' lang='lat' dir='ltr'><em>crucifixerunt</em></span> <span class='ocrx_word' id='word_1_256' title='bbox 459 1795 466 1802; x_wconf 85' lang='lat'><strong>.</strong></span> <span class='ocrx_word' id='word_1_257' title='bbox 492 1770 553 1802; x_wconf 84' lang='lat' dir='ltr'><em>Sed</em></span> <span class='ocrx_word' id='word_1_258' title='bbox 569 1772 645 1804; x_wconf 86' lang='lat' dir='ltr'><em>dum</em></span> <span class='ocrx_word' id='word_1_259' title='bbox 666 1771 718 1805; x_wconf 90' lang='lat' dir='ltr'><em>hos</em></span> <span class='ocrx_word' id='word_1_260' title='bbox 740 1773 945 1816; x_wconf 81' lang='lat' dir='ltr'><em>redarguimus</em></span> <span class='ocrx_word' id='word_1_261' title='bbox 967 1798 978 1814; x_wconf 93' lang='lat'><em>,</em></span> <span class='ocrx_word' id='word_1_262' title='bbox 1002 1784 1091 1809; x_wconf 83' lang='lat' dir='ltr'><em>emer-</em></span> 
     </span>
     <span class='ocr_line' id='line_1_33' title="bbox 209 1820 1092 1865; baseline 0.002 -12"><span class='ocrx_word' id='word_1_263' title='bbox 209 1827 287 1865; x_wconf 77' lang='lat' dir='ltr'><em>gunt</em></span> <span class='ocrx_word' id='word_1_264' title='bbox 299 1820 354 1853; x_wconf 83' lang='lat' dir='ltr'><em>alii</em></span> <span class='ocrx_word' id='word_1_265' title='bbox 366 1843 377 1859; x_wconf 95' lang='lat'><em>,</em></span> <span class='ocrx_word' id='word_1_266' title='bbox 403 1826 458 1861; x_wconf 88' lang='lat' dir='ltr'><em>qui</em></span> <span class='ocrx_word' id='word_1_267' title='bbox 478 1824 607 1855; x_wconf 80' lang='lat' dir='ltr'><em>Carnem</em></span> <span class='ocrx_word' id='word_1_268' title='bbox 622 1825 742 1855; x_wconf 81' lang='lat' dir='ltr'><em>Domini</em></span> <span class='ocrx_word' id='word_1_269' title='bbox 753 1823 855 1856; x_wconf 84' lang='lat' dir='ltr'><em>dicunt</em></span> <span class='ocrx_word' id='word_1_270' title='bbox 881 1825 916 1856; x_wconf 60' lang='grc' dir='ltr'><em>(ν</em></span> <span class='ocrx_word' id='word_1_271' title='bbox 939 1827 1092 1856; x_wconf 80' lang='lat' dir='ltr'><em>Divinita-</em></span> 
     </span>
     <span class='ocr_line' id='line_1_34' title="bbox 211 1869 1092 1917; baseline 0.002 -13"><span class='ocrx_word' id='word_1_272' title='bbox 211 1881 273 1904; x_wconf 81' lang='lat' dir='ltr'><em>tem</em></span> <span class='ocrx_word' id='word_1_273' title='bbox 283 1875 371 1902; x_wconf 84' lang='lat' dir='ltr'><em>unius</em></span> <span class='ocrx_word' id='word_1_274' title='bbox 385 1869 436 1912; x_wconf 81' lang='lat' dir='ltr'><em>effe</em></span> <span class='ocrx_word' id='word_1_275' title='bbox 447 1879 564 1904; x_wconf 84' lang='lat' dir='ltr'><em>naturae</em></span> <span class='ocrx_word' id='word_1_276' title='bbox 574 1896 581 1903; x_wconf 95' lang='lat'><strong><em>.</em></strong></span> <span class='ocrx_word' id='word_1_277' title='bbox 608 1874 689 1915; x_wconf 63' lang='grc' dir='ltr'><em>,ραι</em></span> <span class='ocrx_word' id='word_1_278' title='bbox 702 1879 820 1905; x_wconf 86' lang='lat' dir='ltr'><em>tantum</em></span> <span class='ocrx_word' id='word_1_279' title='bbox 836 1871 1021 1917; x_wconf 86' lang='lat' dir='ltr'><em>sacrilegium</em></span> <span class='ocrx_word' id='word_1_280' title='bbox 1044 1878 1092 1906; x_wconf 87' lang='lat' dir='ltr'><em>In-</em></span> 
     </span>
     <span class='ocr_line' id='line_1_35' title="bbox 206 1919 1092 1966; baseline 0.005 -14"><span class='ocrx_word' id='word_1_281' title='bbox 206 1919 300 1962; x_wconf 83' lang='lat' dir='ltr'><em>ferna</em></span> <span class='ocrx_word' id='word_1_282' title='bbox 319 1927 494 1953; x_wconf 82' lang='lat' dir='ltr'><em>vomuerunt</em></span> <span class='ocrx_word' id='word_1_283' title='bbox 506 1921 522 1952; x_wconf 74' lang='grc' dir='ltr'><em>ἓ</em></span> <span class='ocrx_word' id='word_1_284' title='bbox 541 1924 574 1966; x_wconf 85' lang='lat' dir='ltr'><strong><em>J</em></strong></span> <span class='ocrx_word' id='word_1_285' title='bbox 576 1932 626 1953; x_wconf 86' lang='lat' dir='ltr'><em>am</em></span> <span class='ocrx_word' id='word_1_286' title='bbox 650 1922 862 1956; x_wconf 81' lang='lat' dir='ltr'><em>tolerabiliores</em></span> <span class='ocrx_word' id='word_1_287' title='bbox 876 1922 949 1966; x_wconf 91' lang='lat' dir='ltr'><em>sunt</em></span> <span class='ocrx_word' id='word_1_288' title='bbox 962 1927 1092 1963; x_wconf 82' lang='lat' dir='ltr'><em>Ariani,</em></span> 
     </span>
     <span class='ocr_line' id='line_1_36' title="bbox 213 1970 1093 2015; baseline 0.005 -13"><span class='ocrx_word' id='word_1_289' title='bbox 213 1981 336 2012; x_wconf 79' lang='lat' dir='ltr'><em>quorum</em></span> <span class='ocrx_word' id='word_1_290' title='bbox 351 1978 407 2011; x_wconf 82' lang='lat' dir='ltr'><em>per</em></span> <span class='ocrx_word' id='word_1_291' title='bbox 425 1970 488 2010; x_wconf 83' lang='lat' dir='ltr'><em>istos</em></span> <span class='ocrx_word' id='word_1_292' title='bbox 495 1970 633 2012; x_wconf 83' lang='lat' dir='ltr'><em>perfidiae</em></span> <span class='ocrx_word' id='word_1_293' title='bbox 641 1972 727 2005; x_wconf 88' lang='lat' dir='ltr'><em>robur</em></span> <span class='ocrx_word' id='word_1_294' title='bbox 746 1972 884 2015; x_wconf 78' lang='lat' dir='ltr'><em>adolescit</em></span> <span class='ocrx_word' id='word_1_295' title='bbox 895 1997 906 2013; x_wconf 91' lang='lat'><em>,</em></span> <span class='ocrx_word' id='word_1_296' title='bbox 932 1983 966 2006; x_wconf 88' lang='lat' dir='ltr'><em>ut</em></span> <span class='ocrx_word' id='word_1_297' title='bbox 982 1975 1093 2015; x_wconf 80' lang='lat' dir='ltr'><em>majore</em></span> 
     </span>
     <span class='ocr_line' id='line_1_37' title="bbox 212 2020 1092 2064; baseline 0.001 -11"><span class='ocrx_word' id='word_1_298' title='bbox 212 2026 392 2054; x_wconf 79' lang='lat' dir='ltr'><em>contentione</em></span> <span class='ocrx_word' id='word_1_299' title='bbox 411 2020 541 2063; x_wconf 79' lang='lat' dir='ltr'><em>afferant</em></span> <span class='ocrx_word' id='word_1_300' title='bbox 562 2024 682 2053; x_wconf 88' lang='lat' dir='ltr'><em>Patrem</em></span> <span class='ocrx_word' id='word_1_301' title='bbox 694 2046 704 2061; x_wconf 92' lang='lat'><em>,</em></span> <span class='ocrx_word' id='word_1_302' title='bbox 730 2024 764 2056; x_wconf 62' lang='grc' dir='ltr'><em>(ν</em></span> <span class='ocrx_word' id='word_1_303' title='bbox 785 2025 923 2063; x_wconf 89' lang='lat' dir='ltr'><em>Filium,</em></span> <span class='ocrx_word' id='word_1_304' title='bbox 952 2024 986 2057; x_wconf 74' lang='lat'><em>&amp;</em></span> <span class='ocrx_word' id='word_1_305' title='bbox 1002 2026 1092 2064; x_wconf 85' lang='lat' dir='ltr'><em>Spiri-</em></span> 
     </span>
     <span class='ocr_line' id='line_1_38' title="bbox 211 2069 1092 2114; baseline -0.002 -10"><span class='ocrx_word' id='word_1_306' title='bbox 211 2078 277 2104; x_wconf 69' lang='lat' dir='ltr'><em>tum</em></span> <span class='ocrx_word' id='word_1_307' title='bbox 286 2070 423 2102; x_wconf 59' lang='lat' dir='ltr'><em>Santram</em></span> <span class='ocrx_word' id='word_1_308' title='bbox 437 2077 524 2103; x_wconf 84' lang='lat' dir='ltr'><em>unius</em></span> <span class='ocrx_word' id='word_1_309' title='bbox 535 2082 593 2103; x_wconf 89' lang='lat' dir='ltr'><em>non</em></span> <span class='ocrx_word' id='word_1_310' title='bbox 604 2071 656 2113; x_wconf 82' lang='lat' dir='ltr'><em>esse</em></span> <span class='ocrx_word' id='word_1_311' title='bbox 664 2069 837 2114; x_wconf 66' lang='lat' dir='ltr'><em>substantiae</em></span> <span class='ocrx_word' id='word_1_312' title='bbox 848 2085 861 2105; x_wconf 89' lang='lat'><em>.·</em></span> <span class='ocrx_word' id='word_1_313' title='bbox 885 2074 969 2114; x_wconf 72' lang='lat' dir='ltr'><em>‚Quia</em></span> <span class='ocrx_word' id='word_1_314' title='bbox 983 2071 1028 2110; x_wconf 81' lang='lat' dir='ltr'><em>isti</em></span> <span class='ocrx_word' id='word_1_315' title='bbox 1039 2074 1092 2103; x_wconf 81' lang='lat' dir='ltr'><em>Di·</em></span> 
     </span>
     <span class='ocr_line' id='line_1_39' title="bbox 211 2119 1093 2163; baseline 0.001 -10"><span class='ocrx_word' id='word_1_316' title='bbox 211 2124 373 2153; x_wconf 76' lang='lat' dir='ltr'><em>vinitarem</em></span> <span class='ocrx_word' id='word_1_317' title='bbox 387 2122 509 2152; x_wconf 82' lang='lat' dir='ltr'><em>Domini</em></span> <span class='ocrx_word' id='word_1_318' title='bbox 532 2120 566 2152; x_wconf 67' lang='grc' dir='ltr'><em>ό·</em></span> <span class='ocrx_word' id='word_1_319' title='bbox 576 2124 706 2154; x_wconf 83' lang='lat' dir='ltr'><em>Carnem</em></span> <span class='ocrx_word' id='word_1_320' title='bbox 722 2125 811 2153; x_wconf 87' lang='lat' dir='ltr'><em>unius</em></span> <span class='ocrx_word' id='word_1_321' title='bbox 828 2119 1004 2163; x_wconf 68' lang='lat' dir='ltr'><em>substantia·</em></span> <span class='ocrx_word' id='word_1_322' title='bbox 1017 2122 1093 2154; x_wconf 81' lang='lat' dir='ltr'><em>dice-</em></span> 
     </span>
     <span class='ocr_line' id='line_1_40' title="bbox 208 2170 1094 2214; baseline 0.002 -12"><span class='ocrx_word' id='word_1_323' title='bbox 208 2180 245 2202; x_wconf 75' lang='lat' dir='ltr'><em>re</em></span> <span class='ocrx_word' id='word_1_324' title='bbox 265 2177 476 2203; x_wconf 82' lang='lat' dir='ltr'><em>tentaverunt.</em></span> <span class='ocrx_word' id='word_1_325' title='bbox 502 2172 620 2203; x_wconf 74' lang='lat' dir='ltr'><em>Deinde</em></span> <span class='ocrx_word' id='word_1_326' title='bbox 642 2182 707 2204; x_wconf 93' lang='lat' dir='ltr'><em>cum</em></span> <span class='ocrx_word' id='word_1_327' title='bbox 728 2170 774 2209; x_wconf 82' lang='lat' dir='ltr'><em>isti</em></span> <span class='ocrx_word' id='word_1_328' title='bbox 783 2173 910 2212; x_wconf 83' lang='lat' dir='ltr'><em>dicant,</em></span> <span class='ocrx_word' id='word_1_329' title='bbox 936 2177 1009 2214; x_wconf 81' lang='lat' dir='ltr'><em>quia</em></span> <span class='ocrx_word' id='word_1_330' title='bbox 1021 2175 1094 2204; x_wconf 86' lang='lat' dir='ltr'><em>Ver-</em></span> 
     </span>
     <span class='ocr_line' id='line_1_41' title="bbox 211 2218 1094 2262; baseline 0.002 -11"><span class='ocrx_word' id='word_1_331' title='bbox 211 2218 281 2251; x_wconf 80' lang='lat' dir='ltr'><em>bum</em></span> <span class='ocrx_word' id='word_1_332' title='bbox 300 2225 332 2250; x_wconf 87' lang='lat' dir='ltr'><em>in</em></span> <span class='ocrx_word' id='word_1_333' title='bbox 352 2231 468 2251; x_wconf 89' lang='lat' dir='ltr'><em>carnem</em></span> <span class='ocrx_word' id='word_1_334' title='bbox 480 2241 490 2257; x_wconf 89' lang='lat'><em>,</em></span> <span class='ocrx_word' id='word_1_335' title='bbox 513 2221 653 2260; x_wconf 76' lang='lat' dir='ltr'><em>capillos,</em></span> <span class='ocrx_word' id='word_1_336' title='bbox 674 2218 875 2262; x_wconf 83' lang='lat' dir='ltr'><em>sanguinem,</em></span> <span class='ocrx_word' id='word_1_337' title='bbox 903 2223 937 2254; x_wconf 66' lang='lat'><em>(5</em></span> <span class='ocrx_word' id='word_1_338' title='bbox 956 2221 1012 2262; x_wconf 83' lang='lat' dir='ltr'><em>ossa</em></span> <span class='ocrx_word' id='word_1_339' title='bbox 1030 2231 1094 2253; x_wconf 82' lang='lat' dir='ltr'><em>con-</em></span> 
     </span>
     <span class='ocr_line' id='line_1_42' title="bbox 212 2266 1094 2310; baseline -0.001 -9"><span class='ocrx_word' id='word_1_340' title='bbox 212 2266 330 2310; x_wconf 86' lang='lat' dir='ltr'><em>versum</em></span> <span class='ocrx_word' id='word_1_341' title='bbox 340 2268 376 2308; x_wconf 90' lang='lat' dir='ltr'><em>est</em></span> <span class='ocrx_word' id='word_1_342' title='bbox 388 2292 399 2308; x_wconf 87' lang='lat'><em>,</em></span> <span class='ocrx_word' id='word_1_343' title='bbox 425 2270 459 2302; x_wconf 66' lang='lat'><em>&lt;5</em></span> <span class='ocrx_word' id='word_1_344' title='bbox 469 2271 489 2299; x_wconf 74' lang='lat' dir='ltr'><em>a</em></span> <span class='ocrx_word' id='word_1_345' title='bbox 500 2278 610 2301; x_wconf 88' lang='lat' dir='ltr'><em>natura</em></span> <span class='ocrx_word' id='word_1_346' title='bbox 618 2274 742 2310; x_wconf 78' lang='lat' dir='ltr'><em>propria</em></span> <span class='ocrx_word' id='word_1_347' title='bbox 756 2277 902 2302; x_wconf 91' lang='lat' dir='ltr'><em>mutatum</em></span> <span class='ocrx_word' id='word_1_348' title='bbox 913 2270 950 2308; x_wconf 76' lang='grc' dir='ltr'><em>εβ</em></span> <span class='ocrx_word' id='word_1_349' title='bbox 963 2292 975 2308; x_wconf 85' lang='grc'><strong><em>,</em></strong></span> <span class='ocrx_word' id='word_1_350' title='bbox 1001 2270 1094 2301; x_wconf 88' lang='lat' dir='ltr'><em>datur</em></span> 
     </span>
     <span class='ocr_line' id='line_1_43' title="bbox 213 2318 1095 2361; baseline -0.002 -10"><span class='ocrx_word' id='word_1_351' title='bbox 213 2319 278 2351; x_wconf 66' lang='lat' dir='ltr'><em>illis</em></span> <span class='ocrx_word' id='word_1_352' title='bbox 291 2318 368 2351; x_wconf 86' lang='lat' dir='ltr'><em>locus</em></span> <span class='ocrx_word' id='word_1_353' title='bbox 385 2343 395 2358; x_wconf 89' lang='lat'><em>‚</em></span> <span class='ocrx_word' id='word_1_354' title='bbox 422 2327 456 2350; x_wconf 86' lang='lat' dir='ltr'><em>ut</em></span> <span class='ocrx_word' id='word_1_355' title='bbox 467 2318 670 2360; x_wconf 82' lang='lat' dir='ltr'><em>infirmitatem</em></span> <span class='ocrx_word' id='word_1_356' title='bbox 682 2322 796 2351; x_wconf 87' lang='lat' dir='ltr'><em>Carnis</em></span> <span class='ocrx_word' id='word_1_357' title='bbox 808 2321 851 2352; x_wconf 91' lang='lat' dir='ltr'><em>ad</em></span> <span class='ocrx_word' id='word_1_358' title='bbox 858 2319 1031 2361; x_wconf 88' lang='lat' dir='ltr'><em>firmitatem</em></span> <span class='ocrx_word' id='word_1_359' title='bbox 1042 2321 1095 2349; x_wconf 86' lang='lat' dir='ltr'><em>Di-</em></span> 
     </span>
     <span class='ocr_line' id='line_1_44' title="bbox 213 2368 1094 2409; baseline 0.001 -9"><span class='ocrx_word' id='word_1_360' title='bbox 213 2373 357 2400; x_wconf 82' lang='lat' dir='ltr'><em>vinitatis</em></span> <span class='ocrx_word' id='word_1_361' title='bbox 370 2369 502 2409; x_wconf 86' lang='lat' dir='ltr'><em>quadam</em></span> <span class='ocrx_word' id='word_1_362' title='bbox 505 2368 595 2409; x_wconf 66' lang='lat' dir='ltr'><em>falla</em></span> <span class='ocrx_word' id='word_1_363' title='bbox 608 2372 735 2401; x_wconf 85' lang='lat' dir='ltr'><em>Divinae</em></span> <span class='ocrx_word' id='word_1_364' title='bbox 747 2378 866 2402; x_wconf 81' lang='lat' dir='ltr'><em>naturae</em></span> <span class='ocrx_word' id='word_1_365' title='bbox 876 2374 1035 2402; x_wconf 78' lang='lat' dir='ltr'><em>mutatione</em></span> <span class='ocrx_word' id='word_1_366' title='bbox 1044 2369 1094 2401; x_wconf 83' lang='lat' dir='ltr'><em>de-</em></span> 
     </span>
     <span class='ocr_line' id='line_1_45' title="bbox 213 2419 1094 2460; baseline 0 -11"><span class='ocrx_word' id='word_1_367' title='bbox 213 2426 390 2458; x_wconf 78' lang='lat' dir='ltr'><em>torqueant.</em></span> <span class='ocrx_word' id='word_1_368' title='bbox 416 2419 491 2448; x_wconf 88' lang='lat' dir='ltr'><em>Sunt</em></span> <span class='ocrx_word' id='word_1_369' title='bbox 505 2423 595 2449; x_wconf 88' lang='lat' dir='ltr'><em>etiam</em></span> <span class='ocrx_word' id='word_1_370' title='bbox 611 2423 705 2459; x_wconf 85' lang='lat' dir='ltr'><em>quiin</em></span> <span class='ocrx_word' id='word_1_371' title='bbox 720 2419 840 2450; x_wconf 78' lang='lat' dir='ltr'><em>tantum</em></span> <span class='ocrx_word' id='word_1_372' title='bbox 854 2424 1020 2460; x_wconf 84' lang='lat' dir='ltr'><em>impietatis</em></span> <span class='ocrx_word' id='word_1_373' title='bbox 1026 2426 1094 2458; x_wconf 88' lang='lat' dir='ltr'><em>pro-</em></span> 
     </span>
     <span class='ocr_line' id='line_1_46' title="bbox 214 2465 1095 2509; baseline 0.002 -12"><span class='ocrx_word' id='word_1_374' title='bbox 214 2468 326 2498; x_wconf 85' lang='lat' dir='ltr'><em>dierint</em></span> <span class='ocrx_word' id='word_1_375' title='bbox 339 2489 349 2504; x_wconf 92' lang='lat'>‚</span> <span class='ocrx_word' id='word_1_376' title='bbox 375 2474 408 2497; x_wconf 90' lang='lat' dir='ltr'><em>ut</em></span> <span class='ocrx_word' id='word_1_377' title='bbox 416 2474 525 2506; x_wconf 88' lang='lat' dir='ltr'><em>putent</em></span> <span class='ocrx_word' id='word_1_378' title='bbox 535 2472 605 2507; x_wconf 86' lang='lat' dir='ltr'><em>quia</em></span> <span class='ocrx_word' id='word_1_379' title='bbox 618 2469 776 2499; x_wconf 76' lang='lat' dir='ltr'><em>Divinitas</em></span> <span class='ocrx_word' id='word_1_380' title='bbox 787 2470 908 2500; x_wconf 77' lang='lat' dir='ltr'><em>Domini</em></span> <span class='ocrx_word' id='word_1_381' title='bbox 929 2465 1095 2509; x_wconf 82' lang='lat' dir='ltr'><em>circumcisa</em></span> 
     </span>
     <span class='ocr_line' id='line_1_47' title="bbox 212 2514 1095 2560; baseline 0.002 -13"><span class='ocrx_word' id='word_1_382' title='bbox 212 2514 269 2554; x_wconf 84' lang='lat' dir='ltr'><em>est,</em></span> <span class='ocrx_word' id='word_1_383' title='bbox 295 2514 512 2555; x_wconf 71' lang='lat' dir='ltr'><em>&amp;imperfht‘la</em></span> <span class='ocrx_word' id='word_1_384' title='bbox 531 2516 568 2547; x_wconf 88' lang='lat' dir='ltr'><em>de</em></span> <span class='ocrx_word' id='word_1_385' title='bbox 575 2516 713 2556; x_wconf 75' lang='lat' dir='ltr'><em>perfee‘la</em></span> <span class='ocrx_word' id='word_1_386' title='bbox 716 2516 808 2557; x_wconf 62' lang='lat' dir='ltr'><em>facYa</em></span> <span class='ocrx_word' id='word_1_387' title='bbox 827 2517 884 2557; x_wconf 80' lang='lat' dir='ltr'><em>est,</em></span> <span class='ocrx_word' id='word_1_388' title='bbox 911 2518 944 2550; x_wconf 59' lang='grc' dir='ltr'><em>(ν</em></span> <span class='ocrx_word' id='word_1_389' title='bbox 964 2522 996 2550; x_wconf 84' lang='lat' dir='ltr'><em>in</em></span> <span class='ocrx_word' id='word_1_390' title='bbox 1016 2518 1095 2560; x_wconf 81' lang='lat' dir='ltr'><em>ligno</em></span> 
     </span>
     <span class='ocr_line' id='line_1_48' title="bbox 211 2561 1096 2607; baseline 0.002 -10"><span class='ocrx_word' id='word_1_391' title='bbox 211 2575 272 2597; x_wconf 78' lang='lat' dir='ltr'><em>non</em></span> <span class='ocrx_word' id='word_1_392' title='bbox 281 2573 348 2596; x_wconf 85' lang='lat' dir='ltr'><em>caro</em></span> <span class='ocrx_word' id='word_1_393' title='bbox 361 2587 372 2602; x_wconf 92' lang='lat'>‚</span> <span class='ocrx_word' id='word_1_394' title='bbox 393 2561 452 2605; x_wconf 91' lang='lat' dir='ltr'><em>sed</em></span> <span class='ocrx_word' id='word_1_395' title='bbox 464 2562 518 2595; x_wconf 85' lang='lat' dir='ltr'><em>illa</em></span> <span class='ocrx_word' id='word_1_396' title='bbox 529 2571 680 2605; x_wconf 83' lang='lat' dir='ltr'><em>operatrix</em></span> <span class='ocrx_word' id='word_1_397' title='bbox 691 2570 819 2597; x_wconf 86' lang='lat' dir='ltr'><em>omnium</em></span> <span class='ocrx_word' id='word_1_398' title='bbox 826 2565 995 2607; x_wconf 87' lang='lat' dir='ltr'><em>substantia</em></span> <span class='ocrx_word' id='word_1_399' title='bbox 1005 2569 1096 2600; x_wconf 82' lang='lat' dir='ltr'><em>Divi-</em></span> 
     </span>
     <span class='ocr_line' id='line_1_49' title="bbox 212 2611 1094 2657; baseline 0.002 -11"><span class='ocrx_word' id='word_1_400' title='bbox 212 2625 254 2646; x_wconf 86' lang='lat' dir='ltr'><em>na</em></span> <span class='ocrx_word' id='word_1_401' title='bbox 268 2617 300 2644; x_wconf 71' lang='lat' dir='ltr'><em>in</em></span> <span class='ocrx_word' id='word_1_402' title='bbox 311 2619 411 2645; x_wconf 83' lang='lat' dir='ltr'><em>carnis</em></span> <span class='ocrx_word' id='word_1_403' title='bbox 418 2611 514 2654; x_wconf 82' lang='lat' dir='ltr'><em>specie</em></span> <span class='ocrx_word' id='word_1_404' title='bbox 533 2614 684 2657; x_wconf 83' lang='lat' dir='ltr'><em>coagulata</em></span> <span class='ocrx_word' id='word_1_405' title='bbox 689 2614 843 2656; x_wconf 82' lang='lat' dir='ltr'><em>pendebat</em></span> <span class='ocrx_word' id='word_1_406' title='bbox 856 2638 864 2646; x_wconf 87' lang='lat'><strong>.</strong></span> <span class='ocrx_word' id='word_1_407' title='bbox 892 2618 972 2657; x_wconf 73' lang='lat' dir='ltr'><em>‚Quis</em></span> <span class='ocrx_word' id='word_1_408' title='bbox 994 2625 1094 2648; x_wconf 88' lang='lat' dir='ltr'><em>autem</em></span> 
     </span>
     <span class='ocr_line' id='line_1_50' title="bbox 211 2660 1095 2706; baseline 0.001 -10"><span class='ocrx_word' id='word_1_409' title='bbox 211 2674 272 2696; x_wconf 76' lang='lat' dir='ltr'><em>oron</em></span> <span class='ocrx_word' id='word_1_410' title='bbox 283 2660 427 2703; x_wconf 68' lang='lat' dir='ltr'><em>horrescat</em></span> <span class='ocrx_word' id='word_1_411' title='bbox 437 2685 448 2701; x_wconf 81' lang='lat'>‚</span> <span class='ocrx_word' id='word_1_412' title='bbox 470 2668 538 2704; x_wconf 87' lang='lat' dir='ltr'><em>quis</em></span> <span class='ocrx_word' id='word_1_413' title='bbox 551 2665 657 2696; x_wconf 87' lang='lat' dir='ltr'><em>audiat</em></span> <span class='ocrx_word' id='word_1_414' title='bbox 670 2688 680 2703; x_wconf 94' lang='lat'><em>,</em></span> <span class='ocrx_word' id='word_1_415' title='bbox 707 2670 779 2706; x_wconf 87' lang='lat' dir='ltr'><em>quia</em></span> <span class='ocrx_word' id='word_1_416' title='bbox 788 2675 846 2697; x_wconf 88' lang='lat' dir='ltr'><em>non</em></span> <span class='ocrx_word' id='word_1_417' title='bbox 857 2676 895 2698; x_wconf 76' lang='lat' dir='ltr'><em>ex</em></span> <span class='ocrx_word' id='word_1_418' title='bbox 916 2669 1017 2697; x_wconf 87' lang='lat' dir='ltr'><em>Maria</em></span> <span class='ocrx_word' id='word_1_419' title='bbox 1030 2670 1095 2698; x_wconf 83' lang='lat' dir='ltr'><em>Vir-</em></span> 
     </span>
     <span class='ocr_line' id='line_1_51' title="bbox 208 2711 1093 2756; baseline 0.003 -11"><span class='ocrx_word' id='word_1_420' title='bbox 208 2718 280 2755; x_wconf 80' lang='lat' dir='ltr'><em>gine</em></span> <span class='ocrx_word' id='word_1_421' title='bbox 290 2737 300 2752; x_wconf 93' lang='lat'><em>,</em></span> <span class='ocrx_word' id='word_1_422' title='bbox 322 2711 378 2754; x_wconf 89' lang='lat' dir='ltr'><em>sed</em></span> <span class='ocrx_word' id='word_1_423' title='bbox 386 2724 424 2744; x_wconf 83' lang='lat' dir='ltr'><em>ex</em></span> <span class='ocrx_word' id='word_1_424' title='bbox 435 2715 552 2744; x_wconf 85' lang='lat' dir='ltr'><em>Divina</em></span> <span class='ocrx_word' id='word_1_425' title='bbox 561 2712 725 2755; x_wconf 86' lang='lat' dir='ltr'><em>substantia</em></span> <span class='ocrx_word' id='word_1_426' title='bbox 732 2714 954 2756; x_wconf 83' lang='lat' dir='ltr'><em>paffibilemfibi</em></span> <span class='ocrx_word' id='word_1_427' title='bbox 963 2719 1093 2749; x_wconf 78' lang='lat' dir='ltr'><em>Carnem</em></span> 
     </span>
     <span class='ocr_line' id='line_1_52' title="bbox 208 2761 1092 2806; baseline 0.005 -12"><span class='ocrx_word' id='word_1_428' title='bbox 208 2762 314 2804; x_wconf 83' lang='lat' dir='ltr'><em>fecerit</em></span> <span class='ocrx_word' id='word_1_429' title='bbox 327 2763 381 2793; x_wconf 89' lang='lat' dir='ltr'><em>Dei</em></span> <span class='ocrx_word' id='word_1_430' title='bbox 394 2761 520 2794; x_wconf 87' lang='lat' dir='ltr'><em>Verbum</em></span> <span class='ocrx_word' id='word_1_431' title='bbox 532 2764 544 2795; x_wconf 86' lang='lat'>?</span> <span class='ocrx_word' id='word_1_432' title='bbox 570 2765 663 2805; x_wconf 73' lang='lat' dir='ltr'><em>,Quod</em></span> <span class='ocrx_word' id='word_1_433' title='bbox 677 2765 821 2806; x_wconf 85' lang='lat' dir='ltr'><em>afferendo</em></span> <span class='ocrx_word' id='word_1_434' title='bbox 832 2768 863 2798; x_wconf 76' lang='lat' dir='ltr'><em>eo</em></span> <span class='ocrx_word' id='word_1_435' title='bbox 870 2765 1071 2806; x_wconf 89' lang='lat' dir='ltr'><em>prolabuntur</em></span> <span class='ocrx_word' id='word_1_436' title='bbox 1081 2790 1092 2806; x_wconf 91' lang='lat'><em>,</em></span> 
     </span>
     <span class='ocr_line' id='line_1_53' title="bbox 214 2813 1095 2857; baseline 0.003 -12"><span class='ocrx_word' id='word_1_437' title='bbox 214 2821 248 2845; x_wconf 87' lang='lat' dir='ltr'><em>ut</em></span> <span class='ocrx_word' id='word_1_438' title='bbox 258 2823 314 2844; x_wconf 90' lang='lat' dir='ltr'><em>non</em></span> <span class='ocrx_word' id='word_1_439' title='bbox 324 2823 362 2844; x_wconf 84' lang='lat' dir='ltr'><em>ex</em></span> <span class='ocrx_word' id='word_1_440' title='bbox 373 2819 502 2852; x_wconf 87' lang='lat' dir='ltr'><em>tempore</em></span> <span class='ocrx_word' id='word_1_441' title='bbox 513 2817 630 2854; x_wconf 86' lang='lat' dir='ltr'><em>Corpus</em></span> <span class='ocrx_word' id='word_1_442' title='bbox 645 2816 763 2846; x_wconf 83' lang='lat' dir='ltr'><em>Domini</em></span> <span class='ocrx_word' id='word_1_443' title='bbox 775 2815 827 2856; x_wconf 84' lang='lat' dir='ltr'><em>esse</em></span> <span class='ocrx_word' id='word_1_444' title='bbox 833 2813 999 2857; x_wconf 68' lang='lat' dir='ltr'><em>susceptum</em></span> <span class='ocrx_word' id='word_1_445' title='bbox 1012 2839 1023 2855; x_wconf 89' lang='lat'><em>,</em></span> <span class='ocrx_word' id='word_1_446' title='bbox 1037 2814 1062 2857; x_wconf 92' lang='lat' dir='ltr'><em>s</em></span> <span class='ocrx_word' id='word_1_447' title='bbox 1057 2817 1095 2848; x_wconf 87' lang='lat' dir='ltr'><em>ed</em></span> 
     </span>
     <span class='ocr_line' id='line_1_54' title="bbox 214 2860 1093 2907; baseline 0.003 -12"><span class='ocrx_word' id='word_1_448' title='bbox 214 2871 390 2895; x_wconf 68' lang='lat' dir='ltr'><em>coaternum</em></span> <span class='ocrx_word' id='word_1_449' title='bbox 411 2863 470 2895; x_wconf 89' lang='lat' dir='ltr'><em>Deo</em></span> <span class='ocrx_word' id='word_1_450' title='bbox 483 2862 575 2895; x_wconf 85' lang='lat' dir='ltr'><em>Verbo</em></span> <span class='ocrx_word' id='word_1_451' title='bbox 592 2860 708 2904; x_wconf 83' lang='lat' dir='ltr'><em>semper</em></span> <span class='ocrx_word' id='word_1_452' title='bbox 717 2863 805 2907; x_wconf 77' lang='lat' dir='ltr'><em>futffe</em></span> <span class='ocrx_word' id='word_1_453' title='bbox 818 2867 1013 2899; x_wconf 84' lang='lat' dir='ltr'><em>contendant.</em></span> <span class='ocrx_word' id='word_1_454' title='bbox 1039 2868 1093 2898; x_wconf 84' lang='lat' dir='ltr'><em>Ho-</em></span> 
     </span>
     <span class='ocr_line' id='line_1_55' title="bbox 214 2911 1090 2955; baseline 0.002 -10"><span class='ocrx_word' id='word_1_455' title='bbox 214 2923 282 2945; x_wconf 79' lang='lat' dir='ltr'><em>rum</em></span> <span class='ocrx_word' id='word_1_456' title='bbox 293 2917 419 2944; x_wconf 89' lang='lat' dir='ltr'><em>omnium</em></span> <span class='ocrx_word' id='word_1_457' title='bbox 433 2911 572 2944; x_wconf 88' lang='lat' dir='ltr'><em>Authores</em></span> <span class='ocrx_word' id='word_1_458' title='bbox 579 2911 604 2955; x_wconf 93' lang='lat' dir='ltr'><em>s</em></span> <span class='ocrx_word' id='word_1_459' title='bbox 599 2921 653 2944; x_wconf 88' lang='lat' dir='ltr'><em>unt</em></span> <span class='ocrx_word' id='word_1_460' title='bbox 663 2936 674 2951; x_wconf 91' lang='lat'><em>,</em></span> <span class='ocrx_word' id='word_1_461' title='bbox 695 2919 747 2955; x_wconf 86' lang='lat' dir='ltr'><em>qui</em></span> <span class='ocrx_word' id='word_1_462' title='bbox 761 2917 963 2948; x_wconf 86' lang='lat' dir='ltr'><em>Divinitatem</em></span> <span class='ocrx_word' id='word_1_463' title='bbox 974 2918 1008 2949; x_wconf 63' lang='lat'><em>(9⁶</em></span> <span class='ocrx_word' id='word_1_464' title='bbox 1018 2919 1090 2947; x_wconf 82' lang='lat' dir='ltr'><em>Car-</em></span> 
     </span>
     <span class='ocr_line' id='line_1_56' title="bbox 216 2962 1089 3009; baseline 0.006 -16"><span class='ocrx_word' id='word_1_465' title='bbox 216 2972 282 2994; x_wconf 88' lang='lat' dir='ltr'><em>nem</em></span> <span class='ocrx_word' id='word_1_466' title='bbox 293 2963 410 2993; x_wconf 87' lang='lat' dir='ltr'><em>Domini</em></span> <span class='ocrx_word' id='word_1_467' title='bbox 423 2967 510 2995; x_wconf 87' lang='lat' dir='ltr'><em>unius</em></span> <span class='ocrx_word' id='word_1_468' title='bbox 523 2962 732 3005; x_wconf 71' lang='lat' dir='ltr'><em>naturaefuisfh</em></span> <span class='ocrx_word' id='word_1_469' title='bbox 741 2964 889 2998; x_wconf 77' lang='lat' dir='ltr'><em>dixerunt.</em></span> <span class='ocrx_word' id='word_1_470' title='bbox 918 2969 991 3009; x_wconf 85' lang='lat' dir='ltr'><em>Legi</em></span> <span class='ocrx_word' id='word_1_471' title='bbox 1000 2972 1089 3005; x_wconf 88' lang='lat' dir='ltr'><em>enim,</em></span> 
     </span>
     <span class='ocr_line' id='line_1_57' title="bbox 215 3011 1090 3058; baseline 0.008 -17"><span class='ocrx_word' id='word_1_472' title='bbox 215 3011 295 3053; x_wconf 84' lang='lat' dir='ltr'><em>quod</em></span> <span class='ocrx_word' id='word_1_473' title='bbox 316 3021 373 3043; x_wconf 87' lang='lat' dir='ltr'><em>non</em></span> <span class='ocrx_word' id='word_1_474' title='bbox 391 3013 536 3045; x_wconf 87' lang='lat' dir='ltr'><em>crederem</em></span> <span class='ocrx_word' id='word_1_475' title='bbox 548 3037 559 3053; x_wconf 90' lang='lat'><em>,</em></span> <span class='ocrx_word' id='word_1_476' title='bbox 586 3011 643 3052; x_wconf 79' lang='lat' dir='ltr'><em>nisi</em></span> <span class='ocrx_word' id='word_1_477' title='bbox 661 3011 723 3054; x_wconf 83' lang='lat' dir='ltr'><em>ipse</em></span> <span class='ocrx_word' id='word_1_478' title='bbox 743 3013 866 3057; x_wconf 82' lang='lat' dir='ltr'><em>legiffem</em></span> <span class='ocrx_word' id='word_1_479' title='bbox 878 3029 889 3049; x_wconf 88' lang='lat'><em>.·</em></span> <span class='ocrx_word' id='word_1_480' title='bbox 918 3019 991 3058; x_wconf 81' lang='lat' dir='ltr'><em>Legi</em></span> <span class='ocrx_word' id='word_1_481' title='bbox 1012 3040 1023 3056; x_wconf 90' lang='lat'>‚</span> <span class='ocrx_word' id='word_1_482' title='bbox 1049 3022 1090 3048; x_wconf 82' lang='lat' dir='ltr'><em>in·</em></span> 
     </span>
     <span class='ocr_line' id='line_1_58' title="bbox 216 3060 1091 3110; baseline 0.008 -19"><span class='ocrx_word' id='word_1_483' title='bbox 216 3071 307 3102; x_wconf 86' lang='lat' dir='ltr'><em>quam</em></span> <span class='ocrx_word' id='word_1_484' title='bbox 322 3083 331 3099; x_wconf 87' lang='lat'>‚</span> <span class='ocrx_word' id='word_1_485' title='bbox 355 3066 388 3092; x_wconf 75' lang='lat' dir='ltr'><em>in</em></span> <span class='ocrx_word' id='word_1_486' title='bbox 399 3060 572 3104; x_wconf 82' lang='lat' dir='ltr'><em>quibusdam</em></span> <span class='ocrx_word' id='word_1_487' title='bbox 583 3061 666 3094; x_wconf 83' lang='lat' dir='ltr'><em>libris</em></span> <span class='ocrx_word' id='word_1_488' title='bbox 674 3062 714 3102; x_wconf 83' lang='lat' dir='ltr'><em>fic</em></span> <span class='ocrx_word' id='word_1_489' title='bbox 720 3063 844 3104; x_wconf 83' lang='lat' dir='ltr'><em>pofitum</em></span> <span class='ocrx_word' id='word_1_490' title='bbox 853 3090 863 3105; x_wconf 88' lang='lat'>‚</span> <span class='ocrx_word' id='word_1_491' title='bbox 879 3067 914 3100; x_wconf 62' lang='grc' dir='ltr'><em>ὁ*</em></span> <span class='ocrx_word' id='word_1_492' title='bbox 927 3071 1091 3110; x_wconf 85' lang='lat' dir='ltr'><em>Organum,</em></span> 
     </span>
     <span class='ocr_line' id='line_1_59' title="bbox 214 3110 1091 3155; baseline 0.007 -13"><span class='ocrx_word' id='word_1_493' title='bbox 214 3110 251 3142; x_wconf 61' lang='grc' dir='ltr'><em>(θ’</em></span> <span class='ocrx_word' id='word_1_494' title='bbox 261 3120 325 3142; x_wconf 89' lang='lat' dir='ltr'><em>eum</em></span> <span class='ocrx_word' id='word_1_495' title='bbox 336 3111 355 3140; x_wconf 80' lang='grc' dir='ltr'><em>ἃ</em></span> <span class='ocrx_word' id='word_1_496' title='bbox 365 3121 420 3150; x_wconf 89' lang='lat' dir='ltr'><em>quo</em></span> <span class='ocrx_word' id='word_1_497' title='bbox 432 3110 610 3144; x_wconf 85' lang='lat' dir='ltr'><em>movebatur</em></span> <span class='ocrx_word' id='word_1_498' title='bbox 623 3116 773 3155; x_wconf 80' lang='lat' dir='ltr'><em>Organum</em></span> <span class='ocrx_word' id='word_1_499' title='bbox 784 3138 795 3154; x_wconf 82' lang='lat'><em>,</em></span> <span class='ocrx_word' id='word_1_500' title='bbox 820 3120 905 3148; x_wconf 83' lang='lat' dir='ltr'><em>unius</em></span> <span class='ocrx_word' id='word_1_501' title='bbox 928 3122 961 3148; x_wconf 89' lang='lat' dir='ltr'><em>in</em></span> <span class='ocrx_word' id='word_1_502' title='bbox 980 3115 1091 3154; x_wconf 80' lang='lat' dir='ltr'><em>Christo</em></span> 
     </span>
     <span class='ocr_line' id='line_1_60' title="bbox 211 3158 1091 3207; baseline 0.008 -15"><span class='ocrx_word' id='word_1_503' title='bbox 211 3158 299 3201; x_wconf 78' lang='lat' dir='ltr'><em>fuisse</em></span> <span class='ocrx_word' id='word_1_504' title='bbox 315 3168 433 3192; x_wconf 82' lang='lat' dir='ltr'><em>naturae</em></span> <span class='ocrx_word' id='word_1_505' title='bbox 443 3184 451 3192; x_wconf 92' lang='lat'><strong>.</strong></span> <span class='ocrx_word' id='word_1_506' title='bbox 479 3162 570 3203; x_wconf 72' lang='lat' dir='ltr'><em>,Quod</em></span> <span class='ocrx_word' id='word_1_507' title='bbox 578 3163 642 3194; x_wconf 77' lang='lat' dir='ltr'><em>ideo</em></span> <span class='ocrx_word' id='word_1_508' title='bbox 652 3161 734 3204; x_wconf 82' lang='lat' dir='ltr'><em>posui</em></span> <span class='ocrx_word' id='word_1_509' title='bbox 747 3187 758 3202; x_wconf 90' lang='lat'>‚</span> <span class='ocrx_word' id='word_1_510' title='bbox 782 3173 814 3196; x_wconf 90' lang='lat' dir='ltr'><em>ut</em></span> <span class='ocrx_word' id='word_1_511' title='bbox 834 3176 872 3198; x_wconf 78' lang='lat' dir='ltr'><em>ex</em></span> <span class='ocrx_word' id='word_1_512' title='bbox 896 3168 1020 3207; x_wconf 82' lang='lat' dir='ltr'><em>Scriptis</em></span> <span class='ocrx_word' id='word_1_513' title='bbox 1042 3178 1091 3198; x_wconf 92' lang='lat' dir='ltr'><em>no-</em></span> 
     </span>
     <span class='ocr_line' id='line_1_61' title="bbox 217 3208 1091 3258; baseline 0.006 -16"><span class='ocrx_word' id='word_1_514' title='bbox 217 3220 285 3242; x_wconf 87' lang='lat' dir='ltr'><em>men</em></span> <span class='ocrx_word' id='word_1_515' title='bbox 301 3208 539 3250; x_wconf 83' lang='lat' dir='ltr'><em>deprehendatur</em></span> <span class='ocrx_word' id='word_1_516' title='bbox 551 3209 686 3244; x_wconf 78' lang='lat' dir='ltr'><em>Authoris</em></span> <span class='ocrx_word' id='word_1_517' title='bbox 700 3225 707 3245; x_wconf 89' lang='lat'>:</span> <span class='ocrx_word' id='word_1_518' title='bbox 735 3216 781 3245; x_wconf 86' lang='lat' dir='ltr'><em>Et</em></span> <span class='ocrx_word' id='word_1_519' title='bbox 792 3215 958 3248; x_wconf 83' lang='lat' dir='ltr'><em>advertant</em></span> <span class='ocrx_word' id='word_1_520' title='bbox 971 3241 980 3255; x_wconf 87' lang='lat'>‚</span> <span class='ocrx_word' id='word_1_521' title='bbox 991 3228 1091 3258; x_wconf 87' lang='lat' dir='ltr'><em>quam-</em></span> 
     </span>
     <span class='ocr_line' id='line_1_62' title="bbox 217 3257 1091 3308; baseline 0.009 -18"><span class='ocrx_word' id='word_1_522' title='bbox 217 3263 267 3290; x_wconf 81' lang='lat' dir='ltr'><em>vis</em></span> <span class='ocrx_word' id='word_1_523' title='bbox 279 3257 497 3299; x_wconf 65' lang='lat' dir='ltr'><em>exquist‘ttffimis</em></span> <span class='ocrx_word' id='word_1_524' title='bbox 511 3267 689 3303; x_wconf 81' lang='lat' dir='ltr'><em>argumentis</em></span> <span class='ocrx_word' id='word_1_525' title='bbox 698 3286 710 3302; x_wconf 83' lang='lat'><em>,</em></span> <span class='ocrx_word' id='word_1_526' title='bbox 735 3265 769 3296; x_wconf 63' lang='lat'><em>&lt;5</em></span> <span class='ocrx_word' id='word_1_527' title='bbox 776 3263 947 3304; x_wconf 86' lang='lat' dir='ltr'><em>phaleratis</em></span> <span class='ocrx_word' id='word_1_528' title='bbox 953 3265 1091 3308; x_wconf 67' lang='lat' dir='ltr'><em>sermoni·</em></span> 
     </span>
     <span class='ocr_line' id='line_1_63' title="bbox 216 3308 1091 3356; baseline 0.009 -16"><span class='ocrx_word' id='word_1_529' title='bbox 216 3308 274 3340; x_wconf 87' lang='lat' dir='ltr'><em>bus</em></span> <span class='ocrx_word' id='word_1_530' title='bbox 289 3319 346 3340; x_wconf 89' lang='lat' dir='ltr'><em>non</em></span> <span class='ocrx_word' id='word_1_531' title='bbox 354 3309 429 3351; x_wconf 84' lang='lat' dir='ltr'><em>posse</em></span> <span class='ocrx_word' id='word_1_532' title='bbox 440 3315 504 3342; x_wconf 82' lang='lat' dir='ltr'><em>vim</em></span> <span class='ocrx_word' id='word_1_533' title='bbox 515 3316 655 3343; x_wconf 86' lang='lat' dir='ltr'><em>veritatis</em></span> <span class='ocrx_word' id='word_1_534' title='bbox 666 3311 786 3344; x_wconf 84' lang='lat' dir='ltr'><em>obduci.</em></span> <span class='ocrx_word' id='word_1_535' title='bbox 813 3316 858 3345; x_wconf 83' lang='lat' dir='ltr'><em>Et</em></span> <span class='ocrx_word' id='word_1_536' title='bbox 875 3314 923 3348; x_wconf 87' lang='lat' dir='ltr'><em>bic</em></span> <span class='ocrx_word' id='word_1_537' title='bbox 941 3316 1014 3348; x_wconf 84' lang='lat' dir='ltr'><em>mibi</em></span> <span class='ocrx_word' id='word_1_538' title='bbox 1026 3316 1091 3356; x_wconf 86' lang='lat' dir='ltr'><em>fre-</em></span> 
     </span>
     <span class='ocr_line' id='line_1_64' title="bbox 219 3361 1089 3405; baseline 0.009 -14"><span class='ocrx_word' id='word_1_539' title='bbox 219 3367 344 3403; x_wconf 79' lang='lat' dir='ltr'><em>quenter</em></span> <span class='ocrx_word' id='word_1_540' title='bbox 356 3362 477 3392; x_wconf 81' lang='lat' dir='ltr'><em>Nicaeni</em></span> <span class='ocrx_word' id='word_1_541' title='bbox 489 3362 611 3394; x_wconf 75' lang='lat' dir='ltr'><em>Consilii</em></span> <span class='ocrx_word' id='word_1_542' title='bbox 622 3361 792 3397; x_wconf 71' lang='lat' dir='ltr'><em>Traiiatum</em></span> <span class='ocrx_word' id='word_1_543' title='bbox 806 3361 840 3405; x_wconf 91' lang='lat' dir='ltr'><em>se</em></span> <span class='ocrx_word' id='word_1_544' title='bbox 860 3372 955 3399; x_wconf 82' lang='lat' dir='ltr'><em>tenere</em></span> <span class='ocrx_word' id='word_1_545' title='bbox 973 3378 1089 3399; x_wconf 87' lang='lat' dir='ltr'><em>comme-</em></span> 
     </span>
     <span class='ocr_line' id='line_1_65' title="bbox 319 3407 746 3453; baseline 0.005 -11"><span class='ocrx_word' id='word_1_546' title='bbox 319 3407 423 3448; x_wconf 74' lang='lat' dir='ltr'><em>Christ.</em></span> <span class='ocrx_word' id='word_1_547' title='bbox 436 3412 515 3452; x_wconf 85' lang='lat' dir='ltr'><em>Lupi</em></span> <span class='ocrx_word' id='word_1_548' title='bbox 527 3415 626 3453; x_wconf 86' lang='lat' dir='ltr'><em>Opera</em></span> <span class='ocrx_word' id='word_1_549' title='bbox 636 3414 669 3443; x_wconf 88' lang='grc' dir='ltr'><em>Τ.</em></span> <span class='ocrx_word' id='word_1_550' title='bbox 679 3415 746 3444; x_wconf 85' lang='lat' dir='ltr'><em>VII.</em></span> 
     </span>
    </p>
   </div>
   <div class='ocr_carea' id='block_1_5' title="bbox 1869 214 1966 254">
    <p class='ocr_par' dir='ltr' id='par_1_5' title="bbox 1869 214 1966 254">
     <span class='ocr_line' id='line_1_66' title="bbox 1869 214 1966 254; baseline 0 -8"><span class='ocrx_word' id='word_1_551' title='bbox 1869 214 1966 254; x_wconf 87' lang='lat'><em>229</em></span> 
     </span>
    </p>
   </div>
   <div class='ocr_carea' id='block_1_6' title="bbox 1148 273 2046 1762">
    <p class='ocr_par' dir='ltr' id='par_1_6' title="bbox 1132 273 2046 2572">
     <span class='ocr_line' id='line_1_67' title="bbox 1153 273 2026 320; baseline -0.003 -12"><span class='ocrx_word' id='word_1_552' title='bbox 1153 283 1267 308; x_wconf 85' lang='lat' dir='ltr'><em>morat.</em></span> <span class='ocrx_word' id='word_1_553' title='bbox 1296 275 1356 307; x_wconf 82' lang='lat' dir='ltr'><em>Sed</em></span> <span class='ocrx_word' id='word_1_554' title='bbox 1365 280 1398 307; x_wconf 79' lang='lat' dir='ltr'><em>in</em></span> <span class='ocrx_word' id='word_1_555' title='bbox 1411 274 1461 307; x_wconf 82' lang='lat' dir='ltr'><em>illo</em></span> <span class='ocrx_word' id='word_1_556' title='bbox 1469 273 1612 307; x_wconf 70' lang='lat' dir='ltr'><em>Trae‘latu</em></span> <span class='ocrx_word' id='word_1_557' title='bbox 1624 278 1730 308; x_wconf 86' lang='lat' dir='ltr'><em>Patres</em></span> <span class='ocrx_word' id='word_1_558' title='bbox 1743 277 1826 318; x_wconf 77' lang='lat' dir='ltr'><em>nostri</em></span> <span class='ocrx_word' id='word_1_559' title='bbox 1840 305 1850 320; x_wconf 86' lang='lat'>‚</span> <span class='ocrx_word' id='word_1_560' title='bbox 1874 291 1932 314; x_wconf 76' lang='lat' dir='ltr'><em>nm</em></span> <span class='ocrx_word' id='word_1_561' title='bbox 1948 284 2026 312; x_wconf 79' lang='lat' dir='ltr'><em>Gar-</em></span> 
     </span>
     <span class='ocr_line' id='line_1_68' title="bbox 1154 322 2026 368; baseline 0 -10"><span class='ocrx_word' id='word_1_562' title='bbox 1154 337 1244 365; x_wconf 90' lang='lat' dir='ltr'><em>nem,</em></span> <span class='ocrx_word' id='word_1_563' title='bbox 1268 322 1323 368; x_wconf 83' lang='lat' dir='ltr'><em>sed</em></span> <span class='ocrx_word' id='word_1_564' title='bbox 1331 328 1388 357; x_wconf 88' lang='lat' dir='ltr'><em>Dei</em></span> <span class='ocrx_word' id='word_1_565' title='bbox 1397 323 1527 360; x_wconf 86' lang='lat' dir='ltr'><em>Verbum</em></span> <span class='ocrx_word' id='word_1_566' title='bbox 1550 329 1638 358; x_wconf 86' lang='lat' dir='ltr'><em>unius</em></span> <span class='ocrx_word' id='word_1_567' title='bbox 1657 323 1829 366; x_wconf 67' lang='lat' dir='ltr'><em>substantia</em></span> <span class='ocrx_word' id='word_1_568' title='bbox 1848 339 1911 362; x_wconf 84' lang='lat' dir='ltr'><em>cum</em></span> <span class='ocrx_word' id='word_1_569' title='bbox 1930 333 2026 363; x_wconf 71' lang='lat' dir='ltr'><em>Patre</em></span> 
     </span>
     <span class='ocr_line' id='line_1_69' title="bbox 1155 374 2026 420; baseline 0.005 -12"><span class='ocrx_word' id='word_1_570' title='bbox 1155 375 1206 417; x_wconf 65' lang='lat' dir='ltr'><em>effi»</em></span> <span class='ocrx_word' id='word_1_571' title='bbox 1228 376 1387 408; x_wconf 79' lang='lat' dir='ltr'><em>dixerunt:</em></span> <span class='ocrx_word' id='word_1_572' title='bbox 1414 377 1459 407; x_wconf 86' lang='lat' dir='ltr'><em>Et</em></span> <span class='ocrx_word' id='word_1_573' title='bbox 1481 374 1604 407; x_wconf 85' lang='lat' dir='ltr'><em>Verbum</em></span> <span class='ocrx_word' id='word_1_574' title='bbox 1616 376 1736 417; x_wconf 84' lang='lat' dir='ltr'><em>quidem</em></span> <span class='ocrx_word' id='word_1_575' title='bbox 1757 387 1793 408; x_wconf 84' lang='lat' dir='ltr'><em>ex</em></span> <span class='ocrx_word' id='word_1_576' title='bbox 1808 379 1940 410; x_wconf 82' lang='lat' dir='ltr'><em>Paterna</em></span> <span class='ocrx_word' id='word_1_577' title='bbox 1959 388 2026 420; x_wconf 83' lang='lat' dir='ltr'><em>pro-</em></span> 
     </span>
     <span class='ocr_line' id='line_1_70' title="bbox 1155 423 2027 468; baseline 0.005 -12"><span class='ocrx_word' id='word_1_578' title='bbox 1155 425 1245 466; x_wconf 85' lang='lat' dir='ltr'><em>ceffisse</em></span> <span class='ocrx_word' id='word_1_579' title='bbox 1252 423 1436 465; x_wconf 83' lang='lat' dir='ltr'><em>substantia,</em></span> <span class='ocrx_word' id='word_1_580' title='bbox 1463 435 1580 458; x_wconf 83' lang='lat' dir='ltr'><em>carnem</em></span> <span class='ocrx_word' id='word_1_581' title='bbox 1590 434 1690 459; x_wconf 89' lang='lat' dir='ltr'><em>autem</em></span> <span class='ocrx_word' id='word_1_582' title='bbox 1707 435 1746 457; x_wconf 75' lang='lat' dir='ltr'><em>ex</em></span> <span class='ocrx_word' id='word_1_583' title='bbox 1759 428 1878 466; x_wconf 79' lang='lat' dir='ltr'><em>Virgine</em></span> <span class='ocrx_word' id='word_1_584' title='bbox 1899 427 1948 468; x_wconf 80' lang='lat' dir='ltr'><em>effe</em></span> <span class='ocrx_word' id='word_1_585' title='bbox 1966 439 2027 460; x_wconf 89' lang='lat' dir='ltr'><em>con-</em></span> 
     </span>
     <span class='ocr_line' id='line_1_71' title="bbox 1149 473 2029 518; baseline 0.002 -11"><span class='ocrx_word' id='word_1_586' title='bbox 1149 473 1212 514; x_wconf 80' lang='lat' dir='ltr'><em>feffi</em></span> <span class='ocrx_word' id='word_1_587' title='bbox 1221 473 1312 517; x_wconf 75' lang='lat' dir='ltr'><em>sunt.</em></span> <span class='ocrx_word' id='word_1_588' title='bbox 1339 475 1493 518; x_wconf 75' lang='lat' dir='ltr'><em>,Quomodo</em></span> <span class='ocrx_word' id='word_1_589' title='bbox 1502 479 1593 517; x_wconf 85' lang='lat' dir='ltr'><em>igitur</em></span> <span class='ocrx_word' id='word_1_590' title='bbox 1605 480 1639 508; x_wconf 89' lang='lat' dir='ltr'><strong><em>N</em></strong></span> <span class='ocrx_word' id='word_1_591' title='bbox 1643 479 1728 508; x_wconf 77' lang='lat' dir='ltr'><em>icaeni</em></span> <span class='ocrx_word' id='word_1_592' title='bbox 1740 475 1863 507; x_wconf 75' lang='lat' dir='ltr'><em>concilii</em></span> <span class='ocrx_word' id='word_1_593' title='bbox 1873 486 1975 508; x_wconf 88' lang='lat' dir='ltr'><em>nomen</em></span> <span class='ocrx_word' id='word_1_594' title='bbox 1983 477 2029 508; x_wconf 86' lang='lat' dir='ltr'><em>ob-</em></span> 
     </span>
     <span class='ocr_line' id='line_1_72' title="bbox 1155 525 2031 567; baseline 0 -11"><span class='ocrx_word' id='word_1_595' title='bbox 1155 525 1308 564; x_wconf 84' lang='lat' dir='ltr'><em>tenditur,</em></span> <span class='ocrx_word' id='word_1_596' title='bbox 1335 527 1369 558; x_wconf 77' lang='lat'><em>&amp;</em></span> <span class='ocrx_word' id='word_1_597' title='bbox 1388 536 1467 558; x_wconf 80' lang='lat' dir='ltr'><em>nova</em></span> <span class='ocrx_word' id='word_1_598' title='bbox 1488 526 1666 558; x_wconf 89' lang='lat' dir='ltr'><em>inducuntur</em></span> <span class='ocrx_word' id='word_1_599' title='bbox 1687 548 1699 566; x_wconf 86' lang='lat'>‚</span> <span class='ocrx_word' id='word_1_600' title='bbox 1723 536 1789 567; x_wconf 82' lang='lat' dir='ltr'><em>quae</em></span> <span class='ocrx_word' id='word_1_601' title='bbox 1810 534 1963 566; x_wconf 85' lang='lat' dir='ltr'><em>nunquam</em></span> <span class='ocrx_word' id='word_1_602' title='bbox 1982 537 2031 557; x_wconf 82' lang='lat' dir='ltr'><em>no-</em></span> 
     </span>
     <span class='ocr_line' id='line_1_73' title="bbox 1149 571 2031 618; baseline 0.001 -12"><span class='ocrx_word' id='word_1_603' title='bbox 1149 574 1205 613; x_wconf 83' lang='lat' dir='ltr'><em>stri</em></span> <span class='ocrx_word' id='word_1_604' title='bbox 1221 571 1337 616; x_wconf 86' lang='lat' dir='ltr'><em>sensere</em></span> <span class='ocrx_word' id='word_1_605' title='bbox 1348 576 1501 615; x_wconf 80' lang='lat' dir='ltr'><em>Majores?</em></span> <span class='ocrx_word' id='word_1_606' title='bbox 1529 574 1605 609; x_wconf 81' lang='lat' dir='ltr'><em>Cu&#39;m</em></span> <span class='ocrx_word' id='word_1_607' title='bbox 1615 580 1716 618; x_wconf 87' lang='lat' dir='ltr'><em>utique</em></span> <span class='ocrx_word' id='word_1_608' title='bbox 1726 577 1886 616; x_wconf 81' lang='lat' dir='ltr'><em>Scripturae</em></span> <span class='ocrx_word' id='word_1_609' title='bbox 1906 576 2007 607; x_wconf 86' lang='lat' dir='ltr'><em>dicant</em></span> <span class='ocrx_word' id='word_1_610' title='bbox 2019 599 2031 614; x_wconf 87' lang='lat'><em>,</em></span> 
     </span>
     <span class='ocr_line' id='line_1_74' title="bbox 1156 623 2033 668; baseline 0.002 -14"><span class='ocrx_word' id='word_1_611' title='bbox 1156 629 1225 664; x_wconf 88' lang='lat' dir='ltr'><em>quia</em></span> <span class='ocrx_word' id='word_1_612' title='bbox 1237 623 1371 663; x_wconf 69' lang='lat' dir='ltr'><em>christus</em></span> <span class='ocrx_word' id='word_1_613' title='bbox 1386 624 1545 667; x_wconf 80' lang='lat' dir='ltr'><em>secundum</em></span> <span class='ocrx_word' id='word_1_614' title='bbox 1562 630 1694 659; x_wconf 80' lang='lat' dir='ltr'><em>Carnem</em></span> <span class='ocrx_word' id='word_1_615' title='bbox 1707 626 1810 668; x_wconf 83' lang='lat' dir='ltr'><em>paffus</em></span> <span class='ocrx_word' id='word_1_616' title='bbox 1832 623 1889 664; x_wconf 82' lang='lat' dir='ltr'><em>est,</em></span> <span class='ocrx_word' id='word_1_617' title='bbox 1915 635 1972 662; x_wconf 87' lang='lat' dir='ltr'><em>non</em></span> <span class='ocrx_word' id='word_1_618' title='bbox 1988 623 2033 666; x_wconf 71' lang='lat' dir='ltr'><em>Je-</em></span> 
     </span>
     <span class='ocr_line' id='line_1_75' title="bbox 1156 674 2033 718; baseline 0.002 -13"><span class='ocrx_word' id='word_1_619' title='bbox 1156 674 1283 706; x_wconf 78' lang='lat' dir='ltr'><em>cundum</em></span> <span class='ocrx_word' id='word_1_620' title='bbox 1295 677 1516 708; x_wconf 80' lang='lat' dir='ltr'><em>Divinitatcm:</em></span> <span class='ocrx_word' id='word_1_621' title='bbox 1542 677 1701 718; x_wconf 68' lang='lat' dir='ltr'><em>Scriptura</em></span> <span class='ocrx_word' id='word_1_622' title='bbox 1712 676 1815 709; x_wconf 83' lang='lat' dir='ltr'><em>dicant</em></span> <span class='ocrx_word' id='word_1_623' title='bbox 1825 699 1837 715; x_wconf 91' lang='lat'><em>,</em></span> <span class='ocrx_word' id='word_1_624' title='bbox 1862 679 1934 717; x_wconf 72' lang='lat' dir='ltr'><em>qula</em></span> <span class='ocrx_word' id='word_1_625' title='bbox 1954 674 2033 708; x_wconf 83' lang='lat' dir='ltr'><em>Vir—</em></span> 
     </span>
     <span class='ocr_line' id='line_1_76' title="bbox 1155 723 2035 770; baseline 0.001 -15"><span class='ocrx_word' id='word_1_626' title='bbox 1155 733 1202 766; x_wconf 88' lang='lat' dir='ltr'><em>go</em></span> <span class='ocrx_word' id='word_1_627' title='bbox 1222 723 1257 755; x_wconf 87' lang='lat' dir='ltr'><em>in</em></span> <span class='ocrx_word' id='word_1_628' title='bbox 1276 733 1368 756; x_wconf 87' lang='lat' dir='ltr'><em>utero</em></span> <span class='ocrx_word' id='word_1_629' title='bbox 1390 726 1551 766; x_wconf 87' lang='lat' dir='ltr'><em>accipiet,</em></span> <span class='ocrx_word' id='word_1_630' title='bbox 1576 726 1611 760; x_wconf 90' lang='lat'>&amp;</span> <span class='ocrx_word' id='word_1_631' title='bbox 1634 726 1734 770; x_wconf 84' lang='lat' dir='ltr'><em>pariet</em></span> <span class='ocrx_word' id='word_1_632' title='bbox 1744 725 1867 759; x_wconf 81' lang='lat' dir='ltr'><em>Filium</em></span> <span class='ocrx_word' id='word_1_633' title='bbox 1881 750 1889 758; x_wconf 88' lang='lat'><em>.</em></span> <span class='ocrx_word' id='word_1_634' title='bbox 1918 729 2035 766; x_wconf 75' lang='lat' dir='ltr'><em>Accepit</em></span> 
     </span>
     <span class='ocr_line' id='line_1_77' title="bbox 1155 772 2035 817; baseline 0.006 -12"><span class='ocrx_word' id='word_1_635' title='bbox 1155 777 1233 805; x_wconf 89' lang='lat' dir='ltr'><em>enim</em></span> <span class='ocrx_word' id='word_1_636' title='bbox 1256 778 1425 812; x_wconf 85' lang='lat' dir='ltr'><em>virtutem,</em></span> <span class='ocrx_word' id='word_1_637' title='bbox 1451 774 1484 808; x_wconf 51' lang='lat' dir='ltr'><em>(ff</em></span> <span class='ocrx_word' id='word_1_638' title='bbox 1500 781 1614 815; x_wconf 84' lang='lat' dir='ltr'><em>peperit</em></span> <span class='ocrx_word' id='word_1_639' title='bbox 1639 777 1775 816; x_wconf 82' lang='lat' dir='ltr'><em>Filium,</em></span> <span class='ocrx_word' id='word_1_640' title='bbox 1801 786 1886 817; x_wconf 90' lang='lat' dir='ltr'><em>quem</em></span> <span class='ocrx_word' id='word_1_641' title='bbox 1912 777 1948 809; x_wconf 64' lang='grc' dir='ltr'>Θ</span> <span class='ocrx_word' id='word_1_642' title='bbox 1969 772 2035 816; x_wconf 85' lang='lat' dir='ltr'><em>ipsa</em></span> 
     </span>
     <span class='ocr_line' id='line_1_78' title="bbox 1151 819 2036 867; baseline 0.003 -13"><span class='ocrx_word' id='word_1_643' title='bbox 1151 819 1280 864; x_wconf 82' lang='lat' dir='ltr'><em>suscepit</em></span> <span class='ocrx_word' id='word_1_644' title='bbox 1293 846 1302 853; x_wconf 89' lang='lat'><strong>.</strong></span> <span class='ocrx_word' id='word_1_645' title='bbox 1328 825 1463 864; x_wconf 87' lang='lat' dir='ltr'><em>Denique</em></span> <span class='ocrx_word' id='word_1_646' title='bbox 1473 822 1525 855; x_wconf 86' lang='lat' dir='ltr'><em>boc</em></span> <span class='ocrx_word' id='word_1_647' title='bbox 1536 828 1627 857; x_wconf 86' lang='lat' dir='ltr'><em>etiam</em></span> <span class='ocrx_word' id='word_1_648' title='bbox 1639 826 1765 859; x_wconf 83' lang='lat' dir='ltr'><em>Gabriel</em></span> <span class='ocrx_word' id='word_1_649' title='bbox 1769 831 1889 867; x_wconf 86' lang='lat' dir='ltr'><em>proprio</em></span> <span class='ocrx_word' id='word_1_650' title='bbox 1904 822 2036 867; x_wconf 81' lang='lat' dir='ltr'><em>sermone</em></span> 
     </span>
     <span class='ocr_line' id='line_1_79' title="bbox 1157 872 2038 915; baseline 0.003 -12"><span class='ocrx_word' id='word_1_651' title='bbox 1157 872 1307 912; x_wconf 84' lang='lat' dir='ltr'><em>declarat,</em></span> <span class='ocrx_word' id='word_1_652' title='bbox 1333 874 1433 905; x_wconf 87' lang='lat' dir='ltr'><em>dicens</em></span> <span class='ocrx_word' id='word_1_653' title='bbox 1461 885 1473 906; x_wconf 84' lang='lat'><em>.-</em></span> <span class='ocrx_word' id='word_1_654' title='bbox 1498 872 1542 905; x_wconf 88' lang='lat' dir='ltr'><em>Et</em></span> <span class='ocrx_word' id='word_1_655' title='bbox 1563 873 1651 915; x_wconf 87' lang='lat' dir='ltr'><em>quod</em></span> <span class='ocrx_word' id='word_1_656' title='bbox 1674 877 1822 909; x_wconf 85' lang='lat' dir='ltr'><em>nascetur</em></span> <span class='ocrx_word' id='word_1_657' title='bbox 1843 886 1886 908; x_wconf 86' lang='lat' dir='ltr'><em>ex</em></span> <span class='ocrx_word' id='word_1_658' title='bbox 1908 883 1941 908; x_wconf 89' lang='lat' dir='ltr'><em>te</em></span> <span class='ocrx_word' id='word_1_659' title='bbox 1962 875 2038 908; x_wconf 86' lang='lat' dir='ltr'><em>San-</em></span> 
     </span>
     <span class='ocr_line' id='line_1_80' title="bbox 1157 922 2039 967; baseline 0.001 -12"><span class='ocrx_word' id='word_1_660' title='bbox 1157 923 1265 962; x_wconf 71' lang='grc' dir='ltr'><strong>έὶιιω,</strong></span> <span class='ocrx_word' id='word_1_661' title='bbox 1291 922 1543 956; x_wconf 81' lang='lat' dir='ltr'><em>vocabiturDei</em></span> <span class='ocrx_word' id='word_1_662' title='bbox 1558 922 1683 956; x_wconf 88' lang='lat' dir='ltr'><em>Filius.</em></span> <span class='ocrx_word' id='word_1_663' title='bbox 1709 927 1764 957; x_wconf 76' lang='lat' dir='ltr'><em>Ex</em></span> <span class='ocrx_word' id='word_1_664' title='bbox 1786 935 1837 965; x_wconf 87' lang='lat' dir='ltr'><em>te,</em></span> <span class='ocrx_word' id='word_1_665' title='bbox 1863 930 1979 967; x_wconf 86' lang='lat' dir='ltr'><em>inquit,</em></span> <span class='ocrx_word' id='word_1_666' title='bbox 2004 932 2039 957; x_wconf 75' lang='lat' dir='ltr'><em>ue</em></span> 
     </span>
     <span class='ocr_line' id='line_1_81' title="bbox 1151 968 2038 1015; baseline 0.003 -11"><span class='ocrx_word' id='word_1_667' title='bbox 1151 969 1315 1015; x_wconf 76' lang='lat' dir='ltr'><em>secundum</em></span> <span class='ocrx_word' id='word_1_668' title='bbox 1326 970 1470 1005; x_wconf 82' lang='lat' dir='ltr'><em>bominem</em></span> <span class='ocrx_word' id='word_1_669' title='bbox 1480 974 1562 1014; x_wconf 88' lang='lat' dir='ltr'><em>quod</em></span> <span class='ocrx_word' id='word_1_670' title='bbox 1569 968 1605 1008; x_wconf 80' lang='lat' dir='ltr'><em>ex</em></span> <span class='ocrx_word' id='word_1_671' title='bbox 1631 971 1697 1015; x_wconf 84' lang='lat' dir='ltr'><em>ipsa</em></span> <span class='ocrx_word' id='word_1_672' title='bbox 1714 972 1879 1015; x_wconf 88' lang='lat' dir='ltr'><em>nasceretur</em></span> <span class='ocrx_word' id='word_1_673' title='bbox 1899 976 2038 1007; x_wconf 85' lang='lat' dir='ltr'><em>adverte-</em></span> 
     </span>
     <span class='ocr_line' id='line_1_82' title="bbox 1155 1020 2041 1066; baseline 0 -11"><span class='ocrx_word' id='word_1_674' title='bbox 1155 1033 1201 1055; x_wconf 88' lang='lat' dir='ltr'><em>res</em></span> <span class='ocrx_word' id='word_1_675' title='bbox 1211 1042 1218 1050; x_wconf 90' lang='lat'>·</span> <span class='ocrx_word' id='word_1_676' title='bbox 1247 1025 1302 1055; x_wconf 82' lang='lat' dir='ltr'><em>Ex</em></span> <span class='ocrx_word' id='word_1_677' title='bbox 1308 1020 1342 1064; x_wconf 90' lang='lat' dir='ltr'><em>se</em></span> <span class='ocrx_word' id='word_1_678' title='bbox 1354 1027 1434 1056; x_wconf 86' lang='lat' dir='ltr'><em>enim</em></span> <span class='ocrx_word' id='word_1_679' title='bbox 1441 1029 1603 1065; x_wconf 83' lang='lat' dir='ltr'><em>generavit</em></span> <span class='ocrx_word' id='word_1_680' title='bbox 1614 1026 1717 1056; x_wconf 85' lang='lat' dir='ltr'><em>Maria</em></span> <span class='ocrx_word' id='word_1_681' title='bbox 1730 1045 1743 1062; x_wconf 94' lang='lat'>‚</span> <span class='ocrx_word' id='word_1_682' title='bbox 1768 1031 1803 1055; x_wconf 81' lang='lat' dir='ltr'><em>ut</em></span> <span class='ocrx_word' id='word_1_683' title='bbox 1826 1025 1903 1063; x_wconf 85' lang='lat' dir='ltr'><em>quod</em></span> <span class='ocrx_word' id='word_1_684' title='bbox 1917 1035 2041 1066; x_wconf 86' lang='lat' dir='ltr'><em>genera-</em></span> 
     </span>
     <span class='ocr_line' id='line_1_83' title="bbox 1155 1071 2042 1115; baseline 0.001 -11"><span class='ocrx_word' id='word_1_685' title='bbox 1155 1079 1236 1105; x_wconf 89' lang='lat' dir='ltr'><em>retur</em></span> <span class='ocrx_word' id='word_1_686' title='bbox 1257 1083 1295 1105; x_wconf 80' lang='lat' dir='ltr'><em>ex</em></span> <span class='ocrx_word' id='word_1_687' title='bbox 1309 1071 1397 1115; x_wconf 85' lang='lat' dir='ltr'><em>ipsa,</em></span> <span class='ocrx_word' id='word_1_688' title='bbox 1423 1078 1456 1105; x_wconf 83' lang='lat' dir='ltr'><em>in</em></span> <span class='ocrx_word' id='word_1_689' title='bbox 1478 1083 1509 1106; x_wconf 91' lang='lat' dir='ltr'><em>eo</em></span> <span class='ocrx_word' id='word_1_690' title='bbox 1521 1097 1531 1113; x_wconf 94' lang='lat'><em>,</em></span> <span class='ocrx_word' id='word_1_691' title='bbox 1551 1071 1647 1114; x_wconf 81' lang='lat' dir='ltr'><em>salva</em></span> <span class='ocrx_word' id='word_1_692' title='bbox 1661 1077 1866 1115; x_wconf 77' lang='lat' dir='ltr'><em>generationis</em></span> <span class='ocrx_word' id='word_1_693' title='bbox 1881 1075 2042 1106; x_wconf 79' lang='lat' dir='ltr'><em>Dominicae</em></span> 
     </span>
     <span class='ocr_line' id='line_1_84' title="bbox 1159 1122 2042 1166; baseline -0.001 -11"><span class='ocrx_word' id='word_1_694' title='bbox 1159 1125 1369 1166; x_wconf 80' lang='lat' dir='ltr'><em>Praerogativa</em></span> <span class='ocrx_word' id='word_1_695' title='bbox 1387 1146 1398 1162; x_wconf 88' lang='lat'><em>,</em></span> <span class='ocrx_word' id='word_1_696' title='bbox 1422 1128 1551 1164; x_wconf 86' lang='lat' dir='ltr'><em>corporis</em></span> <span class='ocrx_word' id='word_1_697' title='bbox 1571 1122 1637 1165; x_wconf 74' lang='lat' dir='ltr'><em>effet</em></span> <span class='ocrx_word' id='word_1_698' title='bbox 1661 1133 1735 1155; x_wconf 86' lang='lat' dir='ltr'><em>vera</em></span> <span class='ocrx_word' id='word_1_699' title='bbox 1761 1129 1870 1154; x_wconf 86' lang='lat' dir='ltr'><em>natura</em></span> <span class='ocrx_word' id='word_1_700' title='bbox 1893 1145 1899 1151; x_wconf 96' lang='lat'>.</span> <span class='ocrx_word' id='word_1_701' title='bbox 1926 1123 1984 1154; x_wconf 85' lang='lat' dir='ltr'><em>Sed</em></span> <span class='ocrx_word' id='word_1_702' title='bbox 2007 1123 2042 1154; x_wconf 61' lang='lat'><em>(5</em></span> 
     </span>
     <span class='ocr_line' id='line_1_85' title="bbox 1159 1171 2038 1215; baseline -0.002 -10"><span class='ocrx_word' id='word_1_703' title='bbox 1159 1173 1271 1205; x_wconf 88' lang='lat' dir='ltr'><em>Paulus</em></span> <span class='ocrx_word' id='word_1_704' title='bbox 1283 1174 1356 1205; x_wconf 87' lang='lat' dir='ltr'><em>dicit</em></span> <span class='ocrx_word' id='word_1_705' title='bbox 1366 1173 1398 1206; x_wconf 91' lang='lat' dir='ltr'><em>se</em></span> <span class='ocrx_word' id='word_1_706' title='bbox 1410 1171 1672 1215; x_wconf 66' lang='lat' dir='ltr'><em>praedestinatum</em></span> <span class='ocrx_word' id='word_1_707' title='bbox 1684 1171 1746 1205; x_wconf 81' lang='lat' dir='ltr'><em>effe</em></span> <span class='ocrx_word' id='word_1_708' title='bbox 1765 1172 1802 1205; x_wconf 86' lang='lat' dir='ltr'><em>in</em></span> <span class='ocrx_word' id='word_1_709' title='bbox 1816 1171 2038 1214; x_wconf 84' lang='lat' dir='ltr'><em>Evangelium</em></span> 
     </span>
     <span class='ocr_line' id='line_1_86' title="bbox 1148 1220 2040 1266; baseline -0.001 -11"><span class='ocrx_word' id='word_1_710' title='bbox 1148 1220 1249 1262; x_wconf 84' lang='lat' dir='ltr'><em>Dei,</em></span> <span class='ocrx_word' id='word_1_711' title='bbox 1276 1222 1365 1266; x_wconf 87' lang='lat' dir='ltr'><em>quod</em></span> <span class='ocrx_word' id='word_1_712' title='bbox 1393 1222 1490 1262; x_wconf 74' lang='lat' dir='ltr'><em>ante,</em></span> <span class='ocrx_word' id='word_1_713' title='bbox 1515 1226 1614 1264; x_wconf 86' lang='lat' dir='ltr'><em>inquit</em></span> <span class='ocrx_word' id='word_1_714' title='bbox 1633 1246 1645 1262; x_wconf 90' lang='lat'>‚</span> <span class='ocrx_word' id='word_1_715' title='bbox 1671 1221 1861 1265; x_wconf 87' lang='lat' dir='ltr'><em>promiserat</em></span> <span class='ocrx_word' id='word_1_716' title='bbox 1883 1232 1938 1264; x_wconf 85' lang='lat' dir='ltr'><em>per</em></span> <span class='ocrx_word' id='word_1_717' title='bbox 1959 1220 2040 1254; x_wconf 84' lang='lat' dir='ltr'><em>Pro·</em></span> 
     </span>
     <span class='ocr_line' id='line_1_87' title="bbox 1157 1270 2038 1314; baseline -0.001 -9"><span class='ocrx_word' id='word_1_718' title='bbox 1157 1270 1270 1314; x_wconf 82' lang='lat' dir='ltr'><em>phetas</em></span> <span class='ocrx_word' id='word_1_719' title='bbox 1285 1273 1325 1305; x_wconf 88' lang='lat' dir='ltr'><em>de</em></span> <span class='ocrx_word' id='word_1_720' title='bbox 1348 1272 1436 1305; x_wconf 80' lang='lat' dir='ltr'><em>Filio</em></span> <span class='ocrx_word' id='word_1_721' title='bbox 1449 1273 1526 1310; x_wconf 90' lang='lat' dir='ltr'><em>suo,</em></span> <span class='ocrx_word' id='word_1_722' title='bbox 1552 1273 1609 1314; x_wconf 89' lang='lat' dir='ltr'><em>qui</em></span> <span class='ocrx_word' id='word_1_723' title='bbox 1638 1271 1739 1306; x_wconf 60' lang='lat' dir='ltr'><em>faetus</em></span> <span class='ocrx_word' id='word_1_724' title='bbox 1750 1271 1795 1306; x_wconf 89' lang='lat' dir='ltr'><em>est</em></span> <span class='ocrx_word' id='word_1_725' title='bbox 1808 1271 1839 1305; x_wconf 89' lang='lat' dir='ltr'><em>ei</em></span> <span class='ocrx_word' id='word_1_726' title='bbox 1862 1283 1901 1305; x_wconf 87' lang='lat' dir='ltr'><em>ex</em></span> <span class='ocrx_word' id='word_1_727' title='bbox 1914 1271 2038 1305; x_wconf 87' lang='lat' dir='ltr'><em>semine</em></span> 
     </span>
     <span class='ocr_line' id='line_1_88' title="bbox 1156 1319 2041 1356; baseline -0.002 -1"><span class='ocrx_word' id='word_1_728' title='bbox 1156 1321 1268 1356; x_wconf 87' lang='lat' dir='ltr'><em>David</em></span> <span class='ocrx_word' id='word_1_729' title='bbox 1278 1321 1456 1355; x_wconf 70' lang='lat' dir='ltr'><em>secundum</em></span> <span class='ocrx_word' id='word_1_730' title='bbox 1470 1322 1625 1356; x_wconf 86' lang='lat' dir='ltr'><em>Carnem.</em></span> <span class='ocrx_word' id='word_1_731' title='bbox 1656 1326 1703 1356; x_wconf 84' lang='lat' dir='ltr'><em>Et</em></span> <span class='ocrx_word' id='word_1_732' title='bbox 1716 1323 1761 1355; x_wconf 81' lang='lat' dir='ltr'><em>ad</em></span> <span class='ocrx_word' id='word_1_733' title='bbox 1772 1322 1917 1354; x_wconf 83' lang='lat' dir='ltr'><em>Galatas:</em></span> <span class='ocrx_word' id='word_1_734' title='bbox 1946 1319 2041 1354; x_wconf 85' lang='lat' dir='ltr'><em>Post-</em></span> 
     </span>
     <span class='ocr_line' id='line_1_89' title="bbox 1156 1371 2040 1415; baseline -0.002 -10"><span class='ocrx_word' id='word_1_735' title='bbox 1156 1372 1256 1414; x_wconf 61' lang='lat' dir='ltr'><em>quam</em></span> <span class='ocrx_word' id='word_1_736' title='bbox 1293 1383 1405 1406; x_wconf 85' lang='lat' dir='ltr'><em>autem</em></span> <span class='ocrx_word' id='word_1_737' title='bbox 1426 1371 1517 1406; x_wconf 86' lang='lat' dir='ltr'><em>venit</em></span> <span class='ocrx_word' id='word_1_738' title='bbox 1537 1371 1712 1415; x_wconf 86' lang='lat' dir='ltr'><em>plenitudo</em></span> <span class='ocrx_word' id='word_1_739' title='bbox 1734 1373 1886 1415; x_wconf 88' lang='lat' dir='ltr'><em>temporis</em></span> <span class='ocrx_word' id='word_1_740' title='bbox 1910 1394 1921 1411; x_wconf 89' lang='lat'>‚</span> <span class='ocrx_word' id='word_1_741' title='bbox 1952 1371 2040 1405; x_wconf 70' lang='lat' dir='ltr'><em>misit</em></span> 
     </span>
     <span class='ocr_line' id='line_1_90' title="bbox 1157 1422 2042 1457; baseline -0.002 -2"><span class='ocrx_word' id='word_1_742' title='bbox 1157 1422 1250 1455; x_wconf 87' lang='lat' dir='ltr'><em>Deus</em></span> <span class='ocrx_word' id='word_1_743' title='bbox 1286 1422 1410 1457; x_wconf 86' lang='lat' dir='ltr'><em>Filium</em></span> <span class='ocrx_word' id='word_1_744' title='bbox 1437 1424 1530 1457; x_wconf 88' lang='lat' dir='ltr'><em>suum</em></span> <span class='ocrx_word' id='word_1_745' title='bbox 1572 1422 1692 1456; x_wconf 67' lang='lat' dir='ltr'><em>fastum</em></span> <span class='ocrx_word' id='word_1_746' title='bbox 1718 1434 1759 1456; x_wconf 83' lang='lat' dir='ltr'><em>ex</em></span> <span class='ocrx_word' id='word_1_747' title='bbox 1785 1422 1922 1456; x_wconf 87' lang='lat' dir='ltr'><em>muliere</em></span> <span class='ocrx_word' id='word_1_748' title='bbox 1948 1447 1955 1454; x_wconf 93' lang='lat'><strong><em>.</em></strong></span> <span class='ocrx_word' id='word_1_749' title='bbox 1994 1423 2042 1453; x_wconf 87' lang='lat' dir='ltr'><em>Et</em></span> 
     </span>
     <span class='ocr_line' id='line_1_91' title="bbox 1156 1469 2040 1515; baseline 0.002 -14"><span class='ocrx_word' id='word_1_750' title='bbox 1156 1474 1199 1502; x_wconf 76' lang='lat' dir='ltr'><em>ad</em></span> <span class='ocrx_word' id='word_1_751' title='bbox 1208 1471 1389 1508; x_wconf 77' lang='lat' dir='ltr'><em>Timotheum</em></span> <span class='ocrx_word' id='word_1_752' title='bbox 1402 1474 1502 1506; x_wconf 81' lang='lat' dir='ltr'><em>dixit:</em></span> <span class='ocrx_word' id='word_1_753' title='bbox 1530 1472 1664 1507; x_wconf 80' lang='lat' dir='ltr'><em>Memor</em></span> <span class='ocrx_word' id='word_1_754' title='bbox 1673 1472 1741 1506; x_wconf 84' lang='lat' dir='ltr'><em>esto</em></span> <span class='ocrx_word' id='word_1_755' title='bbox 1753 1473 1858 1515; x_wconf 83' lang='lat' dir='ltr'><em>Jesum</em></span> <span class='ocrx_word' id='word_1_756' title='bbox 1869 1469 2040 1506; x_wconf 87' lang='lat' dir='ltr'><em>Christum</em></span> 
     </span>
     <span class='ocr_line' id='line_1_92' title="bbox 1157 1518 2046 1555; baseline 0.002 -3"><span class='ocrx_word' id='word_1_757' title='bbox 1157 1518 1358 1553; x_wconf 74' lang='lat' dir='ltr'><em>resurrexisse</em></span> <span class='ocrx_word' id='word_1_758' title='bbox 1382 1522 1401 1552; x_wconf 71' lang='grc' dir='ltr'>ὲ</span> <span class='ocrx_word' id='word_1_759' title='bbox 1427 1523 1566 1554; x_wconf 78' lang='lat' dir='ltr'><em>mortuis</em></span> <span class='ocrx_word' id='word_1_760' title='bbox 1590 1534 1632 1554; x_wconf 77' lang='lat' dir='ltr'><em>ex</em></span> <span class='ocrx_word' id='word_1_761' title='bbox 1656 1523 1777 1555; x_wconf 86' lang='lat' dir='ltr'><em>semine</em></span> <span class='ocrx_word' id='word_1_762' title='bbox 1803 1522 1914 1555; x_wconf 84' lang='lat' dir='ltr'><em>David</em></span> <span class='ocrx_word' id='word_1_763' title='bbox 1936 1545 1943 1551; x_wconf 94' lang='lat'>.</span> <span class='ocrx_word' id='word_1_764' title='bbox 1980 1523 2046 1552; x_wconf 84' lang='lat' dir='ltr'><em>Er·</em></span> 
     </span>
     <span class='ocr_line' id='line_1_93' title="bbox 1151 1567 2042 1612; baseline -0.001 -11"><span class='ocrx_word' id='word_1_765' title='bbox 1151 1581 1191 1612; x_wconf 87' lang='lat' dir='ltr'><em>go</em></span> <span class='ocrx_word' id='word_1_766' title='bbox 1211 1579 1249 1601; x_wconf 84' lang='lat' dir='ltr'><em>ex</em></span> <span class='ocrx_word' id='word_1_767' title='bbox 1269 1567 1352 1601; x_wconf 88' lang='lat' dir='ltr'><em>nobis</em></span> <span class='ocrx_word' id='word_1_768' title='bbox 1374 1575 1501 1610; x_wconf 83' lang='lat' dir='ltr'><em>accepit,</em></span> <span class='ocrx_word' id='word_1_769' title='bbox 1527 1572 1607 1612; x_wconf 88' lang='lat' dir='ltr'><em>quod</em></span> <span class='ocrx_word' id='word_1_770' title='bbox 1620 1577 1776 1611; x_wconf 84' lang='lat' dir='ltr'><em>proprium</em></span> <span class='ocrx_word' id='word_1_771' title='bbox 1802 1570 1917 1610; x_wconf 84' lang='lat' dir='ltr'><em>offerret</em></span> <span class='ocrx_word' id='word_1_772' title='bbox 1924 1577 1982 1610; x_wconf 86' lang='lat' dir='ltr'><em>pro</em></span> <span class='ocrx_word' id='word_1_773' title='bbox 1993 1580 2042 1601; x_wconf 90' lang='lat' dir='ltr'><em>no-</em></span> 
     </span>
     <span class='ocr_line' id='line_1_94' title="bbox 1156 1617 2042 1661; baseline 0 -11"><span class='ocrx_word' id='word_1_774' title='bbox 1156 1618 1203 1650; x_wconf 84' lang='lat' dir='ltr'><em>bis</em></span> <span class='ocrx_word' id='word_1_775' title='bbox 1214 1642 1225 1658; x_wconf 96' lang='lat'><em>,</em></span> <span class='ocrx_word' id='word_1_776' title='bbox 1251 1626 1284 1650; x_wconf 90' lang='lat' dir='ltr'><em>ut</em></span> <span class='ocrx_word' id='word_1_777' title='bbox 1307 1629 1361 1651; x_wconf 81' lang='lat' dir='ltr'><em>nos</em></span> <span class='ocrx_word' id='word_1_778' title='bbox 1380 1621 1538 1651; x_wconf 84' lang='lat' dir='ltr'><em>redimeret</em></span> <span class='ocrx_word' id='word_1_779' title='bbox 1558 1630 1597 1652; x_wconf 79' lang='lat' dir='ltr'><em>ex</em></span> <span class='ocrx_word' id='word_1_780' title='bbox 1620 1619 1712 1659; x_wconf 82' lang='lat' dir='ltr'><em>nostro</em></span> <span class='ocrx_word' id='word_1_781' title='bbox 1725 1634 1736 1652; x_wconf 89' lang='lat'><em>.·</em></span> <span class='ocrx_word' id='word_1_782' title='bbox 1764 1623 1809 1652; x_wconf 82' lang='lat' dir='ltr'><em>Et</em></span> <span class='ocrx_word' id='word_1_783' title='bbox 1827 1620 1907 1661; x_wconf 89' lang='lat' dir='ltr'><em>quod</em></span> <span class='ocrx_word' id='word_1_784' title='bbox 1914 1617 2042 1658; x_wconf 83' lang='lat' dir='ltr'><em>nostrum</em></span> 
     </span>
     <span class='ocr_line' id='line_1_95' title="bbox 1156 1667 2039 1712; baseline 0 -11"><span class='ocrx_word' id='word_1_785' title='bbox 1156 1679 1215 1701; x_wconf 90' lang='lat' dir='ltr'><em>non</em></span> <span class='ocrx_word' id='word_1_786' title='bbox 1230 1677 1318 1707; x_wconf 87' lang='lat' dir='ltr'><em>erat,</em></span> <span class='ocrx_word' id='word_1_787' title='bbox 1344 1679 1382 1702; x_wconf 82' lang='lat' dir='ltr'><em>ex</em></span> <span class='ocrx_word' id='word_1_788' title='bbox 1401 1667 1453 1711; x_wconf 84' lang='lat' dir='ltr'><em>suo</em></span> <span class='ocrx_word' id='word_1_789' title='bbox 1472 1668 1553 1700; x_wconf 86' lang='lat' dir='ltr'><em>nobis</em></span> <span class='ocrx_word' id='word_1_790' title='bbox 1567 1672 1684 1702; x_wconf 81' lang='lat' dir='ltr'><em>Divina</em></span> <span class='ocrx_word' id='word_1_791' title='bbox 1701 1667 1759 1711; x_wconf 87' lang='lat' dir='ltr'><em>sua</em></span> <span class='ocrx_word' id='word_1_792' title='bbox 1768 1669 1908 1712; x_wconf 81' lang='lat' dir='ltr'><em>largitate</em></span> <span class='ocrx_word' id='word_1_793' title='bbox 1929 1668 2039 1709; x_wconf 88' lang='lat' dir='ltr'><em>confer-</em></span> 
     </span>
     <span class='ocr_line' id='line_1_96' title="bbox 1155 1717 2045 1762; baseline -0.002 -8.05"><span class='ocrx_word' id='word_1_794' title='bbox 1155 1730 1201 1754; x_wconf 90' lang='lat' dir='ltr'><em>ret</em></span> <span class='ocrx_word' id='word_1_795' title='bbox 1251 1719 1415 1752; x_wconf 69' lang='lat' dir='ltr'><em>secundum</em></span> <span class='ocrx_word' id='word_1_796' title='bbox 1437 1728 1581 1752; x_wconf 88' lang='lat' dir='ltr'><em>naturam</em></span> <span class='ocrx_word' id='word_1_797' title='bbox 1601 1723 1693 1762; x_wconf 86' lang='lat' dir='ltr'><em>igitur</em></span> <span class='ocrx_word' id='word_1_798' title='bbox 1711 1717 1746 1762; x_wconf 74' lang='lat' dir='ltr'><em>se</em></span> <span class='ocrx_word' id='word_1_799' title='bbox 1767 1718 1872 1752; x_wconf 82' lang='lat' dir='ltr'><em>obtulit</em></span> <span class='ocrx_word' id='word_1_800' title='bbox 1890 1718 2016 1762; x_wconf 62' lang='lat' dir='ltr'><em>nostram</em></span> <span class='ocrx_word' id='word_1_801' title='bbox 2029 1742 2045 1759; x_wconf 84' lang='lat'>‚</span> 
     </span>
    </p>
   </div>
   <div class='ocr_carea' id='block_1_7' title="bbox 1133 1477 1143 1720">
    <p class='ocr_par' dir='ltr' id='par_1_7' title="bbox 1133 1477 1143 1720">
     <span class='ocr_line' id='line_1_97' title="bbox 1133 1477 1143 1720; baseline 0 2010"><span class='ocrx_word' id='word_1_802' title='bbox 1133 1477 1143 1720; x_wconf 95' lang='lat' dir='ltr'><em> </em></span> 
     </span>
    </p>
   </div>
   <div class='ocr_carea' id='block_1_8' title="bbox 1147 1768 2045 2364">
    <p class='ocr_par' dir='ltr' id='par_1_8' title="bbox 1147 1768 2045 2364">
     <span class='ocr_line' id='line_1_98' title="bbox 1154 1768 2043 1811; baseline -0.004 -6"><span class='ocrx_word' id='word_1_803' title='bbox 1154 1780 1189 1805; x_wconf 85' lang='lat' dir='ltr'><em>ut</em></span> <span class='ocrx_word' id='word_1_804' title='bbox 1211 1771 1295 1805; x_wconf 86' lang='lat' dir='ltr'><em>ultra</em></span> <span class='ocrx_word' id='word_1_805' title='bbox 1315 1769 1443 1810; x_wconf 85' lang='lat' dir='ltr'><em>nostram</em></span> <span class='ocrx_word' id='word_1_806' title='bbox 1465 1777 1633 1811; x_wconf 86' lang='lat' dir='ltr'><em>operaretur</em></span> <span class='ocrx_word' id='word_1_807' title='bbox 1642 1778 1783 1803; x_wconf 84' lang='lat' dir='ltr'><em>naturam</em></span> <span class='ocrx_word' id='word_1_808' title='bbox 1797 1795 1804 1802; x_wconf 95' lang='lat'>.</span> <span class='ocrx_word' id='word_1_809' title='bbox 1827 1772 1875 1803; x_wconf 92' lang='lat' dir='ltr'><em>De</em></span> <span class='ocrx_word' id='word_1_810' title='bbox 1885 1768 2043 1807; x_wconf 76' lang='lat' dir='ltr'><em>mstro‘sa-</em></span> 
     </span>
     <span class='ocr_line' id='line_1_99' title="bbox 1153 1818 2039 1862; baseline -0.002 -9"><span class='ocrx_word' id='word_1_811' title='bbox 1153 1821 1292 1862; x_wconf 74' lang='lat' dir='ltr'><em>orificium</em></span> <span class='ocrx_word' id='word_1_812' title='bbox 1301 1844 1313 1860; x_wconf 92' lang='lat'>‚</span> <span class='ocrx_word' id='word_1_813' title='bbox 1339 1820 1378 1852; x_wconf 87' lang='lat' dir='ltr'><em>de</em></span> <span class='ocrx_word' id='word_1_814' title='bbox 1397 1818 1449 1862; x_wconf 76' lang='lat'><em>[1⁴⁰</em></span> <span class='ocrx_word' id='word_1_815' title='bbox 1465 1825 1622 1860; x_wconf 83' lang='lat' dir='ltr'><em>praemium</em></span> <span class='ocrx_word' id='word_1_816' title='bbox 1642 1819 1681 1858; x_wconf 86' lang='lat' dir='ltr'><em>est</em></span> <span class='ocrx_word' id='word_1_817' title='bbox 1693 1844 1700 1852; x_wconf 91' lang='lat'><strong>.</strong></span> <span class='ocrx_word' id='word_1_818' title='bbox 1727 1820 1881 1862; x_wconf 85' lang='lat' dir='ltr'><em>Multaque</em></span> <span class='ocrx_word' id='word_1_819' title='bbox 1891 1825 1924 1852; x_wconf 85' lang='lat' dir='ltr'><em>in</em></span> <span class='ocrx_word' id='word_1_820' title='bbox 1936 1820 2039 1853; x_wconf 86' lang='lat' dir='ltr'><em>eodem</em></span> 
     </span>
     <span class='ocr_line' id='line_1_100' title="bbox 1155 1868 2037 1913; baseline -0.003 -9"><span class='ocrx_word' id='word_1_821' title='bbox 1155 1868 1357 1913; x_wconf 72' lang='lat' dir='ltr'><em>&amp;secundum</em></span> <span class='ocrx_word' id='word_1_822' title='bbox 1380 1878 1521 1902; x_wconf 89' lang='lat' dir='ltr'><em>naturam</em></span> <span class='ocrx_word' id='word_1_823' title='bbox 1538 1874 1696 1910; x_wconf 83' lang='lat' dir='ltr'><em>invenies,</em></span> <span class='ocrx_word' id='word_1_824' title='bbox 1723 1870 1758 1902; x_wconf 65' lang='grc' dir='ltr'><em>Θ·</em></span> <span class='ocrx_word' id='word_1_825' title='bbox 1770 1869 1850 1903; x_wconf 75' lang='lat' dir='ltr'><em>ultra</em></span> <span class='ocrx_word' id='word_1_826' title='bbox 1873 1878 2015 1904; x_wconf 87' lang='lat' dir='ltr'><em>naturam</em></span> <span class='ocrx_word' id='word_1_827' title='bbox 2029 1895 2037 1901; x_wconf 93' lang='lat'>.</span> 
     </span>
     <span class='ocr_line' id='line_1_101' title="bbox 1155 1920 2035 1962; baseline -0.002 -8"><span class='ocrx_word' id='word_1_828' title='bbox 1155 1921 1318 1954; x_wconf 75' lang='lat' dir='ltr'><em>Secundum</em></span> <span class='ocrx_word' id='word_1_829' title='bbox 1336 1920 1529 1953; x_wconf 81' lang='lat' dir='ltr'><em>conditionem</em></span> <span class='ocrx_word' id='word_1_830' title='bbox 1547 1924 1676 1961; x_wconf 80' lang='lat' dir='ltr'><em>corporis</em></span> <span class='ocrx_word' id='word_1_831' title='bbox 1689 1925 1722 1952; x_wconf 80' lang='lat' dir='ltr'><em>in</em></span> <span class='ocrx_word' id='word_1_832' title='bbox 1733 1927 1815 1953; x_wconf 88' lang='lat' dir='ltr'><em>utero</em></span> <span class='ocrx_word' id='word_1_833' title='bbox 1825 1920 1894 1962; x_wconf 86' lang='lat' dir='ltr'><em>fuit</em></span> <span class='ocrx_word' id='word_1_834' title='bbox 1905 1945 1916 1961; x_wconf 91' lang='lat'><em>,</em></span> <span class='ocrx_word' id='word_1_835' title='bbox 1942 1929 2035 1953; x_wconf 85' lang='lat' dir='ltr'><em>natus</em></span> 
     </span>
     <span class='ocr_line' id='line_1_102' title="bbox 1155 1967 2040 2011; baseline -0.003 -7"><span class='ocrx_word' id='word_1_836' title='bbox 1155 1970 1193 2010; x_wconf 81' lang='lat' dir='ltr'><em>est</em></span> <span class='ocrx_word' id='word_1_837' title='bbox 1206 1994 1217 2010; x_wconf 89' lang='lat'>‚</span> <span class='ocrx_word' id='word_1_838' title='bbox 1243 1971 1373 2004; x_wconf 71' lang='lat' dir='ltr'><em>lac&#39;latus</em></span> <span class='ocrx_word' id='word_1_839' title='bbox 1391 1969 1429 2010; x_wconf 83' lang='lat' dir='ltr'><em>est</em></span> <span class='ocrx_word' id='word_1_840' title='bbox 1439 1994 1451 2010; x_wconf 87' lang='lat'>‚</span> <span class='ocrx_word' id='word_1_841' title='bbox 1478 1975 1511 2001; x_wconf 83' lang='lat' dir='ltr'><em>m</em></span> <span class='ocrx_word' id='word_1_842' title='bbox 1528 1967 1659 2011; x_wconf 75' lang='lat' dir='ltr'><em>praesepi</em></span> <span class='ocrx_word' id='word_1_843' title='bbox 1683 1968 1877 2008; x_wconf 85' lang='lat' dir='ltr'><em>estcollocatus</em></span> <span class='ocrx_word' id='word_1_844' title='bbox 1890 1995 1897 2000; x_wconf 95' lang='lat'>.</span> <span class='ocrx_word' id='word_1_845' title='bbox 1924 1972 1984 2003; x_wconf 87' lang='lat' dir='ltr'><em>Sed</em></span> <span class='ocrx_word' id='word_1_846' title='bbox 1989 1969 2040 2011; x_wconf 88' lang='lat' dir='ltr'><em>su·</em></span> 
     </span>
     <span class='ocr_line' id='line_1_103' title="bbox 1150 2022 2042 2063; baseline -0.001 -11"><span class='ocrx_word' id='word_1_847' title='bbox 1150 2029 1213 2062; x_wconf 90' lang='lat' dir='ltr'><em>pra</em></span> <span class='ocrx_word' id='word_1_848' title='bbox 1234 2022 1428 2053; x_wconf 84' lang='lat' dir='ltr'><em>conditionem</em></span> <span class='ocrx_word' id='word_1_849' title='bbox 1448 2023 1538 2062; x_wconf 88' lang='lat' dir='ltr'><em>Virgo</em></span> <span class='ocrx_word' id='word_1_850' title='bbox 1556 2024 1684 2060; x_wconf 85' lang='lat' dir='ltr'><em>concepit</em></span> <span class='ocrx_word' id='word_1_851' title='bbox 1704 2044 1716 2060; x_wconf 90' lang='lat'>‚</span> <span class='ocrx_word' id='word_1_852' title='bbox 1744 2023 1832 2063; x_wconf 87' lang='lat' dir='ltr'><em>Virgo</em></span> <span class='ocrx_word' id='word_1_853' title='bbox 1855 2026 2016 2063; x_wconf 87' lang='lat' dir='ltr'><em>generavit</em></span> <span class='ocrx_word' id='word_1_854' title='bbox 2030 2045 2042 2059; x_wconf 92' lang='lat'><em>,</em></span> 
     </span>
     <span class='ocr_line' id='line_1_104' title="bbox 1153 2069 2040 2112; baseline 0.003 -12"><span class='ocrx_word' id='word_1_855' title='bbox 1153 2076 1186 2101; x_wconf 87' lang='lat' dir='ltr'><em>ut</em></span> <span class='ocrx_word' id='word_1_856' title='bbox 1195 2071 1326 2103; x_wconf 82' lang='lat' dir='ltr'><em>crederes</em></span> <span class='ocrx_word' id='word_1_857' title='bbox 1339 2075 1410 2111; x_wconf 83' lang='lat' dir='ltr'><em>quia</em></span> <span class='ocrx_word' id='word_1_858' title='bbox 1422 2072 1505 2102; x_wconf 88' lang='lat' dir='ltr'><em>Deus</em></span> <span class='ocrx_word' id='word_1_859' title='bbox 1513 2077 1581 2101; x_wconf 89' lang='lat' dir='ltr'><em>erat</em></span> <span class='ocrx_word' id='word_1_860' title='bbox 1600 2074 1652 2111; x_wconf 82' lang='lat' dir='ltr'><em>qui</em></span> <span class='ocrx_word' id='word_1_861' title='bbox 1663 2069 1797 2103; x_wconf 86' lang='lat' dir='ltr'><em>novabat</em></span> <span class='ocrx_word' id='word_1_862' title='bbox 1814 2079 1955 2104; x_wconf 89' lang='lat' dir='ltr'><em>naturam</em></span> <span class='ocrx_word' id='word_1_863' title='bbox 1971 2096 1982 2112; x_wconf 94' lang='lat'>‚</span> <span class='ocrx_word' id='word_1_864' title='bbox 2006 2071 2040 2103; x_wconf 71' lang='lat'><em>(¹5</em></span> 
     </span>
     <span class='ocr_line' id='line_1_105' title="bbox 1154 2117 2045 2163; baseline 0.001 -12"><span class='ocrx_word' id='word_1_865' title='bbox 1154 2119 1236 2152; x_wconf 89' lang='lat' dir='ltr'><em>homo</em></span> <span class='ocrx_word' id='word_1_866' title='bbox 1245 2129 1308 2152; x_wconf 86' lang='lat' dir='ltr'><em>erat</em></span> <span class='ocrx_word' id='word_1_867' title='bbox 1317 2124 1368 2162; x_wconf 84' lang='lat' dir='ltr'><em>qui</em></span> <span class='ocrx_word' id='word_1_868' title='bbox 1372 2117 1534 2162; x_wconf 74' lang='lat' dir='ltr'><em>secundum</em></span> <span class='ocrx_word' id='word_1_869' title='bbox 1544 2126 1686 2152; x_wconf 86' lang='lat' dir='ltr'><em>naturam</em></span> <span class='ocrx_word' id='word_1_870' title='bbox 1697 2118 1875 2163; x_wconf 85' lang='lat' dir='ltr'><em>nascebatur</em></span> <span class='ocrx_word' id='word_1_871' title='bbox 1901 2133 1939 2155; x_wconf 82' lang='lat' dir='ltr'><em>ex</em></span> <span class='ocrx_word' id='word_1_872' title='bbox 1952 2121 2045 2154; x_wconf 88' lang='lat' dir='ltr'><em>homi-</em></span> 
     </span>
     <span class='ocr_line' id='line_1_106' title="bbox 1154 2169 2041 2212; baseline 0.005 -10"><span class='ocrx_word' id='word_1_873' title='bbox 1154 2181 1206 2202; x_wconf 91' lang='lat' dir='ltr'><em>ne.</em></span> <span class='ocrx_word' id='word_1_874' title='bbox 1235 2173 1317 2212; x_wconf 85' lang='lat' dir='ltr'><em>Ergo</em></span> <span class='ocrx_word' id='word_1_875' title='bbox 1332 2169 1364 2210; x_wconf 84' lang='lat' dir='ltr'><em>fi</em></span> <span class='ocrx_word' id='word_1_876' title='bbox 1369 2173 1448 2202; x_wconf 86' lang='lat' dir='ltr'><em>Caro</em></span> <span class='ocrx_word' id='word_1_877' title='bbox 1457 2175 1586 2202; x_wconf 83' lang='lat' dir='ltr'><em>omnium</em></span> <span class='ocrx_word' id='word_1_878' title='bbox 1602 2171 1636 2204; x_wconf 69' lang='grc' dir='ltr'><em>ό·</em></span> <span class='ocrx_word' id='word_1_879' title='bbox 1648 2176 1681 2203; x_wconf 78' lang='lat' dir='ltr'><em>in</em></span> <span class='ocrx_word' id='word_1_880' title='bbox 1692 2169 1806 2209; x_wconf 72' lang='lat' dir='ltr'><em>cbristo</em></span> <span class='ocrx_word' id='word_1_881' title='bbox 1822 2169 1974 2212; x_wconf 74' lang='lat' dir='ltr'><em>subiacuit</em></span> <span class='ocrx_word' id='word_1_882' title='bbox 1986 2178 2041 2205; x_wconf 83' lang='lat' dir='ltr'><em>in·-</em></span> 
     </span>
     <span class='ocr_line' id='line_1_107' title="bbox 1147 2220 2044 2260; baseline 0.002 -8"><span class='ocrx_word' id='word_1_883' title='bbox 1147 2222 1243 2260; x_wconf 82' lang='lat' dir='ltr'><em>juriae</em></span> <span class='ocrx_word' id='word_1_884' title='bbox 1265 2243 1275 2258; x_wconf 91' lang='lat'><em>‚</em></span> <span class='ocrx_word' id='word_1_885' title='bbox 1301 2220 1440 2259; x_wconf 86' lang='lat' dir='ltr'><em>quomodo</em></span> <span class='ocrx_word' id='word_1_886' title='bbox 1460 2223 1549 2250; x_wconf 76' lang='lat' dir='ltr'><em>unlus</em></span> <span class='ocrx_word' id='word_1_887' title='bbox 1570 2220 1624 2251; x_wconf 83' lang='lat' dir='ltr'><em>illa</em></span> <span class='ocrx_word' id='word_1_888' title='bbox 1642 2229 1708 2251; x_wconf 87' lang='lat' dir='ltr'><em>cum</em></span> <span class='ocrx_word' id='word_1_889' title='bbox 1733 2222 1908 2253; x_wconf 84' lang='lat' dir='ltr'><em>Divinitate</em></span> <span class='ocrx_word' id='word_1_890' title='bbox 1929 2222 2044 2254; x_wconf 77' lang='lat' dir='ltr'><em>dicitur</em></span> 
     </span>
     <span class='ocr_line' id='line_1_108' title="bbox 1154 2267 2043 2311; baseline 0.003 -10"><span class='ocrx_word' id='word_1_891' title='bbox 1154 2268 1206 2310; x_wconf 85' lang='lat' dir='ltr'><em>esse</em></span> <span class='ocrx_word' id='word_1_892' title='bbox 1221 2267 1417 2309; x_wconf 62' lang='lat' dir='ltr'><em>substantiae?</em></span> <span class='ocrx_word' id='word_1_893' title='bbox 1441 2267 1566 2300; x_wconf 83' lang='lat' dir='ltr'><em>Verbum</em></span> <span class='ocrx_word' id='word_1_894' title='bbox 1589 2269 1624 2301; x_wconf 75' lang='lat'><em>&amp;</em></span> <span class='ocrx_word' id='word_1_895' title='bbox 1634 2271 1713 2300; x_wconf 85' lang='lat' dir='ltr'><em>Caro</em></span> <span class='ocrx_word' id='word_1_896' title='bbox 1723 2291 1734 2307; x_wconf 85' lang='lat'><em>,</em></span> <span class='ocrx_word' id='word_1_897' title='bbox 1759 2280 1829 2311; x_wconf 89' lang='lat' dir='ltr'><em>quae</em></span> <span class='ocrx_word' id='word_1_898' title='bbox 1842 2271 1880 2303; x_wconf 88' lang='lat' dir='ltr'><em>de</em></span> <span class='ocrx_word' id='word_1_899' title='bbox 1893 2278 1976 2304; x_wconf 86' lang='lat' dir='ltr'><em>terra</em></span> <span class='ocrx_word' id='word_1_900' title='bbox 1983 2270 2043 2303; x_wconf 75' lang='lat' dir='ltr'><em>lur-</em></span> 
     </span>
     <span class='ocr_line' id='line_1_109' title="bbox 1155 2316 2044 2364; baseline 0.007 -15"><span class='ocrx_word' id='word_1_901' title='bbox 1155 2318 1204 2350; x_wconf 87' lang='lat' dir='ltr'><em>het</em></span> <span class='ocrx_word' id='word_1_902' title='bbox 1226 2326 1366 2349; x_wconf 85' lang='lat' dir='ltr'><em>naturam</em></span> <span class='ocrx_word' id='word_1_903' title='bbox 1382 2317 1398 2348; x_wconf 67' lang='grc' dir='ltr'><em>,ἒ</em></span> <span class='ocrx_word' id='word_1_904' title='bbox 1424 2320 1472 2349; x_wconf 87' lang='lat' dir='ltr'><em>Et</em></span> <span class='ocrx_word' id='word_1_905' title='bbox 1496 2323 1584 2350; x_wconf 88' lang='lat' dir='ltr'><em>unius</em></span> <span class='ocrx_word' id='word_1_906' title='bbox 1603 2316 1779 2361; x_wconf 79' lang='lat' dir='ltr'><em>substantiae</em></span> <span class='ocrx_word' id='word_1_907' title='bbox 1799 2321 1929 2353; x_wconf 85' lang='lat' dir='ltr'><em>Verbum</em></span> <span class='ocrx_word' id='word_1_908' title='bbox 1954 2329 2044 2364; x_wconf 89' lang='lat' dir='ltr'><em>atque</em></span> 
     </span>
    </p>
   </div>
   <div class='ocr_carea' id='block_1_9' title="bbox 1155 2366 2051 2412">
    <p class='ocr_par' dir='ltr' id='par_1_9' title="bbox 1155 2366 2051 2412">
     <span class='ocr_line' id='line_1_110' title="bbox 1155 2366 2051 2412; baseline 0.007 -13"><span class='ocrx_word' id='word_1_909' title='bbox 1155 2372 1260 2399; x_wconf 80' lang='lat' dir='ltr'><em>anima</em></span> <span class='ocrx_word' id='word_1_910' title='bbox 1270 2391 1280 2406; x_wconf 96' lang='lat'><em>,</em></span> <span class='ocrx_word' id='word_1_911' title='bbox 1306 2368 1367 2409; x_wconf 70' lang='lat' dir='ltr'><em>quc&gt;</em></span> <span class='ocrx_word' id='word_1_912' title='bbox 1377 2366 1542 2408; x_wconf 67' lang='lat' dir='ltr'><em>perfec-&#39;Iam</em></span> <span class='ocrx_word' id='word_1_913' title='bbox 1561 2376 1701 2401; x_wconf 86' lang='lat' dir='ltr'><em>naturam</em></span> <span class='ocrx_word' id='word_1_914' title='bbox 1718 2367 1846 2412; x_wconf 71' lang='lat' dir='ltr'><em>sustepit</em></span> <span class='ocrx_word' id='word_1_915' title='bbox 1858 2370 2016 2405; x_wconf 87' lang='lat' dir='ltr'><em>humanam</em></span> <span class='ocrx_word' id='word_1_916' title='bbox 2027 2373 2051 2405; x_wconf 65' lang='lat' dir='ltr'><em>Pi</em></span> 
     </span>
    </p>
   </div>
   <div class='ocr_carea' id='block_1_10' title="bbox 1157 2415 2047 2560">
    <p class='ocr_par' dir='ltr' id='par_1_10' title="bbox 1157 2415 2047 2560">
     <span class='ocr_line' id='line_1_111' title="bbox 1157 2415 2044 2462; baseline 0.008 -14"><span class='ocrx_word' id='word_1_917' title='bbox 1157 2421 1251 2448; x_wconf 87' lang='lat' dir='ltr'><em>Unius</em></span> <span class='ocrx_word' id='word_1_918' title='bbox 1266 2426 1365 2450; x_wconf 90' lang='lat' dir='ltr'><em>autem</em></span> <span class='ocrx_word' id='word_1_919' title='bbox 1380 2415 1555 2459; x_wconf 82' lang='lat' dir='ltr'><em>substantiae</em></span> <span class='ocrx_word' id='word_1_920' title='bbox 1566 2417 1691 2451; x_wconf 86' lang='lat' dir='ltr'><em>Verbum</em></span> <span class='ocrx_word' id='word_1_921' title='bbox 1702 2428 1766 2451; x_wconf 84' lang='lat' dir='ltr'><em>cum</em></span> <span class='ocrx_word' id='word_1_922' title='bbox 1777 2422 1858 2461; x_wconf 88' lang='lat' dir='ltr'><em>Deo,</em></span> <span class='ocrx_word' id='word_1_923' title='bbox 1880 2418 2044 2462; x_wconf 63' lang='lat' dir='ltr'><em>sbcundum</em></span> 
     </span>
     <span class='ocr_line' id='line_1_112' title="bbox 1157 2466 2047 2515; baseline 0.009 -18"><span class='ocrx_word' id='word_1_924' title='bbox 1157 2469 1323 2498; x_wconf 78' lang='lat' dir='ltr'><em>Paternum</em></span> <span class='ocrx_word' id='word_1_925' title='bbox 1354 2466 1546 2507; x_wconf 84' lang='lat' dir='ltr'><em>profeffionem</em></span> <span class='ocrx_word' id='word_1_926' title='bbox 1571 2491 1582 2507; x_wconf 91' lang='lat'><em>,</em></span> <span class='ocrx_word' id='word_1_927' title='bbox 1607 2468 1642 2501; x_wconf 63' lang='grc' dir='ltr'><em>ὁ·</em></span> <span class='ocrx_word' id='word_1_928' title='bbox 1665 2467 1752 2509; x_wconf 70' lang='lat' dir='ltr'><em>ipsius</em></span> <span class='ocrx_word' id='word_1_929' title='bbox 1777 2472 1896 2503; x_wconf 83' lang='lat' dir='ltr'><em>Domini</em></span> <span class='ocrx_word' id='word_1_930' title='bbox 1919 2472 2047 2515; x_wconf 71' lang='lat' dir='ltr'><em>affertio-</em></span> 
     </span>
     <span class='ocr_line' id='line_1_113' title="bbox 1157 2516 2043 2560; baseline 0.011 -15"><span class='ocrx_word' id='word_1_931' title='bbox 1157 2527 1224 2549; x_wconf 85' lang='lat' dir='ltr'><em>nem</em></span> <span class='ocrx_word' id='word_1_932' title='bbox 1237 2538 1248 2554; x_wconf 89' lang='lat'>‚</span> <span class='ocrx_word' id='word_1_933' title='bbox 1273 2522 1325 2557; x_wconf 84' lang='lat' dir='ltr'><em>qui</em></span> <span class='ocrx_word' id='word_1_934' title='bbox 1338 2522 1400 2547; x_wconf 84' lang='lat' dir='ltr'><em>ait:</em></span> <span class='ocrx_word' id='word_1_935' title='bbox 1429 2516 1504 2560; x_wconf 88' lang='lat' dir='ltr'><em>Ego</em></span> <span class='ocrx_word' id='word_1_936' title='bbox 1525 2517 1664 2551; x_wconf 87' lang='lat' dir='ltr'><em>&amp;Pater</em></span> <span class='ocrx_word' id='word_1_937' title='bbox 1677 2529 1781 2552; x_wconf 88' lang='lat' dir='ltr'><em>unum</em></span> <span class='ocrx_word' id='word_1_938' title='bbox 1797 2521 1922 2554; x_wconf 88' lang='lat' dir='ltr'><em>sumus.</em></span> <span class='ocrx_word' id='word_1_939' title='bbox 1948 2525 2043 2555; x_wconf 85' lang='lat' dir='ltr'><em>Unius</em></span> 
     </span>
    </p>
   </div>
   <div class='ocr_carea' id='block_1_11' title="bbox 1134 2563 2046 3035">
    <p class='ocr_par' dir='ltr' id='par_1_11' title="bbox 1134 2563 2046 3035">
     <span class='ocr_line' id='line_1_114' title="bbox 1161 2563 2043 2612; baseline 0.008 -14"><span class='ocrx_word' id='word_1_940' title='bbox 1161 2577 1226 2609; x_wconf 87' lang='lat' dir='ltr'><em>ergo</em></span> <span class='ocrx_word' id='word_1_941' title='bbox 1230 2563 1406 2606; x_wconf 83' lang='lat' dir='ltr'><em>substantiae</em></span> <span class='ocrx_word' id='word_1_942' title='bbox 1432 2569 1522 2598; x_wconf 87' lang='lat' dir='ltr'><em>Pater</em></span> <span class='ocrx_word' id='word_1_943' title='bbox 1542 2576 1607 2597; x_wconf 88' lang='lat' dir='ltr'><em>cum</em></span> <span class='ocrx_word' id='word_1_944' title='bbox 1616 2575 1730 2600; x_wconf 88' lang='lat' dir='ltr'><em>terreno</em></span> <span class='ocrx_word' id='word_1_945' title='bbox 1752 2578 1867 2612; x_wconf 85' lang='lat' dir='ltr'><em>corpore</em></span> <span class='ocrx_word' id='word_1_946' title='bbox 1884 2573 2043 2612; x_wconf 65' lang='lat' dir='ltr'><em>praedica·-</em></span> 
     </span>
     <span class='ocr_line' id='line_1_115' title="bbox 1134 2586 2046 3035; baseline 0.01 -389"><span class='ocrx_word' id='word_1_947' title='bbox 1134 2586 1147 3035; x_wconf 64' lang='grc'><strong><em>1</em></strong></span> <span class='ocrx_word' id='word_1_948' title='bbox 1161 2626 1208 2648; x_wconf 84' lang='lat' dir='ltr'><em>tur</em></span> <span class='ocrx_word' id='word_1_949' title='bbox 1222 2617 1235 2649; x_wconf 81' lang='lat'>?</span> <span class='ocrx_word' id='word_1_950' title='bbox 1260 2618 1305 2647; x_wconf 85' lang='lat' dir='ltr'><em>Et</em></span> <span class='ocrx_word' id='word_1_951' title='bbox 1316 2614 1413 2647; x_wconf 90' lang='lat' dir='ltr'><em>adhuc</em></span> <span class='ocrx_word' id='word_1_952' title='bbox 1426 2617 1627 2659; x_wconf 79' lang='lat' dir='ltr'><em>indignamini</em></span> <span class='ocrx_word' id='word_1_953' title='bbox 1639 2619 1761 2650; x_wconf 79' lang='lat' dir='ltr'><em>Arianis</em></span> <span class='ocrx_word' id='word_1_954' title='bbox 1772 2645 1784 2660; x_wconf 87' lang='lat'>‚</span> <span class='ocrx_word' id='word_1_955' title='bbox 1810 2625 1863 2662; x_wconf 85' lang='lat' dir='ltr'><em>qui</em></span> <span class='ocrx_word' id='word_1_956' title='bbox 1871 2621 1974 2655; x_wconf 84' lang='lat' dir='ltr'><em>dicunt</em></span> <span class='ocrx_word' id='word_1_957' title='bbox 1987 2625 2046 2655; x_wconf 81' lang='lat' dir='ltr'><em>Fi-</em></span> 
     </span>
    </p>
   </div>
   <div class='ocr_carea' id='block_1_12' title="bbox 1154 2667 2046 3450">
    <p class='ocr_par' dir='ltr' id='par_1_12' title="bbox 1154 2667 2046 3450">
     <span class='ocr_line' id='line_1_116' title="bbox 1157 2667 2046 2709; baseline 0.008 -11"><span class='ocrx_word' id='word_1_958' title='bbox 1157 2667 1230 2698; x_wconf 84' lang='lat' dir='ltr'><em>lium</em></span> <span class='ocrx_word' id='word_1_959' title='bbox 1249 2667 1304 2698; x_wconf 83' lang='lat' dir='ltr'><em>Dei</em></span> <span class='ocrx_word' id='word_1_960' title='bbox 1315 2669 1494 2698; x_wconf 82' lang='lat' dir='ltr'><em>creaturam</em></span> <span class='ocrx_word' id='word_1_961' title='bbox 1518 2667 1592 2708; x_wconf 80' lang='lat' dir='ltr'><em>effe,</em></span> <span class='ocrx_word' id='word_1_962' title='bbox 1617 2677 1683 2699; x_wconf 90' lang='lat' dir='ltr'><em>cum</em></span> <span class='ocrx_word' id='word_1_963' title='bbox 1706 2668 1764 2709; x_wconf 77' lang='lat' dir='ltr'><em>ipsi</em></span> <span class='ocrx_word' id='word_1_964' title='bbox 1782 2671 1893 2702; x_wconf 79' lang='lat' dir='ltr'><em>dicatis·</em></span> <span class='ocrx_word' id='word_1_965' title='bbox 1915 2673 2046 2705; x_wconf 82' lang='lat' dir='ltr'><em>Patrem</em></span> 
     </span>
     <span class='ocr_line' id='line_1_117' title="bbox 1157 2714 2044 2763; baseline 0.008 -15"><span class='ocrx_word' id='word_1_966' title='bbox 1157 2726 1220 2748; x_wconf 89' lang='lat' dir='ltr'><em>cum</em></span> <span class='ocrx_word' id='word_1_967' title='bbox 1242 2720 1395 2748; x_wconf 88' lang='lat' dir='ltr'><em>Creaturis</em></span> <span class='ocrx_word' id='word_1_968' title='bbox 1415 2720 1500 2748; x_wconf 87' lang='lat' dir='ltr'><em>unius</em></span> <span class='ocrx_word' id='word_1_969' title='bbox 1523 2718 1574 2758; x_wconf 80' lang='lat' dir='ltr'><em>effe</em></span> <span class='ocrx_word' id='word_1_970' title='bbox 1590 2714 1764 2759; x_wconf 76' lang='lat' dir='ltr'><em>substantia</em></span> <span class='ocrx_word' id='word_1_971' title='bbox 1788 2719 1802 2752; x_wconf 66' lang='grc' dir='ltr'><strong>ἓ</strong></span> <span class='ocrx_word' id='word_1_972' title='bbox 1828 2719 1919 2763; x_wconf 75' lang='lat' dir='ltr'><em>,Quid</em></span> <span class='ocrx_word' id='word_1_973' title='bbox 1942 2730 2044 2755; x_wconf 89' lang='lat' dir='ltr'><em>autem</em></span> 
     </span>
     <span class='ocr_line' id='line_1_118' title="bbox 1156 2765 2043 2812; baseline 0.008 -14"><span class='ocrx_word' id='word_1_974' title='bbox 1156 2767 1257 2798; x_wconf 84' lang='lat' dir='ltr'><em>dicitis</em></span> <span class='ocrx_word' id='word_1_975' title='bbox 1278 2765 1364 2798; x_wconf 87' lang='lat' dir='ltr'><em>aliud</em></span> <span class='ocrx_word' id='word_1_976' title='bbox 1384 2766 1507 2799; x_wconf 86' lang='lat' dir='ltr'><em>dicendo</em></span> <span class='ocrx_word' id='word_1_977' title='bbox 1528 2766 1602 2805; x_wconf 82' lang='lat' dir='ltr'><em>ista,</em></span> <span class='ocrx_word' id='word_1_978' title='bbox 1627 2765 1686 2809; x_wconf 80' lang='lat' dir='ltr'><em>nisi</em></span> <span class='ocrx_word' id='word_1_979' title='bbox 1698 2777 1731 2801; x_wconf 85' lang='lat' dir='ltr'><em>ut</em></span> <span class='ocrx_word' id='word_1_980' title='bbox 1750 2778 1804 2802; x_wconf 89' lang='lat' dir='ltr'><em>aut</em></span> <span class='ocrx_word' id='word_1_981' title='bbox 1827 2770 1930 2802; x_wconf 86' lang='lat' dir='ltr'><em>limum</em></span> <span class='ocrx_word' id='word_1_982' title='bbox 1943 2773 2043 2812; x_wconf 81' lang='lat' dir='ltr'><em>Adae,</em></span> 
     </span>
     <span class='ocr_line' id='line_1_119' title="bbox 1158 2814 2042 2861; baseline 0.006 -13"><span class='ocrx_word' id='word_1_983' title='bbox 1158 2826 1327 2857; x_wconf 82' lang='lat' dir='ltr'><em>terramque</em></span> <span class='ocrx_word' id='word_1_984' title='bbox 1349 2814 1473 2855; x_wconf 67' lang='lat' dir='ltr'><em>nostram</em></span> <span class='ocrx_word' id='word_1_985' title='bbox 1495 2818 1619 2850; x_wconf 85' lang='lat' dir='ltr'><em>Divinae</em></span> <span class='ocrx_word' id='word_1_986' title='bbox 1641 2816 1816 2860; x_wconf 86' lang='lat' dir='ltr'><em>substantiae</em></span> <span class='ocrx_word' id='word_1_987' title='bbox 1840 2827 2042 2861; x_wconf 79' lang='lat' dir='ltr'><em>comparetis,</em></span> 
     </span>
     <span class='ocr_line' id='line_1_120' title="bbox 1159 2867 2041 2909; baseline 0.006 -11"><span class='ocrx_word' id='word_1_988' title='bbox 1159 2873 1212 2898; x_wconf 73' lang='lat' dir='ltr'><em>aut</em></span> <span class='ocrx_word' id='word_1_989' title='bbox 1222 2867 1298 2898; x_wconf 71' lang='lat' dir='ltr'><em>certe</em></span> <span class='ocrx_word' id='word_1_990' title='bbox 1311 2869 1512 2899; x_wconf 85' lang='lat' dir='ltr'><em>Divinitatem</em></span> <span class='ocrx_word' id='word_1_991' title='bbox 1522 2873 1555 2899; x_wconf 87' lang='lat' dir='ltr'><em>in</em></span> <span class='ocrx_word' id='word_1_992' title='bbox 1568 2876 1696 2901; x_wconf 87' lang='lat' dir='ltr'><em>terrenae</em></span> <span class='ocrx_word' id='word_1_993' title='bbox 1710 2870 1881 2909; x_wconf 65' lang='lat' dir='ltr'><em>corruptelae</em></span> <span class='ocrx_word' id='word_1_994' title='bbox 1893 2871 2041 2907; x_wconf 81' lang='lat' dir='ltr'><em>injuriam</em></span> 
     </span>
     <span class='ocr_line' id='line_1_121' title="bbox 1158 2914 2039 2959; baseline 0.01 -13"><span class='ocrx_word' id='word_1_995' title='bbox 1158 2914 1351 2956; x_wconf 85' lang='lat' dir='ltr'><em>transferatis</em></span> <span class='ocrx_word' id='word_1_996' title='bbox 1373 2917 1386 2950; x_wconf 66' lang='grc' dir='ltr'><strong><em>ἓ</em></strong></span> <span class='ocrx_word' id='word_1_997' title='bbox 1411 2918 1543 2950; x_wconf 83' lang='lat' dir='ltr'><em>Dicendo</em></span> <span class='ocrx_word' id='word_1_998' title='bbox 1562 2923 1659 2957; x_wconf 84' lang='lat' dir='ltr'><em>enim,</em></span> <span class='ocrx_word' id='word_1_999' title='bbox 1685 2923 1756 2959; x_wconf 88' lang='lat' dir='ltr'><em>quia</em></span> <span class='ocrx_word' id='word_1_1000' title='bbox 1779 2918 1927 2952; x_wconf 88' lang='lat' dir='ltr'><em>Verbum</em></span> <span class='ocrx_word' id='word_1_1001' title='bbox 1950 2920 2039 2954; x_wconf 87' lang='lat' dir='ltr'><em>Caro</em></span> 
     </span>
     <span class='ocr_line' id='line_1_122' title="bbox 1157 2965 2040 3012; baseline 0.006 -14"><span class='ocrx_word' id='word_1_1002' title='bbox 1157 2966 1277 2999; x_wconf 72' lang='lat' dir='ltr'><em>fastum</em></span> <span class='ocrx_word' id='word_1_1003' title='bbox 1288 2965 1333 2999; x_wconf 84' lang='lat' dir='ltr'><em>est</em></span> <span class='ocrx_word' id='word_1_1004' title='bbox 1346 2990 1357 3007; x_wconf 90' lang='lat'><em>,</em></span> <span class='ocrx_word' id='word_1_1005' title='bbox 1382 2971 1416 2999; x_wconf 88' lang='lat' dir='ltr'><em>in</em></span> <span class='ocrx_word' id='word_1_1006' title='bbox 1427 2976 1539 3000; x_wconf 83' lang='lat' dir='ltr'><em>terram</em></span> <span class='ocrx_word' id='word_1_1007' title='bbox 1550 2969 1650 2999; x_wconf 87' lang='lat' dir='ltr'><em>dicitis</em></span> <span class='ocrx_word' id='word_1_1008' title='bbox 1674 2973 1774 3009; x_wconf 90' lang='lat' dir='ltr'><em>utique</em></span> <span class='ocrx_word' id='word_1_1009' title='bbox 1786 2970 1836 3010; x_wconf 76' lang='lat' dir='ltr'><em>effe</em></span> <span class='ocrx_word' id='word_1_1010' title='bbox 1846 2968 2016 3012; x_wconf 85' lang='lat' dir='ltr'><em>conversum</em></span> <span class='ocrx_word' id='word_1_1011' title='bbox 2029 2983 2040 3003; x_wconf 85' lang='lat'>:</span> 
     </span>
     <span class='ocr_line' id='line_1_123' title="bbox 1156 3015 2043 3060; baseline 0.007 -13"><span class='ocrx_word' id='word_1_1012' title='bbox 1156 3017 1241 3058; x_wconf 74' lang='lat' dir='ltr'><em>‚Quia</em></span> <span class='ocrx_word' id='word_1_1013' title='bbox 1254 3019 1333 3049; x_wconf 84' lang='lat' dir='ltr'><em>Caro</em></span> <span class='ocrx_word' id='word_1_1014' title='bbox 1358 3016 1458 3059; x_wconf 66' lang='lat' dir='ltr'><em>&amp;ossa</em></span> <span class='ocrx_word' id='word_1_1015' title='bbox 1478 3019 1602 3049; x_wconf 89' lang='lat' dir='ltr'><em>deterra</em></span> <span class='ocrx_word' id='word_1_1016' title='bbox 1619 3015 1710 3058; x_wconf 84' lang='lat' dir='ltr'><em>sunt.</em></span> <span class='ocrx_word' id='word_1_1017' title='bbox 1738 3020 1885 3059; x_wconf 76' lang='lat' dir='ltr'><em>Scriptum</em></span> <span class='ocrx_word' id='word_1_1018' title='bbox 1907 3019 1967 3060; x_wconf 82' lang='lat' dir='ltr'><em>est,</em></span> <span class='ocrx_word' id='word_1_1019' title='bbox 1992 3025 2043 3053; x_wconf 83' lang='lat' dir='ltr'><em>in-</em></span> 
     </span>
     <span class='ocr_line' id='line_1_124' title="bbox 1157 3065 2040 3111; baseline 0.006 -13"><span class='ocrx_word' id='word_1_1020' title='bbox 1157 3072 1282 3108; x_wconf 81' lang='lat' dir='ltr'><em>quiunt,</em></span> <span class='ocrx_word' id='word_1_1021' title='bbox 1306 3071 1379 3109; x_wconf 82' lang='lat' dir='ltr'><em>quia</em></span> <span class='ocrx_word' id='word_1_1022' title='bbox 1391 3065 1539 3100; x_wconf 89' lang='lat' dir='ltr'><em>Verbum</em></span> <span class='ocrx_word' id='word_1_1023' title='bbox 1555 3067 1643 3100; x_wconf 87' lang='lat' dir='ltr'><em>Caro</em></span> <span class='ocrx_word' id='word_1_1024' title='bbox 1653 3068 1774 3101; x_wconf 69' lang='lat' dir='ltr'><em>fastum</em></span> <span class='ocrx_word' id='word_1_1025' title='bbox 1793 3068 1839 3101; x_wconf 88' lang='lat' dir='ltr'><em>est</em></span> <span class='ocrx_word' id='word_1_1026' title='bbox 1852 3092 1861 3100; x_wconf 91' lang='lat'><strong><em>.</em></strong></span> <span class='ocrx_word' id='word_1_1027' title='bbox 1887 3071 2040 3111; x_wconf 86' lang='lat' dir='ltr'><em>Scriptum</em></span> 
     </span>
     <span class='ocr_line' id='line_1_125' title="bbox 1154 3115 2040 3161; baseline 0.007 -14"><span class='ocrx_word' id='word_1_1028' title='bbox 1154 3116 1206 3157; x_wconf 75' lang='lat' dir='ltr'><em>eJJe</em></span> <span class='ocrx_word' id='word_1_1029' title='bbox 1227 3126 1286 3148; x_wconf 88' lang='lat' dir='ltr'><em>non</em></span> <span class='ocrx_word' id='word_1_1030' title='bbox 1307 3128 1379 3161; x_wconf 86' lang='lat' dir='ltr'><em>nego</em></span> <span class='ocrx_word' id='word_1_1031' title='bbox 1404 3141 1415 3158; x_wconf 91' lang='lat'><em>,</em></span> <span class='ocrx_word' id='word_1_1032' title='bbox 1437 3115 1495 3158; x_wconf 87' lang='lat' dir='ltr'><em>sed</em></span> <span class='ocrx_word' id='word_1_1033' title='bbox 1512 3115 1657 3156; x_wconf 78' lang='lat' dir='ltr'><em>considera</em></span> <span class='ocrx_word' id='word_1_1034' title='bbox 1681 3118 1758 3159; x_wconf 81' lang='lat' dir='ltr'><em>quid</em></span> <span class='ocrx_word' id='word_1_1035' title='bbox 1775 3115 1917 3161; x_wconf 83' lang='lat' dir='ltr'><em>sequatur</em></span> <span class='ocrx_word' id='word_1_1036' title='bbox 1937 3144 1948 3152; x_wconf 85' lang='lat'><strong>.</strong></span> <span class='ocrx_word' id='word_1_1037' title='bbox 1980 3122 2040 3153; x_wconf 86' lang='lat' dir='ltr'><em>Se·-</em></span> 
     </span>
     <span class='ocr_line' id='line_1_126' title="bbox 1156 3165 2039 3211; baseline 0.005 -13"><span class='ocrx_word' id='word_1_1038' title='bbox 1156 3170 1256 3208; x_wconf 84' lang='lat' dir='ltr'><em>quitur</em></span> <span class='ocrx_word' id='word_1_1039' title='bbox 1280 3173 1359 3199; x_wconf 85' lang='lat' dir='ltr'><em>enim</em></span> <span class='ocrx_word' id='word_1_1040' title='bbox 1385 3179 1392 3198; x_wconf 87' lang='lat'>:</span> <span class='ocrx_word' id='word_1_1041' title='bbox 1421 3167 1463 3200; x_wconf 84' lang='lat' dir='ltr'><em>Et</em></span> <span class='ocrx_word' id='word_1_1042' title='bbox 1491 3165 1648 3200; x_wconf 85' lang='lat' dir='ltr'><em>habitavit</em></span> <span class='ocrx_word' id='word_1_1043' title='bbox 1675 3168 1710 3201; x_wconf 89' lang='lat' dir='ltr'><em>in</em></span> <span class='ocrx_word' id='word_1_1044' title='bbox 1739 3166 1834 3202; x_wconf 86' lang='lat' dir='ltr'><em>nobis</em></span> <span class='ocrx_word' id='word_1_1045' title='bbox 1853 3193 1862 3200; x_wconf 89' lang='lat'><strong>.</strong></span> <span class='ocrx_word' id='word_1_1046' title='bbox 1889 3174 1952 3205; x_wconf 85' lang='lat' dir='ltr'><em>Hoc</em></span> <span class='ocrx_word' id='word_1_1047' title='bbox 1973 3169 2039 3211; x_wconf 77' lang='lat' dir='ltr'><em>est,</em></span> 
     </span>
     <span class='ocr_line' id='line_1_127' title="bbox 1159 3214 2034 3260; baseline 0.005 -12"><span class='ocrx_word' id='word_1_1048' title='bbox 1159 3215 1235 3248; x_wconf 84' lang='lat' dir='ltr'><em>illud</em></span> <span class='ocrx_word' id='word_1_1049' title='bbox 1255 3217 1381 3249; x_wconf 90' lang='lat' dir='ltr'><em>Verbum</em></span> <span class='ocrx_word' id='word_1_1050' title='bbox 1408 3238 1418 3254; x_wconf 89' lang='lat'>‚</span> <span class='ocrx_word' id='word_1_1051' title='bbox 1442 3217 1521 3258; x_wconf 87' lang='lat' dir='ltr'><em>quod</em></span> <span class='ocrx_word' id='word_1_1052' title='bbox 1538 3219 1668 3253; x_wconf 80' lang='lat' dir='ltr'><em>Carnem</em></span> <span class='ocrx_word' id='word_1_1053' title='bbox 1683 3214 1813 3260; x_wconf 73' lang='lat' dir='ltr'><em>suscepit</em></span> <span class='ocrx_word' id='word_1_1054' title='bbox 1836 3242 1848 3259; x_wconf 89' lang='lat'>‚</span> <span class='ocrx_word' id='word_1_1055' title='bbox 1873 3217 1924 3251; x_wconf 87' lang='lat' dir='ltr'><em>boc</em></span> <span class='ocrx_word' id='word_1_1056' title='bbox 1949 3218 2034 3252; x_wconf 84' lang='lat' dir='ltr'><em>habi-</em></span> 
     </span>
     <span class='ocr_line' id='line_1_128' title="bbox 1154 3265 2037 3306; baseline 0.007 -10"><span class='ocrx_word' id='word_1_1057' title='bbox 1154 3271 1236 3299; x_wconf 81' lang='lat' dir='ltr'><em>tavit</em></span> <span class='ocrx_word' id='word_1_1058' title='bbox 1261 3272 1293 3298; x_wconf 82' lang='lat' dir='ltr'><em>in</em></span> <span class='ocrx_word' id='word_1_1059' title='bbox 1318 3266 1419 3299; x_wconf 87' lang='lat' dir='ltr'><em>nobis.</em></span> <span class='ocrx_word' id='word_1_1060' title='bbox 1447 3270 1506 3298; x_wconf 87' lang='lat' dir='ltr'><em>Hoc</em></span> <span class='ocrx_word' id='word_1_1061' title='bbox 1531 3265 1569 3305; x_wconf 83' lang='lat' dir='ltr'><em>est</em></span> <span class='ocrx_word' id='word_1_1062' title='bbox 1581 3290 1593 3306; x_wconf 89' lang='lat'><em>,</em></span> <span class='ocrx_word' id='word_1_1063' title='bbox 1617 3272 1649 3298; x_wconf 83' lang='lat' dir='ltr'><em>in</em></span> <span class='ocrx_word' id='word_1_1064' title='bbox 1674 3270 1776 3301; x_wconf 87' lang='lat' dir='ltr'><em>Carne</em></span> <span class='ocrx_word' id='word_1_1065' title='bbox 1795 3266 1951 3302; x_wconf 81' lang='lat' dir='ltr'><em>habitavit</em></span> <span class='ocrx_word' id='word_1_1066' title='bbox 1976 3269 2037 3302; x_wconf 88' lang='lat' dir='ltr'><em>hu-</em></span> 
     </span>
     <span class='ocr_line' id='line_1_129' title="bbox 1159 3316 2036 3359; baseline 0.005 -12"><span class='ocrx_word' id='word_1_1067' title='bbox 1159 3327 1249 3348; x_wconf 83' lang='lat' dir='ltr'><em>mana</em></span> <span class='ocrx_word' id='word_1_1068' title='bbox 1275 3342 1282 3349; x_wconf 91' lang='lat'>.</span> <span class='ocrx_word' id='word_1_1069' title='bbox 1310 3320 1356 3349; x_wconf 85' lang='lat' dir='ltr'><em>Et</em></span> <span class='ocrx_word' id='word_1_1070' title='bbox 1381 3317 1445 3349; x_wconf 77' lang='lat' dir='ltr'><em>ideo</em></span> <span class='ocrx_word' id='word_1_1071' title='bbox 1472 3317 1657 3350; x_wconf 86' lang='lat' dir='ltr'><em>Emmanuel</em></span> <span class='ocrx_word' id='word_1_1072' title='bbox 1678 3317 1774 3350; x_wconf 64' lang='lat' dir='ltr'><em>dicius</em></span> <span class='ocrx_word' id='word_1_1073' title='bbox 1799 3316 1837 3357; x_wconf 83' lang='lat' dir='ltr'><em>est</em></span> <span class='ocrx_word' id='word_1_1074' title='bbox 1863 3342 1874 3359; x_wconf 89' lang='lat'>‚</span> <span class='ocrx_word' id='word_1_1075' title='bbox 1901 3318 1952 3351; x_wconf 91' lang='lat' dir='ltr'><em>boc</em></span> <span class='ocrx_word' id='word_1_1076' title='bbox 1974 3318 2010 3357; x_wconf 87' lang='lat' dir='ltr'><em>est</em></span> <span class='ocrx_word' id='word_1_1077' title='bbox 2023 3342 2036 3357; x_wconf 91' lang='lat'><em>,</em></span> 
     </span>
     <span class='ocr_line' id='line_1_130' title="bbox 1155 3364 2039 3411; baseline 0.003 -14"><span class='ocrx_word' id='word_1_1078' title='bbox 1155 3364 1304 3408; x_wconf 84' lang='lat' dir='ltr'><em>nobiscum</em></span> <span class='ocrx_word' id='word_1_1079' title='bbox 1330 3371 1430 3400; x_wconf 83' lang='lat' dir='ltr'><em>Deus.</em></span> <span class='ocrx_word' id='word_1_1080' title='bbox 1457 3370 1518 3401; x_wconf 83' lang='lat' dir='ltr'><em>Hoc</em></span> <span class='ocrx_word' id='word_1_1081' title='bbox 1541 3377 1606 3410; x_wconf 84' lang='lat' dir='ltr'><em>ergo</em></span> <span class='ocrx_word' id='word_1_1082' title='bbox 1627 3365 1688 3406; x_wconf 86' lang='lat' dir='ltr'><em>est,</em></span> <span class='ocrx_word' id='word_1_1083' title='bbox 1714 3367 1861 3403; x_wconf 86' lang='lat' dir='ltr'><em>Verbum</em></span> <span class='ocrx_word' id='word_1_1084' title='bbox 1878 3369 1967 3401; x_wconf 87' lang='lat' dir='ltr'><em>Caro</em></span> <span class='ocrx_word' id='word_1_1085' title='bbox 1992 3368 2039 3411; x_wconf 65' lang='lat' dir='ltr'><em>fa„-¹</em></span> 
     </span>
     <span class='ocr_line' id='line_1_131' title="bbox 1652 3415 1987 3450; baseline 0 0"><span class='ocrx_word' id='word_1_1086' title='bbox 1652 3415 1687 3450; x_wconf 94' lang='lat' dir='ltr'><em>V</em></span> <span class='ocrx_word' id='word_1_1087' title='bbox 1901 3417 1987 3450; x_wconf 69' lang='lat' dir='ltr'><em>stum</em></span> 
     </span>
    </p>
   </div>
   <div class='ocr_carea' id='block_1_13' title="bbox 2166 2481 2212 2507">
    <p class='ocr_par' dir='ltr' id='par_1_13' title="bbox 2166 2481 2212 2507">
     <span class='ocr_line' id='line_1_132' title="bbox 2166 2481 2212 2507; baseline 0 0"><span class='ocrx_word' id='word_1_1088' title='bbox 2166 2481 2212 2507; x_wconf 56' lang='lat' dir='ltr'><em>&#39;si&#39;</em></span> 
     </span>
    </p>
   </div>
  </div>
 </body>
</html>
