2320 3730
569 215 885 268 Sci-rotus,
923 224 985 252 ET
1020 206 1208 252 Nous
1249 217 1638 252 ntus-ramur.

1881 227 1947 266 99

201 303 275 346 'quos
287 285 624 345 agmari'eondemnart,
649 295 721 327 dum
731 292 856 327 convicti
872 290 946 335 sum
957 290 1074 323 baren·
1142 269 1305 330 Cyrillum
1327 288 1405 344 vero
1421 286 1527 321 solum
1539 311 1551 327 ‚
1576 288 1633 330 qui
1648 285 1889 327 Alexandrinus
1910 303 2013 337 quon.

200 359 228 387 c}
245 352 311 395 effie.
338 347 401 380 Per
414 344 571 379 offensam
583 345 752 388 personam
766 343 895 387 vulgata
906 339 1075 375 translatio
1141 337 1216 370 dam
1239 337 1301 371 fuit
1331 337 1514 380 Episcopus
1537 361 1548 377 ‚
1574 338 1609 371 &
1633 337 1850 376 Memnonem
1873 344 1931 387 qui
1949 345 2012 378 fuit

200 397 355 442 intelligit
376 394 524 430 Nestorii
550 394 817 438 degradationem
840 417 848 424 .

198 445 367 485 translatio
386 446 433 481 est
455 444 591 480 clarior:
618 445 675 478 Illa
693 441 842 486 persona,
866 446 912 473 cui
926 438 1073 483 praeJudi-

198 496 399 539 ciumfaeHum
409 495 465 536 est.
494 494 603 527 Etiam
626 493 694 527 haec
718 490 834 530 verba,
858 492 907 522 Et
923 494 955 522 in
979 492 1075 521 Deum

198 546 296 595 ipsum
314 548 403 588 impie
424 551 564 589 egerunt,
594 545 668 578 sunt
680 541 777 576 nimis
787 538 949 592 generalia
962 561 969 568 .
997 537 1073 570 Cas-

197 597 331 631 finensis
341 595 459 631 Codex
468 591 661 629 determinat
671 605 679 625 ε
706 595 892 633 Impia-tatem
901 596 1003 622 contra
1017 587 1074 642 icit,

196 648 279 690 quod
299 650 482 679 Divinitatis
503 643 541 684 est
554 669 565 685 ,
589 643 759 684 effecerunt.
789 640 920 682 Nempe
942 647 1078 672 canom-

197 696 306 731 zando
316 694 435 739 Cyrilli
447 693 599 738 Capitula
610 717 617 723 .
644 691 695 734 Ex
707 687 758 723 his
770 691 798 723 F
799 688 883 725 aestio
895 689 1018 732 sperat,
1038 695 1074 720 ut

198 745 345 781 Nestorii
357 744 549 790 degradatio
558 766 570 783 ‚
595 740 670 775 licet
680 739 746 783 Jam
759 750 812 783 per
824 738 1010 782 Principem
1022 735 1076 778 fir-

197 807 307 837 mata,
334 795 606 831 circumducatun
633 788 724 838 Qia
734 789 851 833 nempe
873 789 958 823 fae'ta
975 787 1021 822 est
1033 784 1074 820 ab

195 844 355 880 haereticis
368 860 379 879 .-
405 845 448 879 Et
460 842 592 895 quidem
604 840 639 875 in
654 840 725 883 ipsis
749 839 857 873 Gestis
869 863 880 884 ‚
907 838 941 872 in
955 836 1072 882 quibus

196 894 338 930 haerefim
351 893 599 930 canonizarunt.
628 890 737 926 Etiam
749 889 925 929 Caffinensi
944 886 1073 922 transla—

196 946 282 980 tioni
303 943 389 978 deest
409 942 546 978 verbum
565 969 573 975 .
600 939 793 986 Legendum
816 939 944 974 videtur
963 949 970 969 :
999 942 1072 971 con-

196 993 536 1036 demnationemfadam
541 1001 717 1036 permanere
726 991 764 1024 ab
777 991 853 1030 illis,
863 1000 936 1038 quos
947 988 1070 1032 dignum

197 1044 234 1085 est
246 1045 457 1089 condemnari³
504 1087 507 1090 v

388 1327 651 1378 CAPUT
687 1329 859 1375 XXIX.
908 1342 1072 1388 ---117

193 1472 433 1538 Imperatores
465 1465 628 1532 Caesares
663 1463 886 1531 Theodcfius
920 1471 980 1514 (φ
1001 1466 1078 1515 Va-

261 1538 478 1597 lentinianus
511 1572 525 1598 ‚
576 1534 738 1584 Vih‘t'ores
771 1572 784 1596 ,
834 1536 1074 1605 Triumpha-

259 1624 353 1656 tores
386 1642 400 1668 ,
435 1609 621 1655 Maximi
653 1642 667 1666 ‚
704 1603 854 1673 fimper
887 1606 1038 1654 colendi
1060 1645 1074 1668 ,

224 1742 230 1754 .
250 1675 398 1745 fhnb'z‘ae
431 1676 576 1739 Synodo
608 1711 621 1736 ‚
669 1693 750 1746 qnae
782 1680 820 1724 in
853 1675 1077 1747 Ephfinau

196 1799 201 1807 ..
263 1751 434 1797 civitate
462 1751 628 1797 convenit
644 1782 657 1797 ·.

241 1886 462 1922 Ntentionem
485 1888 619 1931 quidem
645 1886 789 1920 nostram
808 1907 820 1923 ‚
859 1884 981 1922 etiamsi
1007 1896 1074 1919 non

269 1936 475 1971 scriberemus
488 1948 575 1971 nunc
587 1961 598 1977 ,
625 1947 665 1970 ex
676 1936 789 1970 multis
800 1934 873 1968 aliis
890 1935 1054 1969 noveratis
1067 1959 1074 1966 .

192 1989 240 2022 Et
261 1997 420 2029 quantum
441 1997 503 2029 pro
528 1988 611 2020 resta
630 1985 696 2019 fide
706 1984 885 2018 habeamus
907 1984 1050 2018 studium
1065 2008 1076 2025 ,

193 2037 228 2071 δε
249 2045 307 2079 pro
327 2035 481 2069 unitione
491 2034 705 2070 Ecclesiarum
717 2059 728 2074 ,
756 2034 772 2067 a
784 2033 932 2067 Patribus
951 2032 1015 2068 hoc
1043 2035 1076 2067 &

193 2087 236 2121 ab
247 2085 328 2119 Avis
337 2085 443 2120 edoni
454 2108 466 2124 ,
492 2086 527 2120 ἀ
540 2084 623 2119 nihil
642 2083 740 2127 usque
753 2083 903 2117 haetenus
926 2084 1008 2117 sana:
1024 2083 1075 2116 Fi-

192 2135 245 2171 dei
256 2143 495 2180 praeponentes,
520 2143 649 2179 propter
662 2144 761 2178 quam
771 2134 872 2167 etiarn
892 2132 958 2176 jam
978 2130 1074 2176 paulo*

191 2196 268 2222 ante
287 2185 323 2220 in
350 2184 513 2229 Ephesum
537 2184 676 2219 vestram
698 2193 897 2230 congregare
914 2183 1075 2217 festinavi-

192 2247 265 2270 mus
286 2236 518 2269 Sanffitatem.
556 2235 601 2268 Et
628 2234 708 2267 dum
731 2233 923 2277 congregati
947 2234 1075 2273 effetis,

193 2285 307 2320 omnia
319 2283 505 2326 hujusmodi
517 2283 697 2327 scripfimus
707 2307 718 2324 ,
731 2295 786 2326 per
797 2292 866 2325 quae
877 2284 1076 2326 consequens

192 2336 269 2370 esset
280 2334 399 2378 absque
411 2334 628 2368 contentione
640 2344 712 2368 vera
723 2333 830 2368 Fides.
858 2332 902 2367 Et
915 2343 985 2376 quae
993 2333 1075 2367 olim

193 2385 322 2426 tenuit,
348 2384 637 2419 inconcuffibiliter
650 2392 851 2427 permaneret
865 2406 876 2422 ,
902 2383 943 2416 ad
965 2383 1076 2417 amici-

194 2434 273 2468 tiam
286 2433 376 2466 vobis
390 2434 491 2465 unitis
506 2457 513 2463 .
542 2432 717 2478 Qoniam
736 2432 813 2465 vero
824 2441 954 2473 propter
974 2432 1077 2465 inten-

195 2484 322 2516 tionem
345 2481 522 2523 impietatis
544 2504 554 2519 ‚
581 2490 618 2513 ac
639 2479 716 2523 saepe
741 2480 971 2513 contentiones
992 2480 1077 2512 inter

196 2543 255 2566 vos
265 2532 350 2565 fattae
364 2531 436 2563 sunt
447 2528 591 2573 quaedam
603 2553 613 2569 ,
639 2530 673 2562 δε
684 2531 752 2563 asta
765 2528 923 2563 nonnulla
937 2539 1005 2571 quae
1015 2529 1077 2563 dis—

196 2581 353 2616 sensiones
369 2579 454 2612 haud
466 2578 563 2612 dubie
585 2580 851 2620 consequuntur,
879 2578 1026 2612 volentes
1041 2578 1075 2611 in

195 2629 351 2666 omuibus
375 2628 467 2662 vobis
478 2627 643 2661 terminari
667 2627 886 2666 discordiam,
915 2627 1072 2671 Magnifi-

195 2680 412 2716 centiffimum
438 2679 472 2712 &
485 2676 1008 2712 ReverendiffimumDivinorum
1018 2678 1075 2712 Of·

155 2762 159 2764 .
195 2732 346 2766 ficiorum
357 2729 552 2773 Magistrum
566 2728 723 2770 Ioannem
736 2726 914 2761 direximus
926 2751 936 2767 ,
948 2736 984 2761 ut
998 2738 1077 2761 con-

196 2781 384 2818 tentiones,
409 2789 479 2821 quae
501 2780 585 2811 inter
607 2788 664 2812 vos
685 2787 763 2811 natas
785 2779 915 2812 fuerant
937 2801 947 2816 ‚
975 2777 1074 2811 solve—

198 2839 305 2865 rentur
318 2853 325 2861 .
353 2829 444 2862 Dum
457 2828 532 2861 vero
548 2828 755 2861 necessarium
768 2828 928 2861 videretur
952 2828 986 2861 ὃ(
998 2825 1074 2867 hoc,

197 2891 234 2915 ut
252 2878 317 2913 huc
339 2878 477 2912 vestrum
501 2877 654 2911 nonnulli
682 2878 846 2915 venirent,
868 2877 936 2920 quo
964 2877 1074 2910 Pietas

197 2930 305 2965 nostra
326 2929 423 2963 etiam
435 2929 564 2971 praesens
593 2928 678 2961 inter
689 2929 851 2970 praesentes
863 2927 989 2961 audiret
1002 2951 1012 2967 ,
1037 2937 1074 2961 ut

197 2979 308 3015 unitio
318 3004 328 3020 ,
355 2989 452 3022 quam
465 2977 630 3011 studemus
642 3002 652 3018 ‚
680 2977 733 3020 pio
745 2978 927 3021 proveniret
939 2978 1074 3017 assensu,

199 3028 264 3063 hoc
275 3029 406 3072 quoque
419 3028 600 3071 peregimus
612 3051 623 3068 ,
648 3027 792 3061 universa
804 3037 990 3072 peraventes
1009 3029 1074 3062 sua-

199 3079 284 3112 viter
306 3077 526 3120 disponenda.

251 3127 313 3161 Sed
325 3127 401 3170 quia
424 3138 585 3170 permanet
596 3127 701 3162 adhuc
724 3128 872 3163 dissensio
883 3127 1051 3163 commissa
1063 3152 1075 3168 ,

200 3177 344 3211 laborem
356 3187 537 3218 reputantes
550 3178 611 3210 vesi
618 3190 683 3212 ram
697 3179 958 3223 Religiofitatem
971 3179 1074 3212 suffer-

887 387 1076 424 Caffinenfis
1141 386 1320 430 Episcopus
1339 386 1536 430 Ephefinus,
1563 387 1666 430 neque
1687 386 1778 422 vobis
1801 401 2014 428 connumera-

1140 446 1211 470 mus
1222 461 1232 476 ,
1260 438 1294 471 δε
1317 436 1357 471 ab
1380 437 1580 482 Episcopatu
1607 438 1762 471 novimus
1785 439 1847 473 esse
1867 442 1990 475 alienos
2002 467 2013 483 ‚

1139 486 1217 520 ficut
1227 487 1308 522 olim
1320 487 1426 522 vestrae
1440 486 1458 520 ὲ
1471 486 1564 522 nobis
1582 488 1736 532 scriptum
1759 487 1804 521 est
1827 489 1992 524 Sanffitati
2004 516 2011 524 .

1139 534 1192 570 Ad
1204 537 1348 581 proprias
1360 537 1517 573 Ecclesias
1525 548 1719 573 revertentes
1729 537 1915 576 Civitatum
1927 539 2016 582 quie·

1138 586 1162 618 ti
1176 588 1349 631 prospicite
1358 612 1369 628 ,
1389 587 1522 632 dignam
1534 600 1589 633 per
1601 589 1717 622 omnia
1728 589 2013 625 mansuetudinem

1137 635 1324 670 Sacerdotio
1337 638 1563 681 amplectentes
1572 664 1579 671 .
1609 639 1735 673 Eorum
1750 637 1909 682 siquidem
1918 662 1929 679 ,
1942 649 2013 681 quae

1137 682 1192 718 hic
1208 686 1517 732 quomodocumque
1527 688 1647 724 fecistis
1660 713 1671 728 ,
1696 688 1759 723 esse
1770 688 1914 733 aliquam
1929 688 2015 723 satis-

1136 734 1311 770 fastionem
1338 739 1494 772 convenit
1506 750 1605 782 perca
1618 763 1629 779 ‚
1655 749 1726 783 quae
1743 739 1819 772 sunt
1839 738 1950 782 postea
1969 740 2015 772 se-

1136 794 1268 819 cutura.
1297 785 1370 819 Erit
1386 795 1495 819 autem
1511 811 1521 826 ,
1545 790 1567 822 fi
1580 788 1838 823 Ecclesiasticum
1862 787 2015 823 decorem

1136 844 1212 869 cum
1222 834 1355 879 publica
1367 833 1608 879 Consequentia
1623 838 1839 874 servaveritis.

1327 990 1826 1041 Senotlon.

1248 1135 1318 1168 AEc
1330 1135 1376 1169 est
1390 1136 1485 1171 Sacra
1497 1134 1592 1178 juffio
1606 1159 1617 1176 ,
1637 1146 1702 1180 qua
1715 1135 1892 1178 Imperator
1904 1134 2019 1170 Theon

1271 1186 1331 1219 sius
1341 1186 1485 1220 dissolvit
1497 1185 1670 1228 Synodum
1679 1209 1690 1226 ,
1716 1185 1749 1219 &
1758 1195 1875 1219 ornnes
1885 1183 2022 1228 Episco-

1140 1246 1198 1277 pos
1209 1235 1376 1270 remisitad
1389 1235 1537 1280 propria.
1567 1236 1757 1280 Hucusque
1768 1235 1880 1269 latuit.
1909 1235 2021 1270 Docet

1141 1295 1202 1318 nos
1212 1285 1301 1327 plura
1312 1311 1319 1317 .
1348 1286 1465 1320 Pri-mo
1475 1308 1487 1325 ‚
1505 1285 1594 1329 quod
1607 1286 1751 1329 Joannes
1762 1287 1930 1321 Sacrarum
1943 1284 2023 1319 Lar·

1140 1334 1307 1379 gitionurn
1329 1334 1479 1377 Comes,
1506 1333 1638 1380 Epheso
1664 1337 1806 1371 reversus
1828 1334 2022 1370 Constanti-

1142 1384 1312 1427 nopolim,
1338 1384 1447 1421 statim
1464 1387 1561 1420 fuerit
1579 1387 1706 1421 evestus
1725 1385 1767 1420 ad
1788 1384 2020 1431 Magisterium

1140 1434 1355 1470 officiorum.
1383 1434 1559 1477 Secundo,
1586 1436 1676 1480 quod
1696 1437 1878 1480 Imperator
1898 1434 2020 1479 Joanni

1142 1484 1176 1518 in
1189 1484 1347 1519 omnibus
1358 1485 1549 1521 crediderit.
1578 1486 1713 1521 Etenim
1736 1486 1791 1521 hic
1814 1485 1926 1521 laudat
1948 1496 2020 1519 om-

1142 1534 1195 1568 nia
1220 1534 1288 1577 ejus
1300 1534 1402 1576 Asta,
1436 1548 1507 1581 quae
1518 1535 1676 1570 Nestorio
1697 1528 1842 1581 patenter
1864 1534 2020 1569 studuisse

1140 1582 1338 1619 demonstrat
1355 1586 1489 1621 Sandius
1512 1585 1657 1629 Cyrillus
1674 1586 1708 1619 in
1733 1586 1850 1619 litteris
1874 1585 1916 1618 ad
1945 1584 2020 1617 Cle*

1142 1645 1213 1668 rum
1235 1645 1272 1668 ac
1292 1634 1458 1678 Populum
1481 1634 1909 1677 Constantinopolitanum.
1937 1633 2020 1666 Ter-

1141 1682 1373 1723 dediscimus,
1398 1685 1487 1727 quod
1500 1685 1680 1727 Imperator
1704 1684 1841 1718 cunstos
1852 1682 2019 1725 utriusque

1142 1734 1238 1777 partis
1248 1733 1427 1778 Episcopus
1438 1733 1617 1778 permiserit
1628 1734 1774 1778 proprias
1794 1734 1921 1767 rursum
1932 1732 2020 1766 obti-

1143 1794 1218 1819 nere
1241 1783 1423 1825 Ecclefias,
1449 1782 1591 1828 ideoque
1611 1794 1729 1820 omnes
1754 1782 1844 1818 ultro
1868 1783 2020 1826 citroque

1142 1834 1176 1868 in
1197 1834 1339 1869 invicem
1360 1834 1588 1869 damnationes
1608 1833 1643 1867 &
1666 1834 1815 1869 censuras
1837 1832 2019 1867 circumdu-

1142 1883 1224 1916 xerit
1237 1908 1244 1914 .
1272 1883 1367 1917 Hinc
1388 1884 1479 1917 enim
1499 1883 1600 1917 etiarn
1623 1881 1819 1917 Dorotheus
1836 1883 2020 1916 Martiano-

1145 1931 1306 1975 politanus
1318 1957 1330 1974 ,
1354 1932 1523 1968 Himerius
1535 1931 1818 1973 Nicomedienfis,
1842 1931 2019 1966 Helladius

1142 1981 1335 2016 Tharsensis
1348 2006 1359 2022 ‚
1370 1982 1545 2016 Eutherius
1555 1980 1768 2024 Thyanenfis
1779 2005 1790 2021 ‚
1817 1981 1940 2024 aliique
1950 1981 2020 2023 plu-

1143 2041 1190 2065 res
1214 2042 1269 2075 per
1278 2031 1452 2074 Synodum
1476 2030 1620 2065 damnati
1633 2030 1787 2074 Episcopi
1807 2029 1970 2065 redierunt
1983 2030 2020 2063 in

1143 2082 1213 2114 suas
1235 2080 1352 2120 Sedes,
1378 2081 1631 2124 &perrexerunt
1651 2080 1749 2125 fungi
1761 2079 1948 2124 Episcopali
1970 2081 2021 2115 of-

1142 2131 1220 2165 ficio
1241 2157 1248 2163 .
1276 2130 1370 2165 Licet
1393 2143 1462 2165 non
1488 2131 1678 2165 nominatus
1697 2154 1707 2170 ‚
1734 2140 1887 2173 exceptus
1908 2139 2019 2165 tamen

1142 2181 1204 2214 fuit
1227 2180 1414 2215 Nestorius.
1444 2182 1568 2216 Mansit
1586 2182 1620 2215 in
1642 2181 1746 2224 ipsum
1757 2179 1845 2224 prius
1872 2180 1946 2215 data
1958 2182 2021 2214 for*

1141 2241 1215 2264 ma.
1244 2230 1384 2274 Excepti
1398 2231 1597 2265 nominatim
1610 2231 1683 2265 sunt
1694 2230 1842 2273 cyrillus
1865 2231 2022 2265 &Mean

1143 2291 1211 2315 non
1227 2305 1234 2312 .
1259 2279 1470 2316 Theodosius
1483 2283 1568 2316 circa
1594 2280 1669 2315 illos
1688 2279 1826 2323 perstitit
1848 2280 1883 2312 in
1903 2280 2019 2323 suoju-

1142 2331 1233 2364 dicio
1260 2355 1271 2371 ‚
1307 2331 1395 2374 quod
1423 2342 1478 2374 per
1505 2332 1666 2375 Joannem
1692 2330 1862 2364 Comitem
1888 2330 2019 2363 miserat

1146 2380 1328 2423 Ephesum,
1357 2380 1503 2424 illudque
1525 2392 1579 2425 per
1599 2379 1686 2415 hane
1696 2380 1824 2415 Sacram
1845 2379 2019 2414 confirma-

1146 2429 1191 2462 vit
1212 2454 1219 2460 .
1283 2428 1376 2461 uarto
1401 2430 1546 2464 notanda
1577 2432 1651 2464 sunt
1679 2430 1791 2464 finalia
1812 2429 1879 2472 eius
1901 2429 2014 2466 verba,

1145 2477 1262 2520 quibus
1273 2477 1426 2519 Princeps
1444 2479 1567 2511 cunetis
1579 2478 1748 2520 Episcopis
1762 2478 1914 2518 mandat,
1928 2488 1964 2513 ut
1975 2477 2016 2511 ad

1147 2526 1287 2570 proprias
1304 2526 1463 2561 Ecclefias
1483 2525 1604 2561 reducti
1628 2528 1753 2561 servent
1782 2526 2021 2561 Sacerdotalem

1146 2576 1424 2610 mansuetudinem
1438 2601 1449 2616 ‚
1474 2577 1581 2619 eisque
1592 2587 1738 2620 reparent
1760 2587 1894 2620 pacem,
1922 2586 2020 2620 quam

1147 2624 1260 2669 Ephesi
1274 2623 1434 2659 horrende
1448 2635 1600 2669 ruperant
1610 2650 1617 2657 .

1194 2676 1320 2720 Magna
1338 2675 1486 2722 Qaestio
1506 2675 1551 2709 est
1564 2699 1575 2715 ‚
1601 2675 1789 2723 Qomodo
1807 2675 2018 2711 Theodosius

1144 2724 1308 2768 Cyrillum
1320 2737 1357 2759 ac
1368 2726 1586 2760 Memnonem
1595 2726 1735 2769 excipiat
1761 2725 1802 2759 ab
1812 2725 1869 2758 ista
1883 2728 1935 2760 sua
1948 2738 2019 2771 gra-

1142 2777 1211 2809 tia?
1237 2774 1422 2822 Qomodo
1447 2776 1522 2810 illos
1542 2775 1684 2810 stabiliat
1706 2777 1740 2810 in
1759 2775 2014 2820 degradatione,

1141 2837 1177 2860 ac
1189 2835 1275 2859 vetet
1299 2825 1401 2860 redire
1412 2826 1451 2860 ad
1476 2828 1545 2860 suas
1571 2826 1750 2860 Ecclefias?
1777 2825 1910 2859 Etenim
1932 2826 2016 2859 inter

1140 2875 1319 2917 Synodalia
1340 2876 1423 2909 Asta
1450 2874 1607 2910 habemus
1627 2876 1661 2910 &
1674 2875 1759 2910 hanc
1778 2876 1907 2909 brevem
1923 2874 2017 2908 Rela-

1140 2927 1282 2959 tionem:
1310 2930 1385 2958 Cum
1402 2924 1515 2969 septem
1539 2924 1691 2969 &septem
1714 2937 1752 2959 ex
1779 2934 1902 2966 utraque
1924 2933 2013 2966 parte

1138 2974 1278 3018 Episcopi
1289 2975 1547 3018 c'ostannnopollm
1572 2978 1731 3017 veniffent,
1756 2979 1918 3016 Imperator
1939 2977 2012 3008 cert&

1137 3033 1274 3067 comperit
1286 3026 1427 3059 scindam
1437 3029 1455 3059 5
1453 3028 1579 3066 ‚nodum
1590 3049 1600 3066 ‚
1624 3031 1757 3058 canonico
1769 3027 1870 3059 ordtne
1879 3031 1910 3056 ae'n
1924 3030 2014 3057 omni-

1138 3075 1342 3119 busservato,
1369 3076 1537 3117 Nestorium
1558 3074 1733 3117 deposuiffe.
1765 3079 1865 3116 Itaque
1890 3077 2014 3117 Legata-

1137 3138 1202 3159 rum
1214 3129 1234 3159 5
1230 3128 1316 3165 ynodt'
1325 3125 1472 3169 sententia
1493 3126 1659 3168 approbata
1672 3149 1681 3164 ,
1709 3126 1875 3159 orientales
1888 3126 2011 3166 quidem

1137 3178 1308 3210 condemnat
1325 3201 1336 3217 ,
1370 3176 1533 3217 Nestorium
1558 3176 1628 3209 verb
1654 3176 1742 3207 exilt'o
1766 3175 1889 3208 mulceat
1913 3198 1920 3206 .
1951 3178 2009 3206 Eis

199 3239 233 3261 re
250 3239 290 3261 ex
304 3228 367 3270 ipsa
380 3227 560 3260 necessitate
572 3228 714 3261 Concilii
726 3254 735 3268 ,
761 3229 875 3263 reverti
892 3228 1021 3272 Epheso
1033 3228 1072 3263 ad
1135 3235 1278 3268 praeterea
1291 3251 1302 3267 ‚
1326 3233 1378 3269 qui
1397 3238 1435 3260 ex
1457 3225 1566 3258 sanda
1587 3226 1694 3264 synodo
1709 3228 1815 3268 Legati
1837 3232 1985 3258 venerant
1997 3250 2008 3265 ‚

198 3278 325 3320 propria
346 3276 559 3311 concesfimus
581 3278 764 3311 universos.
793 3279 835 3312 Et
848 3280 990 3323 proprias
1011 3289 1088 3312 rur-.

1137 3279 1266 3321 injungit
1287 3286 1320 3311 ut
1341 3278 1384 3310 ad
1404 3274 1555 3316 Ecclesiam
1575 3274 1609 3318 se
1629 3275 1784 3316 conferant
1808 3300 1818 3316 ,
1843 3276 2007 3317 ibidemque

199 3328 270 3360 sum
285 3327 439 3360 Ecclefias
451 3326 610 3360 obtinere.
635 3327 736 3375 Qod
749 3329 964 3372 unusquisque
976 3313 1089 3380 faciat}
1137 3327 1252 3361 §anelae
1273 3325 1405 3368 Ecclefiae
1416 3325 1751 3367 constaminopolttanae
1762 3323 1939 3367 Episcopum
1951 3335 2009 3356 rre-

196 3387 273 3410 cum
290 3377 484 3420 Episcopis,
513 3377 568 3419 qui
591 3386 747 3411 venerunt
767 3379 785 3412 ὲ
808 3378 980 3414 Provincia
991 3378 1088 3421 eJus.{

298 3426 402 3467 christ.
417 3430 495 3468 Lupi
507 3431 605 3469 Opera
625 3429 725 3460 T.VH.

1137 3385 1208 3411 em.
1235 3379 1284 3411 Illi
1306 3384 1338 3411 in
1349 3375 1502 3417 Ecclefiam
1520 3377 1632 3458 inpreffi
1643 3379 1864 3410 Maximianum
1888 3372 2008 3415 Episco-

1618 3437 1641 3464 2
1882 3431 1958 3465 pum
