2320 3730
348 213 378 247 '1
392 201 452 261 78

282 285 456 329 ‚spfflasstia
478 309 489 325 ‚
515 282 562 319 sui
582 285 701 321 famam
723 313 735 329 ‚
760 289 795 322 δε
818 287 948 329 quidem
971 296 1046 319 cum
1071 283 1166 325 variis

281 335 484 378 augmentis,
510 336 686 379 sparserunt
696 349 752 381 pet
761 347 860 381 omne
872 333 1039 379 Orientale
1061 333 1174 378 impe-¹

281 386 366 429 tium
386 410 393 416 .
420 385 513 418 Hinc
535 385 708 431 Helladius
744 385 932 419 Tharsensis
962 383 1163 426 Episcopus,

280 436 393 478 primae
417 435 541 469 Ciliciae
551 435 791 476 Metropolita,
817 434 1016 468 Nestorianae
1026 433 1163 477 personat

127 489 139 496 χ
278 484 423 529 &causae
433 483 581 519 adversus
596 483 792 526 Ephefinam
813 483 1006 527 Synodum‚
1032 495 1070 517 ac
1091 495 1161 526 Pfae·

278 535 386 570 sertim
399 535 565 568 adversum
580 533 685 566 Sansti
697 533 816 576 Cyrilli
831 532 982 578 Capitula
995 543 1162 574 contuma-

277 584 419 618 cisfimus
430 583 577 618 defensor
589 606 600 622 ‚
625 583 687 616 fuit
700 594 767 618 non
781 581 910 623 modice
922 583 1039 617 anxius
1051 607 1063 624 ‚
1074 582 1160 617 ideo-

276 624 340 676 sque
352 636 454 677 ipsum
467 631 654 666 Alexander
672 630 894 677 Hierapolites
904 656 914 672 ,
944 633 1095 680 Andreas
1108 635 1160 668 Sa·

275 683 481 720 mosa'tenfis,
507 693 545 714 ac
558 680 814 729 Theodoretus2
842 691 905 717 tres
926 682 1068 730 fidiffimi
1082 683 1159 725 Col·

273 733 355 778 legae
377 733 539 778 dusterunt
560 725 785 766 instruendum
799 755 805 763 .
834 730 891 765 An
919 731 984 770 haec
1013 734 1159 778 Epistola

272 783 311 825 ξιτ
323 780 522 824 responsoria
534 803 545 819 ‚
572 791 640 819 non
654 780 796 823 constat·
827 781 884 826 Est
897 783 1011 827 scripta
1032 783 1158 826 Antio-

270 830 373 872 chiae,
400 840 456 865 aut
482 827 566 862 certe
592 829 763 871 Berrhaeae,
789 823 860 874 post
886 835 1010 875 perasta
1021 835 1134 868 omnia
1151 859 1158 866 .
1179 875 1180 880 1

270 880 373 921 Possit
397 879 465 913 fieri
487 877 576 924 quod
598 880 771 916 Helladius
796 880 837 915 ab
859 882 926 917 illis
939 881 1156 919 Antiochiam

267 928 461 973 abeuntibus
484 953 495 971 ‚
523 930 729 974 postulaverit
749 930 836 974 hanc
865 932 925 976 sibi
962 934 1156 979 relationem

267 979 350 1012 neri.
485 978 487 980 “
523 979 527 986 ⁴
989 1016 991 1018 .

314 1028 461 1072 Epistola
485 1031 580 1067 docet
601 1044 662 1068 nos
684 1033 792 1077 pluta.
821 1032 958 1076 Primo,
987 1035 1076 1081 quod
1097 1036 1156 1078 Sy·

265 1078 373 1118 nodus
382 1080 479 1115 fuerit
489 1092 671 1118 convocata
685 1081 904 1126 Antiochiam
920 1110 930 1126 ‚
955 1085 988 1118 &
1000 1086 1071 1119 istic
1082 1096 1156 1119 om-

262 1129 346 1171 nino
357 1132 565 1165 convenerit.
592 1133 766 1177 Secundo,
792 1134 881 1176 quod
895 1135 1079 1172 multiante
1093 1135 1155 1178 Sy-

263 1178 389 1213 nodum
400 1181 521 1215 fuerint
533 1182 623 1225 sparsi
635 1184 780 1227 rumores
791 1205 801 1221 ‚
811 1183 866 1226 qui
880 1183 1070 1218 Fastionem
1082 1197 1151 1220 non

262 1239 375 1274 parurn
387 1232 631 1266 concurrerant.
660 1232 803 1272 Tertio,
831 1233 919 1276 quod
941 1234 1073 1269 illorum
1084 1235 1150 1279 plu·

260 1283 308 1312 ies
322 1280 441 1315 fuerint
453 1282 540 1323 falsi,
568 1275 680 1326 utpote
704 1283 973 1318 Adversariorum
991 1280 1149 1336 super'flua

258 1328 444 1364 verbositas.
474 1333 627 1379 (ξω-ιὰ,
654 1333 741 1377 quod
769 1333 1147 1381 Synoduspconcluserit

256 1378 437 1414 ineundam
463 1393 576 1425 pacem
599 1407 610 1423 ‚
637 1393 670 1417 at
701 1383 967 1427 salva'pietate'.
994 1379 1148 1430 Qinto,

254 1430 344 1471 quod
357 1433 487 1478 varios,
515 1433 684 1475 praesertim
697 1433 912 1475 sexineundae
932 1434 1018 1476 pacis
1030 1433 1147 1474 modos

252 1481 442 1523 conceperit
456 1502 466 1518 ‚
492 1492 632 1523 quorum
647 1483 799 1516 omnium
819 1484 969 1526 palmaris
991 1482 1145 1524 articulus

252 1538 318 1562 erat
331 1534 370 1563 ut'
381 1530 566 1564 nullatenus
576 1531 801 1566 admitteretur
811 1533 1007 1578 degradatio
1027 1534 1145 1569 Nesto-

252 1578 318 1611 rii.
346 1579 470 1619 Sexto,
496 1582 585 1624 quod
605 1579 722 1615 horum
744 1584 797 1616 sex
823 1584 999 1618 modorum
1023 1584 1143 1629 singuli

252 1627 375 1663 filerint
398 1629 593 1664 sufficientes
618 1632 651 1664 ἀ
672 1633 831 1676 congrui.
859 1633 1028 1676 septimo,
1054 1635 1143 1677 quod

249 1677 387 1713 istorum
403 1679 575 1714 dumtaxat
591 1681 708 1714 unicus
718 1682 753 1714 fit
765 1683 964 1717 transmissus
977 1684 1010 1716 in
1033 1684 1145 1729 AEgy-

248 1738 342 1771 ptum
358 1754 365 1761 .
394 1730 522 1774 Οθςεινό
535 1755 545 1769 ,
572 1730 661 1772 quod
675 1729 728 1763 hic
743 1731 861 1765 modus
872 1733 1055 1767 contineret
1070 1734 1144 1779 {ut

247 1778 488 1823 proscribantur
509 1779 630 1822 Cyrilli
653 1779 830 1822 Capitula,
857 1782 890 1815 &
914 1793 1082 1816 maneatur
1102 1784 1143 1823 ad

248 1828 355 1867 solum
375 1828 547 1862 Nicaenum
571 1827 790 1870 Symbolum,
816 1840 891 1862 cum
917 1831 1024 1864 saneti
1042 1831 1146 1872 Atha-

249 1878 325 1911 nasii
348 1877 493 1920 Epistola
509 1878 548 1910 ad
564 1878 766 1920 Epictetum.
797 1877 841 1911 Et
854 1877 922 1912 haec
934 1881 1056 1923 pietas,
1086 1893 1144 1925 pro

247 1938 310 1970 qua
333 1938 454 1961 certare
481 1927 636 1963 deberent
663 1930 762 1971 usque
790 1928 831 1962 ad
858 1930 1017 1973 mortem.
1047 1927 1144 1965 Alios

248 1978 396 2023 quinque
417 1977 535 2011 modos
556 1978 743 2021 ignoramus
756 2002 764 2010 .

298 2029 352 2061 De
377 2026 438 2061 hac
463 2027 601 2069 Synodo
633 2026 870 2061 Theodoretus
893 2029 962 2070 post
987 2029 1142 2062 adductas

248 2075 406 2117 Aristolai
429 2088 469 2111 ex
497 2077 633 2119 Egypto
657 2088 711 2119 per
737 2076 990 2120 Magistrianum
1018 2078 1142 2111 litteras

248 2128 369 2170 scripsit
393 2126 433 2160 ad
471 2127 636 2169 praefatum
661 2124 828 2159 Andrearn
850 2139 861 2158 :
901 2127 1086 2163 Nullatenus
1110 2140 1141 2160 a·

249 2176 406 2223 cqulescam
427 2182 460 2208 in
474 2177 697 2207 damnationem
708 2178 828 2206 Domini
851 2180 906 2207 mei
914 2174 1084 2218 sandliffimi

247 2227 412 2260 venerandi
425 2224 553 2265 Nestorii
565 2223 704 2266 Episcopi
713 2222 882 2267 consensum
900 2225 1058 2266 praebere,
1086 2237 1139 2259 nec
1173 2250 1180 2267 u

246 2279 359 2310 violare
370 2286 548 2309 communem
566 2275 794 2315 pronominum,
823 2273 1080 2318 quaet'nTharso,
1106 2277 1141 2309 (9·
1170 2298 1172 2301 f

247 2327 433 2361 ehalcedone
444 2350 454 2366 ,
483 2327 519 2358 &2
535 2323 652 2367 Epheso
663 2323 805 2366 falsaest
817 2347 824 2354 .
845 2327 983 2356 Meminit
1002 2330 1081 2364 enim
1105 2326 1141 2359 (9

248 2388 343 2410 eorum
354 2402 363 2416 ‚
390 2388 456 2418 quae
479 2383 572 2416 nuper
591 2375 676 2415 apud
688 2373 873 2407 Antiochiam
880 2373 943 2415 post
956 2373 1083 2413 nostrum
1095 2385 1141 2408 re·

243 2427 365 2472 gressum
376 2428 395 2458 ᾱ
408 2426 490 2459 nobls
500 2424 583 2468 slepe
594 2425 770 2466 deprompta
777 2422 851 2466 sunt
868 2448 875 2454 .
904 2423 1047 2465 joannes
1060 2424 1141 2457 Gar·

244 2474 357 2511 'nesius
380 2483 638 2510 commentatur:
666 2475 832 2507 Orientales
845 2472 1012 2513 statuerant
1022 2470 1056 2516 se
1068 2485 1141 2507 nun-

249 2539 340 2569 quam
364 2529 418 2560 vel
435 2532 467 2558 in
487 2524 684 2565 depositionem
697 2523 846 2563 Nestorii,
875 2524 928 2555 vel
937 2528 968 2554 in
983 2525 1083 2560 cyrilli
1095 2535 1139 2557 re-

245 2564 428 2618 stitutionem
440 2573 623 2618 consensuros
639 2597 644 2603 .
673 2577 739 2604 Nec
748 2573 784 2603 id
790 2571 884 2612 seme}
891 2573 941 2603 vel
949 2577 981 2604 in
993 2584 1050 2604 uno
1059 2575 1115 2605 loco
1127 2597 1138 2613 ‚

247 2616 304 2670 sed
325 2625 437 2668 Ephesi
441 2625 571 2666 primam
583 2646 593 2661 ‚
619 2627 726 2654 iterum
746 2620 948 2660 Chalcedone,
978 2621 1139 2664 Tharfipo-

247 2676 310 2717 sseq
324 2700 335 2715 ,
359 2686 422 2708 cum
433 2674 535 2711 dimtffi
544 2679 765 2704 reverterentur
777 2676 809 2702 in
821 2675 968 2703 Orientem
980 2682 989 2713 3
1016 2672 1139 2704 tandem

254 2724 415 2759 Antiocheae
428 2747 438 2764 ‚
461 2720 635 2767 priusquam
648 2722 667 2752 ιὶ
676 2719 707 2762 se
723 2723 823 2754 nzutuo
836 2722 1049 2754 divellerentur
1058 2745 1068 2760 ‚
1098 2723 1141 2754 ad

250 2774 324 2827 [uas
343 2773 464 2817 fingult's
477 2777 617 2806 civitates
632 2770 820 2804 redeuntibus
834 2796 841 2804 .
869 2769 962 2804 Errat
973 2770 1056 2805 hanc
1067 2770 1138 2804 An-

255 2822 444 2860 tiochenam
470 2820 643 2865 synodum
664 2821 755 2853 fuiffe
767 2823 867 2854 astam
882 2821 1065 2865 priusquam
1079 2821 1096 2854 ὲ
1109 2822 1139 2855 se

255 2874 374 2912 mutuo
399 2872 646 2907 divellerentur.
674 2869 777 2904 Aliud
797 2870 883 2903 enim
907 2872 1051 2906 clamant
1072 2882 1139 2907 vet-

256 2924 319 2960 ba:
347 2926 427 2966 ,ραις
456 2930 552 2964 moper-
568 2921 651 2962 apud
671 2918 853 2952 Antiochiam
867 2920 930 2961 post
953 2920 1076 2960 nostrum
1098 2933 1140 2955 re„

253 2974 376 3025 gressum
400 2975 420 3005 ἃ
445 2973 526 3005 nobis
540 2970 624 3014 saept?
649 2971 824 3011 deprompta
831 2968 918 3012 sunt.
947 2970 1024 3003 Post
1042 2982 1139 3013 quem

257 3025 452 3068 regressum?
481 3021 578 3057 Certe
600 3031 668 3054 non
690 3019 811 3060 alium,
839 3030 937 3068 quam
958 3031 998 3053 ex
1011 3019 1140 3064 Epheso

258 3075 289 3106 ἀ
303 3072 516 3106 Chalcedone
535 3071 575 3105 ad
587 3069 714 3114 propria
725 3093 733 3102 .
761 3069 893 3112 Insuper
904 3079 977 3103 ante
988 3070 1084 3103 istum
1095 3082 1141 3108 re-

260 3124 397 3166 gressum
411 3124 482 3155 afftae-
494 3115 619 3163 Synod'i
632 3131 698 3154 non
711 3129 803 3153 etant
816 3129 958 3162 nuperae.
986 3118 1141 3153 Theodo-

258 3169 344 3210 {retus
367 3173 466 3214 igitur
491 3172 596 3214 palam
624 3171 692 3214 agit
703 3170 743 3203 de
758 3169 1067 3212 praesentiSynodo.
1098 3170 1141 3204 Et

259 3220 295 3254 in
319 3221 385 3261 ipsa
410 3220 595 3254 orientales
620 3218 791 3254 manifeste
823 3219 1011 3254 recesserunt
1035 3218 1052 3251 ὲ
1079 3220 1142 3253 suis

260 3268 345 3314 apud
376 3268 538 3311 Ephesum
567 3293 577 3309 ‚
604 3268 850 3303 Chalcedonem
876 3295 887 3310 ‚
914 3279 951 3302 ac
978 3268 1141 3302 Tharsum

261 3317 558 3363 conjurationibus.
586 3317 660 3349 Istic
671 3319 757 3351 enirn
769 3317 1012 3361 pertinacissime
1030 3319 1138 3362 conju-

262 3366 541 3437 r-arasntJCytillum
554 3391 565 3407 ‚
591 3365 711 3406 etiamsi
724 3370 883 3410 poenitens
895 3369 948 3411 sua
957 3366 1138 3403 anathema-

1382 65 1389 107 Ι

700 198 1028 248 VAmoRuM
1062 192 1216 246 Parti
1237 192 1312 244 ὐΜ
1346 197 1669 264 Erus-rot&

1225 285 1338 332 tizaret
1362 284 1513 336 Capitula
1524 310 1537 328 ,
1562 299 1730 332 nunqnam
1740 288 1912 328 admittere
1920 291 1957 327 in
1968 290 2102 338 Episco-

1224 337 1330 379 palem
1340 337 1611 379 communionem
1634 351 1643 370 :

1224 385 1406 429 admittunt
1418 411 1426 418 .
1454 387 1546 421 Nota
1559 386 1672 421 verba:
1700 387 2061 440 XpudAnriocbtamsaepe
2079 397 2102 429 ἂ

1670 340 1773 386 Qod
1801 340 1856 376 hic
1883 343 2045 387 spondent
2065 344 2101 379 δε

1225 436 1307 470 nobis
1319 438 1492 482 deprompta
1502 435 1588 482 fimt.
1622 437 1766 482 Edicunt
1775 441 2022 485 omnia-synodi
2034 446 2101 479 De,

1223 497 1307 531 creta
1320 487 1410 532 fuisse
1421 487 1542 533 agitata
1553 488 1586 522 &
1598 488 1748 523 conclusa
1761 488 1845 535 apud
1863 488 1987 526 Antioc
2010 493 2077 529 iam
2087 520 2098 540 ,

1223 536 1344 582 &inde
1354 561 1365 577 ,
1390 536 1615 583 confirmanda
1638 537 1724 583 apud
1734 538 1898 585 Acacium
1904 563 1917 588 ρ

1223 586 1287 630 lata
1306 585 1505 633 Berrhaeam7
1577 591 1581 599 “
1656 587 1662 594 ’

1947 577 1962 600 ⁷:
1982 541 2101 580 iffede-

1463 871 1725 929 CAPUT
1761 875 1858 926 LV.

1954 894 2096 953 „143

1218 1061 1386 1127 Epistola
1433 1063 1567 1110 Sanc‘li
1613 1067 1746 1110 Aeacii
1792 1063 1971 1132 Episcopi
2003 1071 2102 1116 Der.

1286 1128 1389 1180 rhaeae
1422 1130 1474 1177 ad
1508 1130 1771 1178 Alexandrum
1811 1134 2030 1201 Hierapoliq

1449 1216 1581 1255 tanum
1614 1198 1863 1276 Epssopum‹
1929 1203 1936 1208 ’
2092 1210 2094 1212 ’

1313 1378 1406 1414 Ediit
1421 1380 1462 1415 ab
1485 1380 1686 1415 Alexandria
1708 1393 1778 1417 non
1801 1381 1987 1418 Aristolaus
2005 1407 2018 1425 ,
2044 1395 2100 1428 per

1339 1430 1453 1464 omnia
1465 1429 1774 1467 Admirandissimus
1798 1433 1832 1467 δε
1845 1432 2101 1468 fidiffimusTti-

1211 1478 1316 1513 bunus
1342 1491 1442 1523 atque
1460 1480 1619 1516 Notarius
1632 1506 1643 1522 ‚
1670 1483 1723 1517 sed
1738 1482 1969 1517 Nobiliffimus
1990 1484 2100 1528 Magi-

1210 1529 1344 1563 strianus
1362 1530 1550 1570 Maximus,
1581 1531 1726 1574 quicum
1737 1544 1777 1567 eo
1789 1532 1835 1567 est
1849 1556 1857 1564 .
1882 1533 1988 1567 Hunc
2005 1535 2099 1568 enim

1208 1578 1327 1612 direxit
1340 1577 1380 1612 ad
1393 1591 1453 1614 nos
1466 1603 1477 1620 ,
1503 1579 1702 1616 deferentem
1728 1583 1763 1617 &
1778 1582 1874 1627 ipsius
1890 1581 2012 1617 litteras
2026 1607 2037 1625 ‚
2061 1583 2098 1619 δε

1210 1627 1400 1662 83ηᾶἱῶῑηὶ
1417 1629 1571 1673 Episcopi
1584 1630 1726 1673 Cyrilli.
1754 1632 1799 1665 Et
1824 1632 2006 1675 Episcopus
2027 1632 2099 1675 qui-

1206 1677 1282 1712 dem
1295 1678 1351 1722 qui
1365 1678 1480 1713 Romae
1490 1679 1536 1713 est
1552 1704 1564 1720 ,
1588 1691 1690 1714 unam
1704 1681 1746 1715 ad
1758 1692 1812 1715 me
1825 1680 1946 1724 scripsit
1967 1680 2097 1724 Episto-

1208 1727 1295 1770 lam,
1322 1728 1529 1763 Alexandriae
1540 1727 1617 1764 veto
1631 1738 1694 1764 tres
1721 1730 1773 1765 vel
1784 1739 1949 1774 quatuor,
1975 1740 2016 1764 ex
2027 1730 2098 1775 qui-

1208 1777 1266 1811 bus
1289 1779 1385 1812 unius
1411 1779 1624 1823 Rescriptum·
1641 1788 1703 1814 tua:
1717 1779 1938 1826 Religiositati
1964 1779 2095 1815 direxi.

1206 1827 1240 1859 Si
1251 1827 1357 1871 igitur
1369 1829 1517 1871 possibile
1531 1829 1577 1863 est
1589 1853 1601 1869 ,
1627 1830 1859 1873 fatigationem
1870 1832 1970 1874 usque
1981 1830 2022 1865 ad
2034 1841 2096 1865 nos

1206 1877 1324 1920 facies3
1351 1877 1373 1910 si
1387 1877 1486 1918 vero,
1513 1878 1592 1912 sicut
1604 1878 1748 1922 scripsisti
1760 1903 1772 1920 ,
1799 1880 2025 1923 nuncusque
2043 1890 2098 1923 pe·

1205 1924 1301 1960 dibus
1319 1926 1411 1963 doles
1424 1952 1436 1968 ,
1463 1923 1639 1972 inspiciens
1659 1929 1780 1964 litteras
1801 1929 1878 1964 Deo
1895 1927 2095 1964 Amioiffimi

1206 1976 1361 2021 Episcopi
1374 1977 1496 2020 Cyrilli
1508 2002 1520 2018 ,
1544 1979 1794 2022 &cognoscens
1811 1988 1932 2022 quanta
1959 1980 2034 2013 usus
2054 1979 2094 2013 fit

1204 2025 1344 2064 acribia,
1384 2027 1420 2060 in
1434 2027 1512 2062 fidei
1524 2029 1620 2062 causa
1632 2028 1773 2063 scribens
1796 2027 1837 2064 ad
1857 2040 1942 2069 nos,
1967 2029 2096 2073 acquie-

1204 2073 1254 2104 sce
1274 2071 1315 2105 ad
1333 2083 1392 2112 ea,
1420 2085 1490 2116 quae
1513 2086 1574 2108 nos
1593 2078 1801 2111 rescribemus
1823 2090 1899 2113 cum
1911 2079 2069 2113 Concilio
2081 2102 2095 2119 ‚

1206 2122 1281 2155 Deo
1293 2121 1495 2159 Amiciffimi
1518 2132 1615 2168 atque
1635 2127 1826 2160 Sanffiffimi
1847 2127 1982 2169 Joannis
2007 2127 2095 2172 Epi-

1205 2170 1313 2214 scopi,
1341 2171 1502 2213 &Pauli,
1527 2183 1565 2208 ac
1584 2174 1783 2217 reliquorum
1796 2199 1808 2216 ,
1833 2175 2092 2218 quiAntiochiae

1205 2221 1320 2264 reperti
1333 2222 1453 2256 fuerint
1462 2222 1605 2256 Domini
1618 2223 1788 2267 Episcopi.
1816 2223 1926 2268 Ipsum
1939 2226 2014 2262 veto
2025 2226 2094 2262 Rea

1180 2268 1181 2274 ’
1205 2270 1359 2312 scriptum
1380 2271 1524 2315 epistolae
1553 2272 1630 2306 cum
1661 2272 1708 2307 eis
1735 2273 1850 2308 litteris
1871 2274 2031 2310 destinavi
2056 2276 2092 2311 δε

1205 2321 1357 2355 Domino
1368 2332 1444 2356 meo
1453 2345 1464 2362 ,
1493 2323 1571 2358 Deo
1579 2321 1788 2357 Amiciffimo
1798 2323 1963 2367 Episcopo
1975 2324 2092 2359 Theo-

1204 2369 1344 2410 doreto,
1371 2381 1491 2415 rogans
1514 2383 1613 2412 eum,
1640 2383 1677 2407 ut
1689 2374 1801 2408 veniat
1825 2374 1927 2416 usque
1946 2374 1988 2408 ad
2008 2385 2086 2408 nos.

1227 2420 1356 2453 iautem
1376 2421 1530 2454 retinetur
1540 2420 1585 2454 ob
1596 2420 1683 2461 hoc,
1710 2421 1798 2466 quod
1819 2422 1899 2457 illuc
1922 2423 2089 2467 advenerit

1205 2469 1547 2514 Magnificentiffimus
1558 2470 1716 2516 Magister
1725 2470 1860 2505 Militiae
1871 2497 1882 2513 ,
1909 2470 2027 2508 scribat
2047 2472 2090 2508 ad

1206 2530 1265 2553 nos
1275 2543 1287 2560 ‚
1316 2519 1390 2563 quia
1399 2520 1563 2554 consentit
1573 2522 1613 2555 ad
1623 2531 1659 2555 ea
1671 2545 1683 2560 ,
1706 2533 1780 2564 quae
1791 2532 1852 2556 nos
1871 2520 2067 2557 definiemus
2076 2546 2088 2563 ,

1203 2570 1236 2603 &
1249 2579 1317 2612 quae
1329 2568 1370 2602 ad
1382 2568 1616 2602 Alexandriam
1637 2569 1845 2604 rescribemus
1859 2595 1867 2603 .
1894 2571 2088 2607 Profundis-

1203 2618 1287 2651 fimae
1298 2626 1408 2650 autem
1435 2616 1575 2650 ene-{tuti
1589 2618 1701 2652 nostrae
1721 2628 1757 2652 ut
1767 2620 1905 2662 parcatis
1918 2644 1929 2660 ,
1955 2621 2062 2664 quaeso
2073 2633 2083 2653 z

1203 2668 1234 2701 &
1246 2665 1328 2700 detis
1341 2608 1475 2750 maffia]
1501 2665 1566 2700 hoc
1588 2667 1730 2702 maxime
1740 2669 1871 2713 agenti,
1897 2678 1935 2703 ut
1949 2668 2016 2705 hoc
2027 2681 2086 2706 no·

1204 2716 1251 2750 bis
1262 2716 1383 2750 auferat
1424 2716 1644 2760 opprobrium
1654 2740 1667 2758 ,
1692 2718 1727 2752 &
1738 2717 1778 2752 ad
1789 2718 2010 2754 differentiam
2032 2720 2085 2755 in-

1204 2764 1380 2801 tolerabilis
1403 2764 1507 2800 laesio.
1533 2765 1628 2800 Scitis
1650 2767 1760 2809 enim,
1786 2768 1863 2812 quia
1884 2769 1918 2802 in
1930 2769 2085 2806 omnibus

1206 2816 1373 2851 vobiscum
1397 2816 1467 2850 sum
1491 2815 1723 2851 incondustus:
1751 2817 1796 2851 Et
1811 2819 1893 2861 ,quia
1904 2818 1939 2854 in
1953 2818 2084 2864 Epheso

1203 2866 1337 2910 quidem
1350 2866 1427 2900 Deo
1437 2865 1658 2900 Amiciffimus
1669 2867 1772 2902 Paulu
1809 2867 1990 2913 Episcopus
2011 2869 2084 2905 sub-

1204 2916 1323 2960 scripsit
1343 2926 1401 2957 pro
1423 2926 1476 2949 me
1489 2940 1496 2948 .
1523 2916 1597 2960 Ego
1619 2916 1697 2951 vero
1710 2916 1726 2957 ‚'
1746 2918 1768 2951 si
1793 2926 1829 2951 ut
1843 2918 2014 2962 allegatis,
2038 2918 2083 2954 ad

1203 2967 1292 3011 pium
1303 2965 1535 3008 Imperatorem
1547 2966 1691 3001 nostrum
1703 2967 1799 3002 retuli
1808 2977 1864 3011 per
1876 2967 2057 3011 Epistolam
2068 2993 2081 3009 ‚

1203 3027 1239 3051 ut
1250 3015 1436 3053 haereticum
1454 3027 1716 3052 commemorans
1737 3017 1813 3052 Deo
1835 3016 2081 3053 Amiciffimum

1205 3066 1399 3111 Episcopum
1412 3064 1578 3108 Cyrillum
1588 3090 1600 3107 ‚
1626 3068 1683 3110 qui
1704 3067 1738 3107 ὃς
1750 3066 1956 3111 reprehendit
1967 3079 2028 3103 nos
2043 3067 2080 3103 in

1204 3115 1270 3157 his,
1297 3126 1367 3159 quae
1380 3114 1420 3148 ad
1434 3127 1493 3149 nos
1506 3116 1623 3160 scripsit
1634 3117 1668 3150 in
1680 3117 1819 3160 praesenti
1829 3142 1840 3158 ,
1865 3116 2080 3162 quodammo-v

1203 3166 1248 3200 do
1268 3165 1525 3201 submurmurans
1546 3191 1558 3207 ,
1585 3166 1674 3210 quod
1696 3167 1738 3202 de
1759 3169 1831 3211 ipso
1856 3175 2014 3212 tanquam
2035 3167 2079 3203 do

1203 3215 1366 3250 Haeretico
1374 3215 1504 3251 fecerim
1518 3217 1722 3252 mentionem
1737 3217 1771 3251 in
1783 3216 1853 3259 his,
1879 3229 1948 3262 qua:
1964 3216 2006 3252 ad
2016 3217 2077 3252 Im-

1202 3275 1380 3309 peratorem
1393 3265 1632 3303 Sereniffimum
1644 3278 1699 3311 per
1710 3265 1833 3302 litteras
1852 3268 1948 3302 retuli
1960 3293 1967 3301 .
1995 3268 2075 3304 Om-

1201 3326 1277 3349 nem
1289 3339 1300 3355 ³
1327 3326 1396 3358 ‘1⁰ae
1408 3323 1513 3348 tecum
1524 3316 1568 3350 est
1578 3341 1590 3357 ‚
1617 3317 1861 3355 Fraternitatenn
1871 3328 1934 3364 ego
1945 3342 1957 3360 ‚
1973 3317 2007 3351 δε
2016 3314 2073 3358 qui

1204 3376 1331 3405 mecum
1342 3365 1433 3411 sunt2
1462 3365 1649 3406 salutamus.

1412 3429 1413 3432 ¹
1886 3414 2024 3456 SCHQ³
