2320 3730
605 214 911 266 sonorus,
951 223 1012 252 ετ
1047 205 1235 251 Nous
1274 213 1661 250 ltinsruavr..

1880 218 1975 271 167

212 308 287 341 quos
296 293 465 338 confidentia
489 296 590 325 mixta
600 303 657 325 non
666 300 785 334 poterat
799 317 810 333 ‚
833 290 942 335 saltem
946 289 1097 335 sententia
1165 285 1311 321 tentibus
1329 310 1341 327 ,
1365 284 1538 321 claudebat
1559 288 1774 330 recuperandi
1800 289 1939 328 honoris
1963 319 1974 335 ,
2000 305 2039 331 ac

207 346 380 391 fiparaeret.
408 350 468 378 Hoc
490 343 589 383 vestra
609 345 807 376 Fraternitas
835 341 981 386 sequatur
1003 347 1101 372 exem-

209 399 308 441 plum.
334 396 380 427 Sit
404 401 492 435 caput
505 392 628 436 sceleris
652 403 718 428 cum
741 393 792 428 b'u
806 417 818 432 ‚
843 403 915 435 quos
937 393 1097 432 loquuntur

211 444 364 480 sonodalta
374 445 496 478 statuta
506 467 516 483 ‚
543 445 724 478 damnatum
733 456 748 486 ,-
757 443 869 486 reliqui
882 451 956 482 quos
968 450 1033 475 cum
1047 437 1099 474 hoc

207 493 371 539 sentientes
382 499 415 528 in
438 494 634 529 communione
645 490 842 534 Ecclefiastr'ca
854 500 913 522 non
924 488 1068 525 habemus
1088 510 1099 525 ,

209 547 369 587 ejiciantur
389 545 405 577 ἑ
416 543 591 583 civitatibus
610 541 679 585 suis
692 567 704 583 ,
730 539 805 584 &se
817 545 850 572 in
867 538 960 578 nostro
971 538 1098 580 collegio

209 602 349 630 noverint
372 605 429 627 non
443 593 590 635 futuros,
618 591 675 635 nisi
687 590 846 635 J‘ecundrim
868 587 1097 630 Ecclqei'asticum

212 648 248 679 6·
260 644 491 686 christianorum
512 646 687 685 Principum
699 639 897 681 constiturum
908 663 920 679 ,
946 639 1095 674 damnata

211 706 277 729 cum
291 688 463 731 Auo‘loribus
477 718 489 735 ,
513 691 652 738 Iberisque
664 691 845 731 damnantes
860 714 870 730 ,
891 688 926 732 se
936 688 1095 731 profitean-

210 753 262 781 tur
280 744 449 781 catholicos
468 745 639 780 sacerdotes
662 766 671 774 .
707 742 814 785 ‚Quam
832 739 971 782 formam
1004 743 1094 777 etiam

210 800 290 833 circa
308 807 354 833 eos
374 796 510 833 volumus
520 792 673 834 custodiri,
699 796 751 837 qui
769 796 803 824 in
816 787 1016 832 Ecclefiasticis
1028 799 1093 827 cau-

209 845 249 887 ᾖ]
255 843 471 889 subrependum
481 841 658 883 christianis
673 840 863 884 Principibus
885 840 1071 878 crediderunt
1083 862 1094 878 ,

214 898 250 935 (2¹
270 896 330 933 alio
348 896 450 934 ordine
466 886 581 939 rursu'm
606 890 748 933 Ecclefias
773 899 964 932 occuparunt.
994 892 1090 921 Antio-

212 947 336 985 chenam
355 946 426 983 vere?
438 968 448 984 ,
469 942 499 983 fi
511 942 621 980 ,babeat
642 940 729 985 spem
745 941 927 980 correfflonis
939 964 951 980 ,
976 937 1094 982 Episco-

208 1005 286 1040 pum
298 998 318 1033 a*
330 993 428 1035 vestra
439 997 646 1033 Fraternitate
656 992 792 1030 volumus
801 995 953 1024 conveniri
963 1014 974 1031 ,
1000 996 1033 1027 ut
1043 987 1099 1029 nifi

209 1039 420 1090 'quqsentirnus
432 1065 443 1081 ‚
449 1040 578 1086 senserit
587 1064 598 1080 ,
609 1041 760 1080 novellam,
771 1038 987 1083 blasphemiam
994 1040 1094 1073 eodem

211 1090 346 1136 exemplo
350 1092 467 1135 scripta
482 1089 540 1134 sua
547 1089 717 1133 profeffione
737 1091 961 1131 condemnans,
987 1089 1092 1123 intelli-

205 1154 265 1194 gat
277 1146 315 1181 de
322 1142 354 1187 se
362 1136 475 1185 quoque
483 1138 638 1182 Ecclefiam
647 1163 658 1182 ‚
678 1140 838 1185 quodfidet
849 1139 942 1183 nostre
951 1138 1095 1185 respeo‘lus

210 1202 367 1239 imperat,
393 1194 548 1233 ordinare.
687 1189 692 1191 ’
765 1188 771 1192 “
932 1188 936 1191 ”
983 1189 987 1192 ’

254 1240 411 1289 'Epistola
431 1243 508 1280 data
528 1243 574 1277 esi.
587 1241 702 1277 Idibus
723 1241 877 1282 Martiis,
903 1240 1094 1279 diedecima

208 1297 351 1341 quinta,
377 1292 562 1333 Consulatu
583 1291 674 1332 AEtii
695 1302 733 1327 ac
755 1291 906 1337 Valerii2
929 1302 1020 1329 anno
1041 1290 1096 1323 tri-

208 1345 335 1392 gesimo
357 1344 503 1383 secundo
521 1343 614 1383 istius
635 1343 745 1382 sieculi,
760 1366 772 1383 ,
797 1343 877 1377 feria
903 1343 999 1376 tertia
1025 1339 1095 1383 post

211 1405 360 1441 quartam
377 1392 595 1430 Dominicam
616 1392 879 1440 Qadragefimae
897 1416 905 1425 .
934 1392 986 1431 Eo
1008 1389 1097 1429 enim

210 1457 304 1484 anno
324 1443 448 1483 Pascha
468 1442 604 1479 cadebat
624 1443 660 1477 in
685 1442 774 1483 diem.
797 1442 929 1483 tertiam
954 1440 1096 1486 Aprilis.

211 1495 273 1532 Est
285 1495 493 1538 Rescriptum
514 1493 556 1532 ad
566 1491 770 1535 synodicas,
796 1491 1098 1539 quibusMaximia-

211 1554 277 1585 nus
296 1542 688 1588 constantinopolitanus
712 1543 895 1587 Episcopus
920 1545 980 1577 suae
999 1541 1098 1580 Ordi-

211 1595 361 1634 nationis
384 1593 614 1639 Apostolicam
642 1589 933 1628 confirmationem
966 1602 1099 1638 rogave·

211 1655 283 1687 rat,
309 1641 438 1689 preces,
463 1655 525 1681 uec
538 1654 607 1678 nou
627 1642 874 1681 adrelatiouem
888 1667 900 1685 ,
927 1653 1028 1688 quam
1046 1641 1099 1675 ad·

211 1696 321 1735 sidens
340 1695 372 1730 ei
394 1695 551 1738 Synodus
574 1692 615 1741 de
634 1693 703 1738 ejus
718 1695 845 1731 meritis
869 1694 904 1733 δε
926 1691 1100 1727 virtutibus

212 1748 353 1783 fecerat.
381 1745 464 1780 Haec
476 1744 592 1782 omnia
604 1744 751 1783 Romam
761 1743 946 1783 detulerant
957 1746 1100 1789 Ioannes,

214 1796 392 1840 Presbyter
422 1807 461 1831 ac
486 1795 652 1840 Epictetus
673 1796 846 1831 Diaconus
866 1793 1101 1831 Constantino-

214 1847 371 1891 politanae
380 1846 527 1885 Ecclesiae
538 1857 546 1876 ε
573 1845 720 1880 Romam
730 1845 816 1880 circa
826 1843 971 1880 Domini
987 1842 1075 1877 nativ
1080 1843 1102 1876 i-

216 1906 322 1931 tatem
340 1896 554 1939 appulerant,
579 1893 783 1930 &Pontifex
804 1893 919 1936 addit,
945 1893 1035 1937 quod
1047 1903 1103 1926 eos

216 1947 267 1981 ita
276 1942 423 1980 dimittat
434 1971 445 1987 ,
472 1956 508 1980 ut
521 1944 562 1982 ad
574 1943 696 1980 Pascha
720 1944 847 1989 possent
870 1945 933 1979 effe
944 1943 1102 1979 Constan-

217 1994 366 2040 tinopoli
379 2017 387 2026 -
414 1994 541 2029 Eadem
564 1994 619 2028 die
639 1993 757 2030 similes
781 1995 908 2038 scripsit
929 1993 1051 2028 litteras
1064 1992 1103 2027 ad

217 2044 408 2091 Augustum
418 2043 653 2083 Theodosium
665 2067 676 2084 ‚
701 2055 739 2080 ac
749 2044 791 2081 ad
801 2044 939 2081 clerum
950 2044 985 2078 δε
996 2042 1106 2085 Popu-

215 2095 291 2130 lum
310 2093 724 2138 Constantinopolitanum
736 2117 744 2125 .
772 2094 858 2131 Sunt
872 2090 941 2135 ejus
953 2100 1105 2128 extremae

216 2146 304 2181 eirca
326 2144 411 2182 hanc
430 2144 557 2179 causam
578 2143 712 2184 litterae,
738 2142 820 2179 datae
841 2142 945 2177 tribus
958 2142 1106 2186 septima-

216 2196 271 2230 nis
290 2203 366 2229 ante
387 2194 459 2240 ejus
481 2203 643 2228 mortem.
669 2193 760 2229 Nam
785 2194 874 2229 sexta
897 2190 1046 2235 Aprilis,
1070 2191 1104 2225 in

217 2256 283 2290 qua
295 2253 446 2282 mortuus
457 2240 543 2284 ‚erat
559 2243 637 2276 feria
647 2251 762 2286 quarta
774 2241 845 2287 post
858 2240 982 2276 Pascha
993 2266 1000 2274 .
1028 2241 1103 2284 Epi·

219 2294 304 2329 stola
316 2304 377 2330 nos
401 2292 499 2329 docet
523 2292 629 2329 varia.
655 2291 793 2332 Primo,
820 2291 911 2336 quod
934 2291 994 2328 ista
1015 2290 1106 2327 Con·

218 2343 513 2387 stantinopolitana
539 2341 743 2379 Maximiani
777 2341 932 2386 synodus
964 2339 1107 2378 sanxerit

220 2405 339 2428 omnes
359 2393 404 2428 ab
413 2392 575 2435 Ephesina
599 2390 739 2433 synodo
762 2391 964 2427 nominatim
974 2391 1109 2425 damna·

220 2454 275 2478 tos
287 2442 468 2486 Episcopos.
489 2442 552 2475 esse
560 2438 781 2476 extrudendos
793 2439 812 2475 ὲ
824 2439 890 2476 suis
899 2437 1110 2476 civitatibus:

221 2493 299 2528 Esse
319 2490 562 2538 procedendum
582 2490 623 2525 ad
641 2490 874 2527 executionem
896 2514 904 2522 .
933 2487 1111 2535 Singulari-

222 2553 272 2579 ter
281 2537 502 2579 extrudendos
515 2538 728 2575 Dorotheum
740 2563 753 2580 ,
780 2538 977 2574 Eutherium
992 2563 1003 2581 ,
1030 2538 1110 2572 Hel-

221 2592 351 2627 ladium
376 2615 389 2632 ,
414 2602 452 2626 ac
479 2588 671 2626 Himerium
697 2613 705 2621 .
732 2587 978 2624 Anthenticum
1017 2587 1111 2632 hujus

221 2639 636 2679 sanstionistestimonium
658 2638 743 2674 infra
755 2637 960 2673 videbimus.
992 2639 1111 2675 Secun-

221 2692 291 2733 do,
319 2691 410 2736 quod
432 2690 491 2727 ista
505 2688 662 2734 synodus
680 2686 746 2724 hoc
756 2688 938 2726 Decretum
965 2689 1110 2723 retulerit

222 2741 384 2777 Pontifici
403 2765 414 2781 ,
440 2740 627 2786 supplicans
645 2740 834 2775 confirmari
857 2765 865 2774 .
892 2739 946 2774 Ex
968 2749 1037 2781 quo
1061 2739 1110 2775 vi-

222 2793 283 2828 des
302 2816 314 2833 ,
339 2790 430 2836 quod
455 2790 496 2826 ad
523 2788 682 2836 generalis
706 2788 854 2833 Synodis
879 2791 1012 2825 sancita
1037 2800 1108 2824 exe-

223 2842 357 2888 quenda
367 2853 437 2877 non
450 2839 682 2886 praesumpserit
693 2839 761 2875 sine
774 2840 841 2884 ejus
861 2839 945 2886 jussu
958 2839 1109 2885 procede-

223 2905 278 2929 re.
306 2893 351 2927 Et
362 2890 454 2937 quod
473 2890 531 2927 ista
542 2890 695 2931 Sancita,
720 2890 796 2927 licet
817 2902 875 2936 per
897 2889 1110 2935 Apostolicos

224 2944 372 2987 Legatos
382 2941 519 2977 condita
528 2966 539 2983 ,
565 2940 625 2976 ista
636 2940 790 2977 firmitate
800 2941 943 2978 omnino
953 2941 1106 2988 indigue-

224 2993 314 3026 rint.
349 2991 469 3029 Tertio
487 3017 498 3034 ,
524 2989 614 3038 quod
641 2990 827 3028 Celestinus
850 3003 989 3028 omnem
1016 2992 1107 3027 istius

225 3042 365 3078 Decreti
389 3041 599 3078 latitudinem
618 3043 812 3078 confirmare
829 3043 993 3078 noluerit:
1020 3043 1108 3079 Cen-

226 3092 292 3126 suit
302 3101 419 3128 omnes
438 3092 480 3126 ad
492 3090 684 3127 Nestorium
702 3092 825 3137 lapsos,
850 3094 886 3131 ἀ
899 3093 986 3139 apud
999 3092 1108 3138 Ephe·

227 3143 301 3176 sum
321 3141 495 3178 damnatos
506 3142 682 3187 Episcopos
703 3153 773 3178 non
783 3142 1031 3181 extrudendosa
1044 3144 1108 3178 suis

227 3190 381 3227 Thronis
394 3216 405 3232 ,
430 3201 487 3227 aut
498 3191 708 3228 secludendos
732 3192 774 3230 ab
785 3196 880 3229 omni
890 3196 944 3240 spe
957 3194 1058 3230 veniae
1069 3205 1106 3228 ac

227 3242 459 3287 reparationis.
487 3242 626 3277 Censuit
642 3242 820 3280 Decretum
830 3245 914 3282 istud
937 3246 999 3281 esse
1012 3244 1106 3279 nimii

227 3293 345 3338 rigoris
355 3318 366 3334 ,
384 3294 419 3328 &
431 3292 589 3328 adversari
601 3293 741 3338 antiquo
752 3294 883 3331 Canoni
893 3321 905 3338 ,
915 3306 1013 3343 quem
1023 3295 1105 3332 olim

227 3352 273 3377 ex
296 3343 413 3389 Magni
434 3342 606 3378 Athanasii
628 3344 719 3380 suasu
739 3345 932 3382 condiderat
952 3346 1106 3381 Romana

1164 347 1274 379 patere
1305 336 1510 381 permittebat
1543 336 1646 373 solam
1667 337 1774 372 Laicae
1793 343 2040 379 communionis

1164 385 1300 428 Januam
1311 413 1324 429 ,
1348 396 1444 433 atque
1465 385 1507 424 ad
1517 387 1602 431 ipsos
1613 387 1706 430 lapsis
1719 387 1888 433 Episcopis
1901 404 1955 427 aut
1967 395 2042 429 Cle-

1161 435 1237 472 ricis
1255 448 1312 480 per
1334 437 1564 482 poenitentiam
1581 437 1747 482 aperiebat
1766 439 1881 474 omnia
1901 464 1909 472 .
1937 442 2042 478 Hunc

1163 485 1338 524 Canonem
1351 488 1534 525 Celestinus
1553 487 1716 525 observari
1737 490 1843 523 voluit
1854 488 1952 523 etiam
1965 502 2042 536 erga

1161 536 1377 577 Nestorianos
1400 564 1407 574 .
1436 539 1479 573 Et
1497 539 1630 584 quidem
1648 550 1725 574 cum
1749 539 1861 585 aliqua
1885 541 2043 576 extensio-

1160 596 1220 619 ne:
1247 588 1378 631 Nempe
1387 589 1428 624 ad
1441 589 1534 629 illos,
1557 601 1632 632 quos
1644 591 1764 632 proprie
1789 602 1857 627 cum
1869 590 2041 626 auo‘i‘oribus

1159 635 1262 676 ber-fis
1278 637 1387 676 constat
1398 646 1527 674 omnium
1545 640 1684 683 fratrum
1691 639 1904 685 subscriptione
1918 642 2046 676 damna-

1157 693 1221 719 tos.
1251 688 1329 722 Erat
1344 712 1355 728 ‚
1382 689 1416 722 &
1429 702 1498 724 non
1520 702 1588 726 erar
1608 693 1773 727 extensio.
1802 691 1938 728 Etenim
1959 691 2046 734 apud

1159 734 1327 779 Ephesum
1349 736 1436 771 solus
1455 739 1627 775 Nestorius
1650 742 1698 777 ita
1724 742 1898 778 damnatus
1921 742 2045 778 fuerat.

1158 786 1203 824 Et
1226 785 1321 821 istam
1341 787 1553 822 clementiam
1571 793 1633 825 esse
1658 791 1861 827 utilissimam
1881 792 2044 827 Pontifex

1158 836 1361 875 demonstrat
1382 837 1537 881 exemplo
1561 837 1815 885 Pelagianorum
1836 867 1848 884 ,
1873 853 1957 886 quos
1982 842 2048 886 ipse

1157 885 1369 923 damnaverat
1379 912 1390 929 ,
1402 899 1441 922 ac
1451 885 1546 922 Italia
1557 888 1711 931 ejecerat.
1740 894 1874 931 Horum
1885 893 2015 937 aliquot
2036 915 2047 934 ‚

1158 934 1234 971 licet
1254 936 1295 972 ad
1317 936 1491 981 Synodum
1513 940 1762 983 provocassent,
1788 944 1878 979 acab
1890 944 1957 988 ipsa
1977 944 2044 988 spe-

1159 988 1276 1026 raffent
1287 987 1391 1027 multa
1401 1012 1414 1029 ,
1439 998 1538 1030 atque
1549 989 1595 1023 ita
1606 989 1869 1033 contempsissent
1881 994 2044 1034 poeniteu-

1159 1038 1240 1072 tiam
1259 1063 1271 1079 ,
1305 1038 1373 1082 jam
1393 1037 1545 1078 redibant
1571 1038 1613 1074 ad
1636 1049 1783 1076 mentem
1803 1051 1813 1072 :
1839 1039 1972 1087 Utique
1994 1043 2041 1080 ob

1160 1088 1254 1128 istam
1270 1088 1484 1129 clementiam
1499 1115 1507 1122 .

1209 1139 1365 1188 Qum,
1390 1139 1553 1175 Pontifex
1580 1140 1719 1176 affirmat
1740 1138 1828 1176 hanc
1846 1140 2057 1176 clementiam

1159 1191 1223 1225 esse
1235 1202 1302 1225 non
1316 1189 1490 1226 dumtaxat
1505 1188 1671 1227 indu-stam
1684 1190 1702 1225 a
1715 1190 1869 1226 Romana
1891 1189 2033 1226 Ecclesia
2045 1214 2058 1232 ,

1162 1238 1216 1275 sed
1228 1242 1357 1285 insuper
1370 1252 1426 1285 per
1439 1241 1627 1284 imperiales
1646 1243 1733 1288 leges
1743 1241 1922 1277 stabilitam
1932 1266 1944 1283 ,
1969 1239 2059 1275 ideo-

1160 1301 1224 1339 que
1247 1302 1315 1325 nou
1338 1292 1429 1335 posse
1441 1302 1509 1326 nou
1524 1292 1659 1326 servari.
1689 1291 1842 1341 Quoto,
1869 1291 1960 1335 quod
1978 1290 2060 1327 redi-

1161 1341 1224 1376 turi
1237 1340 1255 1376 ὲ
1267 1340 1414 1380 Nestorii
1428 1341 1501 1376 luto
1515 1341 1670 1387 Episcopi
1687 1342 1853 1380 debebunt
1866 1343 1972 1386 ipsum
1982 1352 2061 1377 cum

1163 1392 1222 1427 suo
1234 1391 1393 1436 dogmate
1403 1391 1681 1431 anathematizare
1692 1417 1704 1435 ,
1730 1395 1880 1439 atqueita
1891 1391 1982 1429 reddi
1995 1391 2060 1426 suis

1164 1442 1334 1478 Ecclesiis.
1362 1442 1462 1481 Sexto
1483 1444 1574 1489 quod
1598 1444 1655 1479 ista
1673 1444 1823 1488 profeffio
1833 1443 1926 1488 exigi
1936 1455 1974 1477 ac
1985 1452 2061 1486 prae-

1163 1492 1236 1527 stari
1259 1492 1376 1528 debeat
1396 1495 1498 1532 etiam
1508 1494 1551 1529 ab
1562 1493 1835 1539 illisEpiscopis,
1859 1494 1921 1537 qui
1934 1491 2061 1527 Princi-

1163 1544 1197 1588 pi
1219 1543 1450 1588 obrepserant,
1475 1556 1514 1579 ac
1537 1555 1592 1589 per
1611 1544 1680 1589 ejus
1704 1544 2062 1582 laicamaustoritatem

1164 1604 1351 1638 receperant
1371 1595 1442 1630 suas
1464 1594 1624 1630 Ecclesias
1637 1619 1644 1627 .
1674 1595 1841 1638 Loqu'itur
1867 1595 1909 1628 de
1931 1594 2062 1636 Ioanne

1165 1643 1385 1680 Antiocheno
1399 1668 1412 1686 ‚
1434 1644 1572 1688 aliisque
1591 1654 1669 1679 cum
1690 1645 1762 1688 ipso
1782 1642 1869 1688 apud
1896 1640 2061 1685 Ephesum

1164 1693 1328 1730 damnatis
1353 1695 1547 1738 Episcopis,
1574 1704 1659 1738 quos
1683 1693 1726 1729 ad
1748 1694 1877 1738 propria
1887 1691 2062 1727 dimittens

1165 1744 1346 1789 Imperator
1365 1742 1580 1782 Theodosius
1599 1743 1759 1787 judicarat
1777 1743 1998 1780 Orthodoxos
2022 1753 2061 1777 ac

1168 1796 1352 1833 innoxios,
1378 1793 1520 1839 ideoque
1543 1795 1671 1837 jusserat
1686 1795 1788 1838 recipi
1809 1794 1845 1827 in
1858 1795 1928 1827 suas
1938 1793 2057 1827 Sedes,

1167 1843 1280 1881 Etiam
1301 1843 1364 1878 hos
1375 1843 1465 1888 Papa
1477 1842 1548 1877 vult
1559 1843 1714 1887 compelli
1738 1844 1780 1878 ad
1791 1843 1887 1878 istam
1898 1842 2062 1887 profeffio-

1169 1903 1245 1928 nem
1264 1919 1272 1926 .
1300 1892 1427 1928 Eadem
1448 1893 1583 1930 tandem
1618 1893 1796 1929 clementia
1833 1894 1961 1928 trastari
1989 1892 2060 1929 vult

1170 1944 1340 1988 praesatum
1360 1942 1462 1978 etiam
1473 1943 1636 1987 Ioannem
1646 1968 1656 1984 ‚
1684 1944 1762 1978 licet
1776 1944 1924 1978 factionis
1935 1952 2034 1986 caput
2047 1966 2061 1984 ‚

1169 1993 1364 2030 damnatum
1379 1992 1534 2028 omnium
1549 1992 1710 2038 suffragiis
1722 2017 1729 2024 .
1756 1993 1847 2040 Qia
1859 1991 1975 2036 nempe
1989 2003 2058 2026 non

1170 2051 1302 2086 propter
1317 2041 1462 2076 haerelim
1482 2042 1658 2078 damnatus
1678 2044 1783 2079 fuerat
1808 2066 1819 2084 ,
1845 2042 1901 2077 sed
1928 2052 2057 2089 propter

1173 2091 1410 2129 turbulentiam
1431 2092 1467 2126 &
1481 2093 1747 2128 contumaciam.

1220 2141 1416 2193 Apostolica
1427 2141 1495 2177 haec
1507 2143 1657 2186 Epistola
1671 2144 1762 2178 venit
1773 2143 1999 2179 Constantino
2004 2155 2060 2188 po-

1172 2193 1231 2228 lim
1244 2193 1331 2228 circa
1341 2190 1466 2226 Pascha
1478 2217 1490 2234 ,
1514 2194 1548 2226 ἀ
1560 2194 1645 2227 circa
1657 2193 1745 2227 idem
1753 2204 1883 2237 tempus
1892 2194 2059 2231 emanavit

1173 2244 1300 2287 praefata
1311 2241 1477 2285 Principis
1493 2241 1612 2285 juffio,
1645 2243 1747 2277 etiam
1769 2242 1855 2276 nihil
1867 2243 1956 2289 exigi
1969 2253 2058 2278 man-

1171 2292 1253 2328 dans
1274 2291 1552 2328 abOrientalibus
1575 2292 1763 2337 Episcopis,
1794 2292 1850 2327 nisi
1871 2292 2057 2329 damnatio-

1174 2354 1250 2377 nem
1277 2342 1425 2377 Nestorii
1451 2354 1530 2377 cum
1554 2342 1619 2378 suis
1641 2342 1854 2388 dogmatibus
1874 2357 1882 2377 ι
1910 2343 2057 2379 Proinde

1175 2391 1243 2425 haec
1263 2391 1371 2434 palam
1395 2391 1564 2436 desumpta
1576 2393 1622 2428 est
1643 2394 1767 2427 existis
1789 2393 1920 2428 litteris.
1950 2393 2056 2428 Pone

1178 2439 1326 2484 Epistola
1349 2439 1449 2477 habet
1471 2440 1562 2477 huuc
1581 2442 1734 2477 titulum:
1763 2443 1923 2483 celestinus
1936 2443 2057 2487 Eptsio-

1175 2499 1233 2535 pus
1253 2488 1362 2525 Sanbla
1385 2491 1497 2531 synodo
1517 2492 1602 2534 apud
1622 2491 1778 2539 Ephesiam
1796 2492 1956 2533 constitutae
1969 2519 1977 2526 .
2009 2496 2056 2528 At

1178 2538 1255 2576 vero
1274 2540 1350 2575 data
1367 2540 1486 2577 eodem
1510 2541 1564 2575 die
1583 2541 1623 2576 ad
1638 2542 1826 2586 Principem
1850 2544 1995 2587 Epistola
2015 2544 2060 2579 fic

1180 2589 1392 2626 inscribitur:
1425 2589 1560 2632 Eptstola
1584 2591 1724 2630 Celestlni
1748 2596 1846 2636 Papae
1867 2595 1912 2629 ad
1930 2593 2060 2629 Theodo-

1169 2640 1244 2685 fium
1261 2640 1325 2684 post
1335 2641 1478 2680 synodum
1495 2665 1503 2674 .
1531 2641 1658 2677 Eadem
1673 2642 1858 2687 Epigraphe
1879 2646 2058 2688 apponitur

1177 2690 1380 2736 Apostolicis
1389 2690 1506 2726 litteris
1518 2691 1559 2726 ad
1574 2691 1819 2729 Maximianum
1836 2694 2035 2738 Episcopum
2045 2720 2058 2737 ,

1176 2754 1214 2776 ac
1235 2742 1350 2777 litteris
1368 2741 1410 2776 ad
1432 2740 1843 2787 constantinopolitanum
1864 2744 1999 2779 Clerum
2020 2756 2057 2780 ac

1176 2792 1362 2837 Populum.
1393 2790 1503 2828 Prima
1527 2792 1674 2837 Epistola
1697 2793 1743 2828 est
1768 2795 1881 2838 scripta
1905 2795 1945 2829 ad
1971 2795 2057 2830 solos

1176 2843 1298 2887 septem
1319 2840 1483 2886 Ephefinae
1505 2843 1633 2887 synodi
1658 2844 1802 2889 Legatos
1821 2844 1907 2887 apud
1932 2845 2056 2880 Princi-

1175 2903 1249 2937 pem
1271 2918 1279 2926 .
1306 2892 1356 2928 Hi
1376 2893 1467 2928 enim
1495 2893 1743 2930 Maximianum
1765 2895 2052 2936 consecraverant,

1174 2954 1250 2979 curn
1268 2942 1330 2977 illo
1342 2943 1514 2987 synodum
1535 2945 1676 2978 fecerant
1687 2970 1698 2985 ‚
1723 2945 1756 2979 ὅ(
1767 2945 1921 2979 omnium
1933 2944 2054 2981 horum

1175 2994 1336 3029 Actorum
1350 2995 1537 3030 firmitatem
1559 2995 1578 3029 a
1596 2995 1682 3038 Papa
1696 2994 1954 3038 postulaverant.
1985 2996 2054 3031 Ha-

1173 3043 1310 3080 buerant
1325 3045 1428 3089 plenae
1437 3045 1605 3090 potestatis
1614 3044 1855 3089 delegationem
1864 3044 1881 3078 a
1893 3045 2031 3088 Synodo
2039 3058 2049 3078 z

1174 3094 1267 3131 Hinc
1283 3094 1440 3134 Pontifex
1450 3095 1535 3142 ipsos
1545 3094 1652 3131 adbuc
1662 3095 1838 3141 appellavit
1852 3093 2050 3143 Ephefinum

1173 3145 1385 3182 Concilium.

1222 3198 1335 3232 Altera
1351 3197 1468 3231 harum
1488 3206 1593 3231 rerum
1613 3196 1806 3233 memoriam
1817 3208 1855 3232 ac
1867 3195 2048 3233 elucidatio

1170 3247 1216 3283 est
1239 3248 1274 3282 in
1300 3247 1414 3283 litteris
1425 3247 1509 3281 Sixti
1532 3246 1619 3282 tertii
1642 3247 1816 3284 Pontificis
1837 3246 1877 3296 ad
1892 3248 2047 3284 sanctum

1151 3308 1154 3335 ι
1172 3297 1356 3343 Cyrillum:
1383 3302 1457 3330 Non
1478 3295 1537 3339 est,
1555 3295 1628 3339 ficut
1643 3297 1745 3339 fratri
1769 3297 1985 3342 &Coepiscopo
1997 3309 2047 3330 no-

1152 3346 1225 3387 ·stro
1236 3351 1422 3382 Maximiano
1436 3349 1508 3389 jam
1524 3345 1717 3394 firipfimuss,
1744 3346 1925 3390 etiamipse‚
1950 3348 2047 3390 Joan·

228 3391 374 3430 Ecclesia
397 3419 406 3428 .
434 3394 503 3442 Qli
524 3393 602 3430 solis
622 3393 848 3431 Haeresiarchis
864 3420 876 3439 ‚
902 3396 979 3432 licet
1005 3396 1103 3441 poeni·
1152 3401 1154 3408 ⁴
1173 3409 1230 3432 nes
1253 3397 1484 3434 Antiochenus
1508 3419 1519 3436 ,
1545 3399 1737 3434 redeuntibus
1766 3398 1892 3441 difficilis
1929 3401 2045 3437 aperire

1833 3449 1864 3494 J
1866 3455 1977 3481 anuum
1986 3467 1999 3486 ‚
