2320 3730
613 156 921 210 Senorns,
960 166 1025 196 er
1061 150 1256 198 Nous
1290 144 1681 200 urusqurzr.

236 250 325 276 tores
337 239 456 285 Cyrilli
469 263 481 280 ‚
505 249 544 274 ac
559 239 647 276 initae
658 242 760 287 pacis.
788 240 919 289 Qarto
934 265 944 282 ,
971 240 1048 285 quia
1059 249 1122 272 cre-

234 291 312 325 dere
323 300 390 327 non
398 290 494 333 poffit
505 291 660 327 Proclum
672 294 734 326 eff:
747 290 985 329 Orthodoxum
995 316 1002 323 .
1031 290 1125 336 Quo·

238 340 343 376 modo
359 340 449 375 enim
470 341 509 374 fit
532 342 750 378 orthodoxus
763 367 774 384 ,
802 344 858 387 qui
882 344 1042 386 Joannem
1057 341 1126 373 An-

237 388 432 425 riochenum
442 392 582 435 appellat
592 394 684 436 pium
696 419 707 435 ,
733 394 766 428 δε
776 394 837 437 qui
849 393 957 436 palam
971 392 1125 435 profitea-

237 449 291 474 tur
311 441 402 475 suam
420 443 622 485 Synodrcam
644 445 707 478 effe
728 455 784 489 per
802 443 931 477 Sacram
945 441 1124 484 Juffionem

234 489 395 525 omnibus
406 492 565 528 violenter
587 493 830 529 obtrudendam
842 494 855 527 ?
1077 539 1085 547 ο

289 541 398 575 Sanffi
420 542 531 577 Procli
554 543 789 588 Episcopatum
814 555 853 578 ac
875 540 1121 577 inthronizatio-

236 601 318 625 nem
327 591 413 625 adeo
425 595 587 628 aversatur
599 603 635 628 ut
642 593 800 638 adjungat
810 606 822 626 .-
848 597 936 626 Nam
941 591 972 633 fi
975 592 1039 635 effer
1055 592 1126 624 vere?

236 642 422 675 credendum
432 667 444 682 ,
469 645 551 686 quod
559 646 637 678 idem
647 649 698 679 vir
709 648 746 677 N
747 644 877 684 estorium
885 667 896 683 ,
923 645 984 676 Deo
994 641 1125 681 amiciffl-

238 701 323 724 mum
333 690 511 734 Episcopum
520 719 530 735 ‚
547 693 669 729 baberet
680 692 867 736 Episcopum,
881 694 916 729 (ς
927 694 1050 733 cyrilli,
1075 693 1125 725 de-

237 739 414 783 amorisque
438 742 477 775 ab
489 754 520 777 eo
528 747 668 790 joannis
688 747 918 777 communionem
927 741 1075 786 respueret
1089 750 1124 776 ut

236 790 438 833 diabolicam,
463 804 501 826 ne
517 802 587 826 tunc
605 795 725 835 quidem
743 801 799 835 per
821 799 920 827 omnia
947 793 1124 835 inculpabile

230 838 317 881 foret
327 842 392 881 eius
404 843 632 880 ordinationem
655 849 782 886 recipere
793 867 804 884 ,
829 841 885 884 etfi
900 844 1047 878 multoties
1057 842 1123 873 mll-

234 890 288 922 lies
300 898 373 923 ante
394 889 444 926 boc
452 889 583 937 schisma
604 892 785 937 consecratus
796 894 846 936 esse
858 895 974 927 dicatur
984 918 992 925 .
1020 891 1057 928 N
1058 902 1123 925 ern-

232 937 376 983 pequod
396 939 532 977 Proclus
550 953 627 979 cum
653 944 770 980 Sandio
790 944 922 987 Cyrillo
947 942 1122 984 &Ioanne

233 989 455 1026 Antiocheno
477 991 611 1029 haberet
630 992 929 1033 communionem,
956 991 1053 1033 quam
1066 991 1123 1025 ille

230 1038 387 1071 asseverat
397 1039 462 1072 esse
472 1040 674 1077 diabolicam
684 1066 692 1074 .
722 1040 766 1077 Et
776 1039 866 1076 addit
876 1041 1038 1085 Ioannem
1059 1043 1121 1076 esse

232 1086 367 1129 Cyrillo
378 1086 571 1124 deteriorem
584 1115 592 1125 .
622 1089 728 1127 Porro
743 1091 933 1128 defunctum
944 1092 1131 1126 Maximiaa

231 1146 315 1171 num
326 1137 421 1171 scribi
434 1150 472 1172 ac
482 1135 637 1184 appellari
649 1141 788 1175 Beatum
803 1142 964 1175 aversatur
985 1141 1031 1176 ob
1041 1141 1122 1176 duas

232 1187 343 1221 causas
356 1211 364 1219 .
390 1187 503 1223 Primo
516 1213 528 1230 ,
554 1188 643 1231 quod
656 1191 757 1225 fuerit
769 1192 973 1225 consecratus
983 1191 1001 1227 a
1015 1192 1122 1236 Cyril-

231 1235 269 1268 lo
281 1259 294 1276 ,
319 1234 385 1271 hoc
395 1237 442 1273 est
450 1263 461 1279 ,
472 1237 514 1273 ab
525 1239 694 1282 Ephefinae
705 1240 832 1283 synodi
845 1241 982 1286 Legatis
992 1265 1004 1282 ,
1029 1242 1123 1284 cujus

231 1285 382 1328 Cyrillus
404 1298 474 1322 erat
493 1288 612 1325 Praeses
633 1291 668 1325 &
679 1290 803 1335 Caput.
831 1290 984 1326 Secundo
993 1316 1004 1333 ‚
1031 1293 1121 1337 quod

229 1333 405 1379 Ephefinae
428 1339 556 1381 synodi
582 1340 663 1377 Asta
679 1353 718 1379 ac
728 1341 911 1378 defensores
922 1352 1073 1386 potenter
1085 1345 1120 1381 in

230 1385 388 1422 omnibus
397 1388 568 1434 adjuvisset
580 1417 589 1428 .

401 1576 671 1657 CAPUT
708 1612 915 1660 CXLVI.
954 1629 1120 1676 --234

228 1744 404 1812 'Epistola
431 1745 655 1797 Theodoreti
677 1786 690 1810 ,
723 1751 870 1818 inquit
905 1789 918 1813 ‚
945 1751 1122 1821 Epifiopi

299 1816 354 1864 ad
365 1817 633 1866 Alexandrum
658 1826 739 1868 Deo
753 1821 1035 1888 Amiciſsimum
1064 1828 1122 1871 E-

291 1885 492 1956 pifiopum
504 1925 517 1949 ,
538 1905 607 1958 per
620 1907 734 1956 quam
742 1891 982 1959 figuificavit
993 1931 1006 1954 ,
1028 1893 1122 1960 quod

286 1954 706 2026 ‘Magnificentiffi'mus
734 1967 863 2011 Comes
883 1969 1026 2024 Titus,
1062 1969 1121 2010 (θ’

301 2032 334 2073 S
333 2026 540 2094 anfffiimi
576 2029 766 2079 Monachi
791 2031 1059 2097 insurrexerint
1083 2039 1120 2079 in

299 2116 380 2144 eum
389 2113 457 2165 per
473 2096 647 2159 litteras,
672 2115 855 2166 tanquam
879 2106 943 2168 qui
968 2102 1119 2150 debebat

294 2183 430 2234 pacem
440 2204 454 2226 ,
476 2174 827 2236 communionemque
847 2172 1024 2238 ample&
1035 2177 1119 2219 An-

305 2234 459 2282 tiochem'
482 2242 665 2289 Joanm's.

348 2382 452 2417 Ultas
463 2394 519 2426 per
530 2381 591 2418 hos
602 2383 672 2418 dies
681 2384 817 2419 sustinui
836 2386 1095 2428 perturbationes
1107 2410 1118 2427 ‚

372 2432 555 2474 multasque
575 2432 720 2467 tristitias
741 2458 753 2474 ,
778 2435 887 2478 quales
913 2448 1085 2480 nunquam
1106 2460 1118 2478 ,

229 2491 436 2524 quarumque
445 2482 524 2516 alias
536 2484 776 2525 praetermittatn
791 2498 799 2517 .·
826 2485 931 2520 Venit
943 2486 1117 2521 Admiran-

227 2529 377 2565 diffimus
403 2539 502 2576 atque
523 2531 724 2568 Clariffimus
734 2533 909 2570 Tribunus
923 2536 1118 2572 Euricianus

227 2589 306 2613 cum
327 2581 445 2615 litteris
471 2581 791 2627 Magnificentiffimi
823 2585 858 2619 &
886 2586 1116 2622 Gloriofiffimi

227 2629 377 2665 Comitis
399 2630 499 2672 Titi,
524 2641 593 2666 tam
614 2632 657 2666 ad
677 2634 811 2668 Sanaos
830 2634 1020 2671 Monachos
1045 2638 1118 2672 scri-

228 2679 317 2724 ptis,
341 2681 442 2722 quam
463 2681 504 2715 ad
526 2681 716 2718 Dominum
739 2683 895 2727 Jacobutn
907 2710 919 2727 ,
944 2687 978 2721 δε
998 2687 1115 2723 1)οωὶ-

229 2739 311 2763 num
334 2730 546 2772 Simeonem,
570 2732 606 2766 &
628 2732 815 2769 Dominum
839 2735 1057 2779 Randanum,
1083 2738 1117 2772 ἃ

52 2798 202 2832 Adri-Nor
227 2779 274 2814 ad
291 2790 370 2815 nos.
399 2780 484 2828 Qae
500 2780 616 2816 litterae
638 2782 741 2818 minas
761 2786 1000 2827 continebant,
1027 2797 1065 2822 ut
1092 2788 1114 2821 fi

69 2821 213 2872 Gindam}
228 2840 302 2863 non
325 2831 599 2874 acquiesceremus
618 2832 803 2876 pacificari,
829 2848 908 2871 mox
930 2835 1026 2872 nobis
1046 2848 1114 2881 pro-

55 2880 124 2910 urbs
162 2881 203 2926 in·
228 2879 322 2924 jeffis
333 2880 523 2916 ordinarent
535 2881 618 2916 alios
630 2907 637 2914 .
666 2882 711 2916 Et
721 2884 851 2928 quidem
864 2888 913 2920 rifi
938 2887 978 2922 de
992 2887 1091 2922 minis
1101 2912 1113 2929 ‚

55 2919 215 2989 Cyg‘heff·
230 2930 361 2972 pessime
381 2941 491 2966 autern
514 2942 568 2967 me
589 2932 697 2967 Sansti
719 2932 881 2970 Monachi
901 2937 1089 2972 afflixerunt
1102 2963 1113 2979 ‚

54 2968 92 3028 {²3²
102 2968 215 3030 1322:
232 2980 339 3015 multa
359 2991 419 3024 pro
438 2993 519 3025 pace
538 2991 712 3028 rogantes,
739 2993 777 3018 ut
797 2985 965 3030 culpantes
984 3014 991 3020 .
1020 2990 1111 3023 Dum

53 3038 217 3071 &Pastum
231 3028 313 3063 vero
334 3029 470 3065 irascens
487 3043 552 3077 ego
563 3057 575 3074 ,
600 3033 633 3066 δε
644 3031 728 3066 mal&
746 3035 909 3080 accipiens
920 3038 978 3073 ista
989 3063 1001 3080 ,
1027 3049 1114 3082 para-

54 3076 107 3107 !ib.
116 3088 216 3124 uane—
232 3087 284 3112 tus
295 3079 392 3114 essem
401 3080 436 3114 ὃς
448 3082 617 3116 civitatem
627 3082 809 3128 relinquere
817 3111 828 3128 ,
840 3087 874 3122 δε
883 3087 1111 3128 Provinciam,

57 3125 215 3164 m0‘2‘230·
230 3129 265 3164 δε
276 3128 318 3164 ad
331 3130 432 3164 vitam
442 3131 668 3168 Monasticam
677 3136 857 3181 confugere
868 3162 881 3179 ,
904 3139 1018 3174 afflicti
1042 3150 1113 3182 pro-

57 3161 217 3231 ‘c‘ffifflngg
230 3179 388 3214 miserunt
409 3182 508 3226 usque
527 3182 569 3217 ad
582 3183 768 3220 Gindarum
787 3197 917 3223 mecum
929 3188 1089 3224 discedere
1102 3212 1113 3230 ,

57 3235 168 3273 Cyrum
187 3261 194 3270 ,
230 3229 264 3263 &
292 3229 510 3266 Antiocheno
532 3233 665 3268 suadere
687 3235 812 3271 utilluc
832 3239 1019 3281 adveniret,
1047 3250 1110 3274 me·

229 3290 370 3324 cumque
389 3281 576 3326 loqueretur
597 3310 605 3318 .
633 3284 698 3319 Me
716 3295 824 3322 autem
842 3288 993 3331 dicente,
1018 3288 1108 3334 quod

227 3330 288 3367 nifi
301 3330 492 3376 ejicerentur
502 3334 553 3369 illi
564 3358 577 3377 ,
603 3334 798 3381 impoffibile
811 3339 888 3375 esset
900 3339 969 3375 fieri
981 3351 1107 3385 pacem,

1903 176 1923 218 3
1935 176 1996 213 09

1185 235 1372 271 direxerunt
1397 246 1459 272 tres
1469 237 1546 271 Deo
1557 236 1780 278 Amicisfimos
1796 244 2008 290 Presbyteros
2031 246 2065 280 δε

1187 286 1510 329 Archi-Mandritas‚
1536 297 1604 322 tam
1626 290 1666 322 ad
1687 303 1785 332 eum,
1811 307 1908 338 quam
1929 296 1971 330 ad
1991 295 2067 329 Μα-

1186 337 1489 383 gnificentiffimum
1511 337 1678 373 Comitem
1702 339 1824 376 Titum
1838 367 1849 383 ‚
1874 346 2064 381 mandantes

1186 388 1232 422 eis
1245 399 1303 420 non
1321 388 1510 431 essejustum‚
1537 398 1571 422 ut
1590 395 1673 422 viros
1699 391 1820 424 sanffos
1833 415 1843 430 ,
1868 394 1901 426 (ς
1923 401 1973 435 qui
1991 395 2065 438 suas

1186 440 1364 472 Provincias
1375 447 1558 473 ornaverunt
1572 462 1583 478 ,
1602 437 1643 480 fic
1652 439 1755 480 injuste*
1777 442 1811 473 Cu·
1831 444 1927 482 inique
1946 447 2067 483 proiice-

1185 496 1250 521 rent
1263 502 1273 522 :
1301 490 1332 521 51'
1343 490 1418 531 quid
1428 495 1506 522 enim
1527 489 1587 521 tale
1596 488 1697 531 fuerit
1714 489 1847 535 gestum,
1869 492 2067 534 perturbatio-

1186 549 1251 571 nem
1264 539 1364 582 necaeffe
1376 539 1414 578 est
1426 538 1562 583 subsequi
1573 562 1581 570 .
1609 541 1641 572 Si
1654 544 1745 584 igitur
1753 545 1838 582 pacis
1851 551 1951 574 curam
1965 547 2064 583 gerh,

1185 590 1310 632 dignare
1323 595 1426 623 venire
1446 591 1491 622 ad
1501 590 1671 623 Gindarum
1689 614 1701 630 ,
1727 592 1762 625 (τ
1778 587 1928 632 sumentes
1952 590 2068 633 Episco-

1181 645 1256 679 pum
1268 638 1395 679 nostrum
1409 663 1419 679 ‚
1445 645 1597 674 veniemus
1608 641 1654 676 ad
1662 649 1691 676 te
1701 665 1709 673 .
1738 640 1843 685 Igitur
1857 640 2068 678 necessarium

1185 687 1266 722 duxi
1280 688 1347 722 haec
1360 689 1425 732 ipsa
1438 699 1501 727 tuae
1511 691 1715 726 innotescere
1727 691 1898 726 Sanstitati
1911 716 1921 732 ,
1949 700 1984 725 ut
1995 702 2070 725 eam

1187 736 1269 771 nihil
1291 749 1424 782 eorum,
1453 752 1522 786 quae
1545 741 1697 785 agimus,
1722 741 1840 776 lateat.
1866 741 1916 776 Ire
1938 740 2016 776 vero
2027 740 2070 775 ad

1189 786 1403 823 Antiochiam
1415 788 1555 823 omnino
1571 791 1703 825 interim
1726 790 1942 825 recusavimus
1954 814 1961 823 .
1987 792 2071 824 Oret

1186 837 1285 881 igitur
1296 838 1455 874 Sanctitas
1466 850 1522 874 tua
1534 838 1618 880 hoc,
1649 842 1737 885 quod
1751 842 1828 876 Deo
1840 841 1964 886 placeat
1975 865 1986 881 ,
2012 840 2075 874 dis-

1186 888 1331 930 pensari,
1357 889 1391 928 δε
1412 900 1449 925 ea
1472 889 1564 931 fieri,
1591 894 1662 935 quae
1681 892 1863 935 expediunt
1883 891 1998 926 sanctis
2011 891 2073 935 ch

1184 937 1286 975 clefiis
1302 962 1310 970 .

1388 1093 1880 1142 ScHoLION.

1186 1235 1365 1322 HAEc
1389 1238 1525 1283 epistola
1543 1238 1745 1276 demonstrat
1755 1242 1910 1277 Sanstum
1922 1237 2078 1286 Augusti-

1320 1299 1403 1323 num
1427 1289 1591 1324 restiffime
1623 1291 1742 1327 docere
1769 1317 1781 1333 ,
1818 1289 1908 1336 quod
1934 1290 2078 1334 poenales

1184 1337 1384 1382 Principum
1398 1349 1514 1375 contra
1538 1340 1688 1376 Haereses
1712 1343 1746 1377 ὅτ.
1769 1341 1949 1377 Schismate
1970 1340 2078 1385 Leges

1185 1389 1248 1424 fint
1259 1388 1456 1431 utiliffimae,
1482 1390 1564 1425 &in
1577 1392 1693 1428 multis
1716 1393 1779 1427 sint
1799 1393 1933 1427 initium
1955 1391 2079 1436 sapien-

1185 1439 1238 1472 tiae
1258 1462 1269 1479 ,
1297 1450 1377 1474 verae
1397 1442 1620 1477 conversionis
1645 1442 1687 1477 ad
1707 1444 1820 1479 Deum
1845 1443 1977 1479 Patrem
1999 1466 2011 1483 ‚
2037 1452 2077 1476 ac

1183 1488 1330 1524 Matrem
1352 1490 1544 1526 Ecclefiam.
1574 1493 1664 1527 Istud
1688 1492 1746 1528 hie
1763 1494 1898 1529 lucetin
1912 1491 2076 1526 Theodo-

1183 1549 1270 1572 reto.
1302 1539 1437 1575 Praefata
1449 1542 1543 1576 Sacra
1555 1542 1661 1586 ipsum
1681 1543 1699 1578 a
1711 1544 1798 1578 fasto
1820 1540 2077 1585 suiMetropoli·

1182 1598 1221 1623 tae
1233 1587 1415 1624 Alexandri
1443 1590 1625 1627 Schismate
1647 1594 1778 1629 reduxit
1799 1593 1840 1626 ad
1862 1590 2078 1625 Catholieam

1183 1640 1457 1674 communionem
1468 1641 1663 1676 Patriarchae
1684 1643 1842 1688 Joannis.
1870 1638 1974 1674 Porro
1987 1640 2080 1683 Jaco-

1184 1688 1244 1724 bus
1258 1712 1270 1728 ,
1297 1690 1451 1733 Simeon,
1480 1702 1519 1725 ac
1532 1690 1732 1732 Baradatus,
1759 1693 1893 1726 fuerunt
1914 1690 2028 1725 famofi
2039 1701 2078 1724 ac

1183 1738 1292 1772 Sancti
1309 1740 1372 1775 isto
1385 1750 1533 1784 tempore
1557 1740 1723 1777 Monachi
1733 1767 1742 1775 .
1771 1742 1826 1776 De
1839 1741 1993 1775 Simeone
2005 1741 2079 1783 Sty·

1184 1788 1244 1822 lita
1263 1788 1309 1824 est
1329 1791 1430 1824 etiam
1453 1791 1487 1825 in
1500 1791 1718 1835 superioribus
1741 1793 1825 1828 fasta
1839 1791 1968 1825 mentio
1984 1814 1992 1822 .
2020 1788 2078 1823 Ad

1185 1838 1381 1873 Baradatum
1393 1841 1497 1874 exstat
1507 1841 1644 1885 epistola
1657 1842 1783 1877 Leonis
1805 1840 1973 1886 Augusti,
1999 1851 2079 1875 con-

1186 1888 1321 1923 sulentis
1330 1888 1371 1923 de
1382 1890 1528 1925 motibus
1536 1891 1716 1928 Timothei
1726 1891 1842 1927 AEluri
1854 1900 1967 1926 contra
1979 1889 2079 1925 Chal-

1185 1938 1400 1973 cedonensem
1422 1941 1617 1983 Synodum.
1644 1941 1787 1987 Jacobus
1808 1942 1872 1976 fuit
1898 1941 1964 1975 illis
1988 1940 2077 1976 haud

1185 1988 1334 2023 inferior.
1366 1991 1530 2024 Omnium
1554 1992 1654 2026 trium
1678 1992 1813 2026 virtutes
1836 1990 2077 2024 Theodoretus

1187 2038 1286 2071 nobis
1298 2038 1462 2080 descripsit
1474 2039 1508 2072 in
1523 2041 1695 2084 Religiosa
1707 2040 1841 2075 historia
1854 2064 1861 2072 .
1890 2039 1965 2072 Hos
1976 2040 2078 2085 igitur

1188 2097 1251 2120 tres
1263 2087 1386 2121 Comes
1406 2087 1509 2121 Titus
1532 2091 1695 2133 permovit
1718 2115 1729 2131 ,
1758 2099 1794 2124 ut
1817 2088 2076 2125 Theodoretum

1185 2135 1228 2171 ad
1239 2137 1418 2179 parendum
1430 2138 1624 2175 inducerent
1635 2164 1643 2172 .
1674 2141 1717 2174 Et
1730 2151 1797 2183 quo
1817 2139 1906 2175 lucet
1918 2139 2079 2175 Theodo-

1185 2196 1289 2219 retum
1300 2186 1394 2219 fuisse
1405 2187 1509 2220 virum
1523 2189 1640 2222 summi
1653 2188 1828 2222 Nominis.
1856 2189 1951 2223 Hinc
1969 2192 2004 2224 ὅ(
2016 2190 2078 2225 Ec-

1183 2234 1275 2267 clefia
1309 2234 1343 2266 δε
1368 2233 1567 2278 Respublica
1591 2236 1753 2271 nolebant*
1770 2237 1877 2280 ipsum
1904 2239 2072 2274 amittere.

1182 2282 1266 2316 Haec
1286 2281 1400 2316 verba:
1428 2286 1523 2328 ,Quod
1545 2284 1601 2327 nisi
1623 2289 1799 2328 ejicerentur
1822 2289 1888 2327 illl,
1914 2290 2074 2331 impoffibile

1182 2333 1248 2376 effer
1256 2331 1320 2373 fieri
1328 2340 1452 2374 pacem.
1479 2334 1599 2381 Agunt
1625 2337 1668 2371 de
1679 2337 1875 2372 Alexandro
1888 2338 2075 2383 Hierapoli-

1182 2392 1263 2417 tano
1285 2394 1323 2417 ac
1343 2383 1412 2427 ejus
1436 2384 1690 2428 eomplicibus.-
1716 2387 1843 2422 Revera
1854 2399 1946 2423 erant
1957 2390 2072 2434 magni

1184 2431 1360 2476 Episcopi.
1388 2433 1482 2469 Hinc
1496 2434 1733 2472 Theodoretus
1745 2438 1853 2472 noluit
1874 2438 1944 2481 ipso
1966 2439 2071 2474 inscio

1181 2482 1308 2526 aliquid
1320 2494 1436 2528 agere:
1463 2486 1540 2521 Hac
1555 2487 1607 2523 via
1620 2488 1748 2532 sperans
1776 2487 1810 2522 &
1828 2489 1932 2533 ipsum
1956 2488 1997 2525 ad
2007 2499 2072 2524 me·

1182 2533 1265 2568 liora
1287 2533 1468 2569 infleetere.

1832 3392 2006 3434 CAPUT
