2320 3730
910 182 1390 227 E‹-1›‘1sro1„ffi.

1897 198 1986 244 373

233 264 469 312 Religiofltntis
481 268 670 311 praemunire
680 267 813 302 volens.
842 266 951 302 Valde
962 263 1038 310 veto
1051 265 1120 298 sum
1175 261 1525 297 ClariffimoTribuno
1535 262 1832 302 fideles&zelantes
1844 267 1929 302 viros
1941 278 1982 301 ex
1993 268 2056 302 tuis

231 317 405 353 delectatus
425 317 597 360 inspiciens
626 330 663 353 ea
685 329 756 361 quae
777 318 795 351 ὲ
818 327 874 352 tua
898 315 1121 363 Religiofitate

233 367 308 400 sunt
318 368 432 410 scripta
444 393 455 409 ‚
481 368 515 402 δε
540 380 595 412 per
606 369 793 402 Dominum
806 378 916 403 meum
927 365 1121 402 desideratis·

231 416 348 452 {imum
359 416 465 453 filium
475 419 616 454 vestrum
628 418 800 453 Thomam
811 443 818 451 .

428 638 472 683 C
484 638 527 684 A
539 637 573 682 P
588 638 635 685 U
649 637 689 684 T
725 637 916 684 CCXII.

974 663 1014 672 --
1023 649 1042 693 3
1054 651 1082 680 o
1095 649 1111 679 1

234 791 242 836 j
265 771 443 843 Epistola
465 770 627 844 ejuJHem
661 778 801 823 Acacio
825 772 1057 837 Melitinerfi
1071 809 1084 821 .

318 912 418 948 Atere
427 920 517 947 tuam
545 925 613 950 non
631 916 779 960 oportuit
796 913 1030 953 sanctitatem,
1055 921 1123 955 quae

342 965 448 998 forsan
465 964 505 998 1&
523 964 639 1000 didicit
660 979 672 999 .-
699 965 803 1012 Qod
837 964 986 998 venerint
1009 963 1124 996 ornnes

231 1013 392 1058 Religion
414 1014 565 1047 Orientis
587 1014 740 1056 Episcopi
762 1014 796 1046 in
812 1011 1052 1051 Antiochiam,
1078 1011 1123 1046 di-

231 1063 360 1107 rigente
379 1063 427 1094 eis
450 1061 600 1095 Tomnm
623 1073 699 1097 meo
728 1062 933 1099 Sanstiffimo
959 1062 1122 1105 Episcopo

231 1111 378 1150 Proclo,
405 1110 502 1145 bonis
525 1111 669 1146 sensibus
685 1112 720 1146 ἃ
732 1112 822 1146 reikis
833 1112 1045 1157 dogmatibus
1058 1114 1119 1155 ple-

231 1173 335 1196 num.
364 1161 442 1194 Erat
467 1162 741 1204 namquesermo
763 1163 886 1196 multus
906 1162 940 1196 dc
954 1162 1073 1207 longus
1084 1161 1125 1195 de

231 1211 475 1255 dispensatione
495 1210 637 1245 Domini
660 1212 760 1245 nostri
783 1213 857 1255 ‘Jesu
871 1210 1017 1245 Christi:
1045 1211 1124 1245 Sub-

232 1260 320 1295 didit
345 1256 422 1294 vero
446 1261 482 1294 &
491 1261 652 1295 nonnulla
664 1262 817 1305 Capitula
827 1273 868 1296 ex
881 1260 1061 1296 Codicibus
1073 1273 1126 1294 ex-

233 1319 343 1354 cerpta
353 1308 527 1344 Theodori
541 1335 551 1352 ‚
575 1311 610 1346 &
633 1311 779 1347 Nestorii
792 1312 886 1346 malis
896 1312 1036 1346 sensibus
1049 1323 1126 1345 con-

234 1361 423 1395 venientem
450 1359 604 1395 habentia
639 1362 843 1406 intellestum
866 1387 874 1396 .
904 1362 947 1396 Et
979 1361 1126 1396 hortatus

234 1411 283 1446 est
299 1435 310 1451 ,
337 1422 374 1445 nt
384 1409 738 1446 anathematizarentur
748 1412 789 1447 ab
802 1414 865 1449 eis.
895 1412 955 1455 lpfi
968 1413 1043 1446 vero
1057 1423 1125 1446 non

234 1461 314 1505 passi
335 1462 427 1495 sunt.
455 1461 588 1495 Deinde
609 1461 796 1505 scripserunt
823 1462 863 1496 ad
888 1474 941 1496 me
967 1487 978 1502 ,
1005 1463 1082 1507 quia
1104 1462 1125 1495 fi

235 1509 504 1547 anathematizari
515 1512 692 1556 contigerit
702 1514 826 1556 Scripta
840 1511 1015 1547 Theodori
1029 1538 1039 1553 ‚
1058 1523 1125 1545 om·

237 1559 322 1595 nino
341 1571 522 1604 percurrere
545 1560 630 1594 hanc
649 1563 812 1596 maculam
825 1563 858 1596 &
870 1563 909 1595 ad
924 1564 1056 1596 Sanaos
1068 1561 1124 1593 Pa·

233 1622 302 1645 tres
325 1610 452 1645 nostros
472 1622 480 1641 :
508 1608 728 1644 Athanasium
751 1612 827 1645 vero
847 1612 923 1645 dico
947 1636 958 1652 ,
985 1612 1019 1645 &
1045 1614 1128 1648 Basi-

233 1660 341 1700 liunt,
366 1659 635 1703 &Gt-egerium,
661 1661 696 1695 δε
711 1660 943 1706 Theophilum
959 1687 970 1703 ‚
997 1664 1130 1698 &caete-

235 1721 306 1744 ros.
333 1710 649 1752 Scripseruntenim‚
662 1710 840 1753 inquiunt,
866 1712 970 1756 &ipsi
985 1714 1128 1754 quaedam

235 1759 425 1794 Theodoro
448 1760 612 1793 consona.
640 1759 719 1794 Erat
747 1763 958 1796 necessarium
971 1763 1107 1798 scribere
1121 1789 1132 1804 ‚

236 1811 271 1845 ὅ(
282 1821 350 1844 non
372 1809 624 1853 qualiacumque
635 1834 646 1850 ,
671 1809 712 1843 ad
724 1821 778 1845 eos
790 1826 800 1844 :
830 1813 912 1856 Qae
930 1813 964 1846 ἃ
978 1824 1054 1848 nota
1070 1825 1132 1848 tuae

236 1859 337 1895 faciet
363 1859 533 1894 Sanitita'ti
558 1859 856 1896 Reverendiffimus
881 1862 1052 1906 Presbyter
1065 1866 1132 1899 Da-

235 1910 328 1950 niel,
354 1910 410 1952 qui
435 1910 637 1945 Alexandria
661 1911 793 1956 navigat
818 1912 993 1947 advenire.
1022 1913 1064 1949 Et
1077 1927 1131 1960 per

237 1959 361 2006 ungula
373 1958 499 2004 integre
516 1959 613 1996 novit
624 1972 661 1995 ea
673 1985 684 2001 ,
709 1972 780 2005 quae
801 1972 891 1997 mota
904 1963 978 1997 sunt
994 1987 1001 1995 .

403 2190 677 2236 CAPUT
715 2194 925 2239 ccxm.
964 2211 1131 2252 ...302

236 2325 408 2395 Epistola
456 2329 589 2375 Aeacii
634 2326 882 2394 Melitinenfis
915 2328 968 2376 ad
1001 2330 1128 2397 Cyril.

376 2396 457 2446 lum
487 2397 570 2465 post
616 2399 806 2460 synodum
852 2397 991 2468 Ephefi

579 2464 751 2516 habitam
762 2506 774 2517 .
996 2471 1011 2494 ·'

335 2608 491 2644 Uoniam
512 2608 637 2650 didici,
663 2609 739 2654 quia
753 2621 808 2653 per
827 2609 893 2645 Dei
903 2622 959 2655 gra
969 2610 1047 2646 tiam
1061 2622 1132 2655 prae-

360 2658 488 2694 valuisti
510 2670 566 2701 per
587 2661 774 2699 orationes,
802 2661 836 2694 &
856 2661 977 2704 absque
988 2661 1132 2705 corporis

392 2708 577 2751 praesentia,
604 2720 675 2751 qua:
697 2709 874 2744 studebatis
897 2723 956 2754 pro
982 2712 1131 2746 Ecclesiis

239 2757 407 2798 obtinere,
432 2757 467 2791 ἀ
491 2758 603 2792 litterae
626 2758 761 2793 Piiffimi
780 2760 815 2794 dc
828 2759 995 2795 Amatoris
1008 2761 1129 2796 Christi

238 2807 447 2852 Imperatoris
457 2807 583 2841 directae
593 2808 666 2843 sunt
677 2809 717 2843 ad
741 2809 960 2844 Clarissimum
982 2823 1036 2854 per
1058 2823 1129 2845 om·

237 2859 295 2893 nia
317 2859 474 2891 virtutum
496 2856 615 2892 Virum
638 2883 649 2899 ,
676 2858 868 2895 Tribunum
904 2862 1128 2903 Aristolaum‚

238 2908 461 2952 praecipientes
471 2908 501 2942 ei
515 2931 526 2948 ,
551 2918 586 2942 ut
599 2918 697 2953 cogat
710 2917 980 2955 unumquemque
996 2912 1126 2955 Episco-

237 2969 355 3001 porum
376 2959 410 2991 in
435 2959 502 2992 sua-f
517 2957 657 2995 Ecclesia
691 2954 966 2997 anathematizare
1002 2962 1127 3006 polluta

237 3002 382 3041 Nestorii
404 3008 439 3041 δε
460 3006 634 3043 Theodori
659 3009 836 3052 impietatis
853 3011 1031 3058 dogmata,
1058 3024 1127 3057 gra-

235 3058 299 3091 tias
318 3068 418 3101 agens
437 3057 605 3092 adorando
627 3058 781 3093 Domino
803 3061 903 3102 Deo,
929 3063 964 3097 &
986 3062 1127 3096 multum

234 3118 297 3152 pto
320 3117 379 3141 tuo
403 3106 512 3141 studio
534 3119 653 3147 orans,
680 3109 787 3143 scribo
804 3110 891 3154 ptius
902 3112 1037 3156 quidem
1048 3112 1127 3146 salu-

238 3166 312 3192 tans
329 3156 566 3192 Reverentiam
589 3167 678 3193 tuam
692 3184 703 3199 ,
729 3160 762 3193 δε
784 3171 867 3204 rogo
887 3164 992 3197 zelum
1013 3172 1125 3202 tuum,

239 3207 298 3250 qui
319 3207 404 3241 circa
427 3208 535 3242 Deum
558 3208 603 3241 est
616 3231 627 3247 ‚
646 3220 682 3242 ut
692 3208 779 3253 aeque
790 3211 924 3254 quidem
937 3223 995 3256 pro
1005 3211 1126 3246 cunetis

240 3256 392 3291 Ecclesiis
411 3268 502 3291 cures
512 3272 529 3298 ,ε
551 3258 586 3292 &
609 3269 713 3302 neque
736 3260 916 3302 quamlibet
952 3262 1125 3296 Ecclesiam

238 3307 395 3349 despicias
407 3330 418 3345 ,
442 3308 495 3341 sed
519 3319 575 3343 aut
593 3320 648 3352 per
672 3307 767 3342 verba
781 3310 924 3352 ipsorum
941 3312 1102 3355 praesentia
1116 3337 1126 3352 ‚

238 3365 295 3393 aut
305 3357 463 3401 quosdam
481 3356 670 3403 dirigendos
690 3370 767 3393 cum
780 3359 1072 3397 Admirandiffimo
1092 3363 1125 3397 &

338 3405 447 3448 Christ.
462 3411 541 3452 Lupi
552 3413 649 3452 Opera
662 3410 696 3441 T.
712 3412 778 3443 Vn.

1178 312 1341 346 sodalibus
1352 323 1452 357 cogas
1463 323 1729 356 unumquemque
1739 316 1864 358 publice
1872 316 2058 351 anathema-

1177 363 1276 397 tizare
1288 363 1433 397 Nestorii
1445 363 1479 396 ὅ(
1489 362 1662 397 Theodori
1674 364 1839 407 Dogmata
1855 367 1889 400 &
1901 367 2057 411 praecipue-

1178 413 1321 447 dicentes
1342 412 1422 447 duas
1442 423 1572 447 naturas
1590 412 1661 457 post
1672 413 1857 449 unitionem
1870 440 1880 454 ‚
1906 417 2058 451 semotim

1179 473 1340 506 quamque
1371 473 1562 506 operantem
1585 487 1592 495 .
1620 462 1779 506 Expertus
1808 474 1947 508 namque
1969 477 2059 509 teos,

1178 513 1233 554 qui
1258 514 1332 546 sunt
1353 512 1387 546 in
1402 513 1610 547 Germanicia
1623 536 1634 552 ,
1660 513 1771 547 inveni
1783 512 1913 557 quidem
1926 515 2001 548 illos
2013 515 2061 548 di—

1179 574 1250 597 cere
1269 563 1353 596 duos
1375 562 1480 603 filios,
1506 563 1590 597 olim
1611 562 1692 597 duas
1713 573 1842 597 naturas
1851 562 1956 597 dicere
1969 564 2064 598 mini-

1179 611 1232 646 me
1241 612 1423 647 devitantes
1433 637 1441 645 .
1470 612 1579 648 Unde
1590 625 1658 647 non
1670 613 1869 647 concedatur
1878 612 1945 647 dici
1966 612 2006 646 ab
2016 614 2062 647 eis

1179 663 1213 696 ὃς
1225 662 1335 696 doceri
1352 687 1362 703 ,
1390 663 1479 705 quod
1492 673 1694 707 unaquaeque
1707 671 1820 697 natura
1832 661 2010 697 secundum
2022 664 2065 696 se-

1180 713 1350 755 metipsam
1372 723 1541 754 operetur:
1571 713 1615 747 Et
1637 710 1705 747 haec
1732 714 1864 757 quidem
1895 712 2065 756 susceperit

1183 762 1338 804 passiones
1350 785 1361 802 ,
1387 761 1443 796 illa
1456 761 1533 796 vero
1553 762 1755 806 impaffibilis
1766 763 1939 797 manserit.
1966 760 2068 796 Nihil

1182 811 1226 844 est
1250 812 1340 845 enim
1360 811 1451 846 aliud
1474 813 1532 845 nisi
1553 814 1659 847 rursus
1677 813 1760 848 duos
1782 813 1869 847 filios
1893 812 2068 850 confiteri,

1183 861 1325 903 duasque
1347 860 1554 896 introducere
1565 863 1729 905 personas.
1755 862 1858 908 Rogo
1868 863 1969 908 igitur
1978 872 2069 896 com-

1185 910 1361 954 paffibilem
1374 911 1408 945 &
1423 913 1499 946 Deo
1510 911 1654 947 deditam
1666 912 1810 947 animam
1820 923 1910 947 tuam
1923 937 1934 953 ,
1959 922 1996 946 ut
2008 922 2069 956 pro

1184 961 1277 996 causa
1299 961 1451 1004 invigiles
1463 986 1474 1002 ,
1499 962 1517 995 ὲ
1531 963 1683 996 Domino
1706 962 1840 998 Christo
1851 972 1979 1006 tempus
1989 960 2070 996 acci-

1186 1011 1297 1055 piens,
1323 1011 1357 1045 &
1375 1010 1524 1043 obtineas
1544 1010 1660 1045 sanetis
1682 1011 1832 1047 Ecclefiis
1854 1012 1974 1057 absque
1984 1012 2073 1058 scang

1185 1060 1262 1096 dalo
1277 1060 1312 1094 &
1325 1059 1452 1095 macula
1465 1059 1653 1095 unitionem
1662 1085 1670 1092 .

1189 1181 1287 1232 Post
1313 1181 1424 1229 hanc
1451 1185 1566 1247 jacet
1582 1178 1824 1247 descripta,
1860 1196 1909 1230 ut
1925 1185 2074 1246 ajunt3

1257 1250 1313 1299 ad
1335 1251 1446 1300 hanc
1459 1252 1588 1314 longa
1601 1250 1818 1318 Epistola,
1854 1255 1974 1316 cujus
1994 1253 2078 1299 ini-

1260 1323 1371 1370 tium
1398 1342 1410 1371 :
1447 1327 1522 1379 Res
1549 1321 1694 1387 quidem
1720 1320 1769 1384 cst
1796 1325 1889 1368 inter
1914 1324 2078 1368 Fratres

1260 1390 1447 1440 collocutio
1461 1390 1599 1451 dulcis,
1637 1396 1719 1441 &c.
1759 1395 1909 1462 Quam
1935 1388 2085 1459 posui-.

1260 1480 1356 1511 mus
1383 1463 1492 1511 olim
1518 1461 1576 1513 ab
1599 1462 1687 1513 alio
1713 1462 1993 1522 translatam,
2028 1475 2081 1509 ut

1261 1548 1378 1581 erat.

1346 1759 1388 1805 c
1401 1760 1445 1804 A
1458 1758 1490 1803 p
1503 1757 1549 1803 u
1564 1754 1606 1804 T
1640 1757 1853 1804 ccxlv.
1913 1724 2005 1815 --.3
2018 1774 2045 1802 0
2056 1771 2078 1814 ς

1210 1838 1230 1871 Χ

1195 1895 1364 1966 Epssola
1397 1893 1558 1965 ‘jufflem
1581 1893 1645 1942 ,ad
1679 1890 1883 1959 Succaeffiim
1924 1888 2092 1964 Epifio-as

1332 1983 1426 2036 pum
1461 1963 1752 2031 Dio-Caefizreae,
1791 1963 1946 2031 Iscturz'ae
2074 1980 2078 1993 ²

1528 2040 1738 2083 Provincia»
1755 2070 1768 2083 .

1272 2157 1381 2202 Erlegi
1395 2157 1528 2201 quidem
1543 2154 1849 2192 Commonitorium
1863 2182 1874 2198 ,
1900 2159 1990 2202 quod
2000 2160 2020 2195 ὲ
2030 2166 2088 2197 tua

1295 2206 1340 2240 est
1372 2207 1549 2240 Sanctitate
1567 2207 1786 2240 transmissum
1803 2230 1814 2247 ,
1843 2208 1985 2243 nimium
2007 2211 2089 2244 vero

1198 2258 1268 2289 sum
1289 2252 1468 2300 gratulatus
1483 2268 1494 2287 .·
1522 2254 1626 2302 Qod
1639 2255 1673 2289 δε
1683 2254 1764 2291 dum
1778 2256 1884 2291 valeas
1894 2257 1992 2292 nobis
2002 2260 2088 2293 aliis-

1197 2315 1261 2350 que
1283 2302 1447 2349 prodesse,
1473 2316 1516 2339 εκ
1537 2305 1645 2340 multo
1668 2316 1779 2341 amore
1799 2304 1953 2342 dostrinae
1964 2307 2088 2344 hortari

1197 2356 1365 2399 dignaris,
1392 2366 1427 2389 ut
1437 2365 1475 2390 ea
1484 2365 1555 2399 quae
1566 2365 1716 2389 tenemus
1725 2355 1866 2391 omnino
1879 2381 1890 2397 ‚
1916 2358 2087 2394 &benere

1197 2404 1315 2440 habere
1336 2405 1569 2449 perspicimus,
1596 2405 1663 2439 haec
1686 2406 1796 2449 ipsa&
1812 2407 2006 2442 scribamus.
2032 2409 2088 2444 Sa·

1196 2456 1304 2499 pimus
1316 2465 1395 2500 ergo
1407 2456 1447 2488 de
1462 2455 1640 2489 Salvatoris
1653 2456 1754 2493 nostri
1764 2458 2008 2501 dispensatione
2025 2470 2062 2493 ea
2071 2483 2087 2500 ‚

1194 2516 1266 2549 quae
1291 2506 1444 2539 &Sancti
1462 2504 1590 2547 Patres,
1618 2506 1762 2549 quiante
1775 2518 1836 2541 nos
1846 2507 1995 2542 fuerunt.
2022 2507 2090 2542 Le-

1193 2565 1310 2600 gentes
1331 2556 1421 2589 enim
1444 2554 1567 2591 labores
1590 2556 1744 2597 illorum,
1772 2557 1813 2591 sic
1835 2557 1942 2593 nostra
1954 2567 2087 2602 coapta-

1193 2615 1265 2639 mus
1285 2616 1395 2646 nunc‚
1422 2614 1458 2639 ut
1481 2606 1556 2639 illos
1579 2606 1772 2649 sequamur,
1796 2606 1928 2641 &nihil
1941 2609 2019 2643 novi
2030 2619 2086 2643 eo-

1193 2666 1265 2689 rum
1293 2655 1489 2701 dogmatum
1521 2656 1711 2690 rectitudini
1740 2656 1934 2692 invehamus
1954 2682 1963 2691 .
1990 2658 2086 2705 Qia

1192 2706 1293 2751 igitur
1319 2716 1376 2740 tua
1407 2705 1567 2740 Perfestio
1589 2708 1814 2750 percunctatur
1833 2732 1844 2748 ,
1885 2707 1995 2742 utrum
2015 2709 2085 2743 dici.

1191 2765 1321 2800 oportet
1343 2757 1437 2800 super
1445 2755 1580 2790 Christo
1591 2754 1671 2790 duas
1679 2767 1810 2792 naturas
1822 2782 1834 2799 ‚
1859 2768 1903 2792 an
1916 2769 1985 2793 non
1998 2781 2011 2798 ,
2033 2767 2083 2794 ar-

1193 2806 1330 2841 bitratus
1354 2807 1423 2840 sum
1443 2805 1633 2849 respondere
1651 2807 1691 2841 ad
1703 2808 1762 2841 issa
1775 2832 1782 2839 .
2029 2833 2031 2836 ⁴
2063 2817 2065 2821 ¹

1242 2855 1412 2890 Diodorus
1424 2854 1555 2900 quidam
1568 2853 1907 2890 Pneumato-Machus
1916 2881 1927 2897 ,
1953 2855 1987 2890 id
2010 2856 2056 2891 est
2068 2882 2080 2899 ‚

1191 2907 1325 2950 Spiritui
1339 2907 1457 2941 Sancto
1470 2917 1652 2950 repugnans
1672 2916 1759 2947 erat,
1784 2907 1862 2951 qui,
1888 2916 1926 2941 ut
1939 2906 2078 2947 dicunt,

1168 2976 1170 2979 >
1190 2959 1275 2992 circa
1297 2967 1424 3000 tempus
1444 2956 1720 2991 Orthodoxorum
1739 2956 1998 2991 communicavit
2018 2957 2079 2991 Ec-

1191 3006 1290 3041 cleslae
1312 3020 1323 3039 .·
1349 3007 1529 3050 Deponens
1555 3028 1565 3044 ‚
1588 3016 1625 3039 ut
1651 3006 1799 3049 putavit,
1827 3006 2079 3042 Macedonianae

1167 3071 1169 3073 >
1191 3054 1308 3092 haerefis
1319 3057 1482 3091 maculam
1496 3080 1507 3096 ,
1526 3055 1720 3101 languorem
1733 3056 1869 3091 incurrit
1880 3057 1915 3091 in
1929 3056 2075 3092 alterum.

1189 3109 1302 3151 sapuit
1313 3109 1402 3141 enim
1415 3107 1447 3140 δε
1459 3106 1579 3149 scripsit
1591 3130 1602 3146 ‚
1628 3106 1717 3150 quod
1736 3106 1816 3141 alter
1828 3106 1960 3151 quidem
1974 3108 2075 3142 semo-

1191 3159 1252 3192 tim
1266 3158 1302 3191 fit
1315 3158 1418 3191 Filius
1431 3182 1441 3197 ,
1467 3155 1580 3200 quiest
1592 3167 1635 3190 ex
1647 3156 1894 3192 semineDavid
1907 3180 1918 3197 ,
1942 3168 1983 3191 ex
1995 3157 2076 3192 San-

1190 3207 1400 3252 &aVirgine
1420 3206 1551 3251 genitus
1564 3230 1574 3249 ,
1600 3205 1682 3241 alter
1706 3218 1781 3242 vero
1803 3207 2049 3251 proptieFilius
2060 3231 2073 3248 ,

1189 3259 1301 3293 Sermo
1313 3258 1420 3302 quiex
1434 3257 1509 3290 Deo
1535 3256 1581 3290 est
1596 3254 1691 3291 Patre
1704 3282 1712 3291 .
1744 3255 1846 3291 Velut
1866 3257 1941 3300 ovis
1962 3266 2071 3292 autem

1190 3309 1273 3351 pelle
1282 3307 1482 3343 obumbrans
1505 3307 1640 3350 lupum,
1665 3305 1792 3341 simulat
1813 3306 1950 3352 ‘quidem
1967 3316 2071 3340 unum

1189 3358 1221 3394 se
1240 3358 1347 3393 dicere
1371 3356 1540 3392 Christum
1557 3382 1568 3400 ‚
1595 3357 1736 3441 referelns
1758 3367 1878 3393 nomen
1900 3357 1939 3391 ad
1954 3355 2072 3439 ¹gol-um

1727 3419 1736 3440 r
1990 3414 2023 3438 ei
