2320 3730
281 249 368 286 ribus
377 248 586 286 reconciliare
598 251 761 298 Joannem
775 250 997 290 patriarcham
1007 274 1018 290 ,
1046 262 1084 284 ac
1098 249 1164 291 ejus

281 300 439 345 Collegas
451 325 458 332 .
486 300 610 341 Verum
623 313 738 336 omnes
748 302 938 337 Orthodoxi
953 297 1164 336 constantissi-

280 350 333 387 me
342 351 539 386 obstiterunt
549 350 706 392 dicentes:
717 357 801 386 Fieri
823 365 881 386 non
889 352 978 394 pote-ll
989 375 999 391 ,
1011 359 1044 383 ut
1055 350 1098 381 ad
1112 348 1162 382 hoc

281 407 441 434 veniamus
453 426 464 445 ‚
491 400 550 444 nisi
563 404 647 446 quod
662 412 766 440 contra
780 403 918 447 legemab
928 403 986 435 illis
994 398 1112 441 fac‘lum
1122 398 1160 439 est

277 451 468 493 diffolvatur‚
495 463 533 485 ac
555 455 678 492 synodo,
705 464 862 495 tamquam
886 458 936 495 qui
959 451 1137 491 deliquerint
1150 473 1160 489 ,

270 499 416 546 supplices
437 503 575 536 accidant
592 527 602 542 ‚
630 504 665 537 (9·
686 502 853 543 Nestorium
877 514 911 535 ac
928 501 1007 534 illius
1020 500 1159 544 dogmata

274 552 389 593 scripto
399 551 662 587 anathematizem
673 579 681 585 .

323 601 512 638 Voluerunt
533 613 607 637 ante
628 603 742 638 omnia
755 615 823 641 non
837 598 1047 640 solummodo
1055 599 1159 637 exsuss

272 649 343 688 flari
356 651 478 694 Cyrilli
489 663 528 686 ac
539 653 734 690 Memnonis
750 652 994 691 damnationem
1008 674 1019 696 ,
1047 651 1098 684 sed
1113 651 1157 689 in—

270 701 363 745 super
383 702 545 744 Ioannem
567 715 605 742 ac
628 702 695 745 ejus
714 701 894 747 Episcopos
903 701 946 739 de
958 711 1050 736 tanta
1059 711 1156 740 teme-

267 751 365 790 ritate
381 748 427 786 'ac
447 752 570 795 injuria
586 753 766 797 poenitere,
789 750 826 788 ,ὅτ
845 751 984 795 Synodo
997 751 1155 795 supplices

267 799 417 846 ‚flagitare
438 803 568 840 veniam
590 824 600 840 ‚
627 801 731 849 Qod
752 801 858 844 ipsum
883 803 979 843 Sacra
1000 802 1154 848 Synodus

266 850 357 895 large
376 852 527 894 exposuit
548 851 582 884 in
602 851 699 892 milio
721 861 778 894 per
800 852 962 895 Ioannem·
984 851 1151 891 Comitem

265 899 438 945 Responso
449 900 489 936 ad
503 899 691 950 Principem
700 926 707 934 .
721 897 723 899 ’
743 897 818 935 Nec
830 902 897 942 fine
910 902 1150 943 fundamentis.

263 950 397 988 Etenim
421 949 622 993 Apostolicae
642 950 735 992 Sedis
758 963 843 990 nova
856 952 1087 998 Legatiotunc
1099 952 1151 987 ad-

262 1008 396 1039 venerat
407 1022 419 1040 ,
431 995 582 1043 ‘Ioannis
603 999 637 1035 ὃς
648 1001 852 1046 collegarum
865 1003 1035 1044 audaciam
1046 1005 1150 1037 exsuf-

259 1047 377 1096 flaret,
405 1046 570 1093 „CYrillum
591 1061 629 1085 ac
652 1052 871 1095 Memnonem
903 1054 1087 1097 reposuerat
1113 1054 1147 1089 in

258 1099 391 1142 plenam
405 1098 601 1144 dignitatem
614 1126 626 1142 ‚
650 1113 689 1136 ac
699 1103 861 1147 Joannem
872 1103 905 1145 <St
916 1104 988 1147 eius
1001 1103 1148 1146 Compli-

258 1159 313 1190 ces
337 1149 563 1191 Ecclefiastica
591 1148 829 1193 communione
856 1153 1055 1197 privaverat.
1083 1152 1144 1186 lsta

253 1198 347 1239 enirn
359 1199 503 1244 Legatio
516 1200 653 1244 primam
665 1203 867 1244 synodalem
877 1202 1054 1244 Aetionem
1067 1203 1144 1237 cele·

258 1247 387 1291 bravit,
400 1251 435 1284 δε
447 1250 611 1294 Cyrillum
625 1263 661 1286 ac
674 1248 893 1293 Memnonem
906 1254 1066 1297 reparavit
1078 1255 1145 1287 sex-

253 1308 293 1338 to
303 1300 376 1334 idus
387 1301 464 1344 Julii
477 1313 492 1343 ;
517 1300 648 1338 decimo
661 1314 773 1344 autem
784 1305 884 1345 Sexto
898 1303 1063 1345 Calendas
1075 1303 1145 1337 Au-

255 1349 343 1395 gusti
356 1351 390 1384 in
403 1352 518 1400 quinta
531 1350 677 1387 Anione
699 1354 860 1397 Joannem
870 1352 982 1396 &ejus
995 1353 1143 1397 Compli·

246 1408 304 1437 ‘ces
324 1402 505 1446 proscripsit
527 1414 617 1437 extra
639 1403 839 1439 Ecclefiam.
866 1403 963 1438 Hinc
985 1403 1142 1447 stupenda

247 1449 297 1483 est
319 1450 457 1492 Joannis
480 1453 625 1487 Comitis
637 1454 772 1488 audacia
784 1480 793 1495 ,
821 1455 878 1499 qui
889 1454 1041 1488 adversus
1053 1454 1142 1496 Apo-

250 1499 373 1534 stolicae
385 1502 476 1542 Sedis
496 1513 535 1538 ac
551 1504 653 1537 totius
665 1503 792 1547 Synodi
810 1504 977 1548 Iudicium
990 1516 1058 1539 non
1072 1514 1142 1544 eru·

250 1547 323 1589 buit
338 1560 465 1595 patrare
484 1551 581 1592 talia.
687 1550 690 1555 ⁴
810 1551 813 1555 ⁴

299 1599 350 1635 lta
381 1601 550 1642 frustratus
575 1603 780 1648 excogitavit
805 1604 895 1639 aliud
911 1621 932 1638 ι.
971 1604 1140 1639 Omnibus

246 1651 337 1685 enim
366 1651 480 1686 modis
504 1651 707 1689 discordiam
736 1652 825 1693 hanc
861 1654 967 1698 sopire
992 1655 1140 1695 studuit,

247 1700 429 1745 Episcopos
445 1712 522 1739 cum
534 1714 612 1747 pace
626 1704 666 1738 ad
678 1705 808 1748 propria
830 1706 996 1742 remittere
1007 1728 1018 1745 ‚
1043 1716 1141 1749 atque

246 1750 292 1784 ita
314 1750 479 1795 gloriosus
501 1752 603 1788 redire
625 1754 962 1800 ,Constantinopolim
981 1781 988 1789 .
1019 1760 1044 1788 Α
1068 1759 1142 1793 San·

246 1800 296 1836 lla
316 1803 426 1840 synodo
444 1808 556 1848 petiit,
580 1812 615 1837 ut
633 1803 705 1844 fidei
732 1805 937 1848 expositionem
951 1805 1008 1847 fibi
1028 1807 1141 1848 Scripta

245 1849 416 1886 exhiberet.
445 1853 550 1901 Qod
563 1854 668 1896 ipsum
680 1856 822 1894 omnino
842 1856 957 1899 exegit
977 1856 996 1888 a
1009 1856 1139 1894 Fadio-

245 1912 287 1935 ne
298 1899 435 1948 Joannis
446 1901 653 1937 Antiocheni
666 1927 674 1935 .
701 1903 833 1948 Nempe
846 1901 975 1938 Nicieni
1000 1905 1138 1951 Symbo-

245 1951 268 1984 li
305 1952 536 1994 profeffionem
558 1976 570 1997 ,
608 1952 924 1999 damnationemque
961 1954 1139 1993 duodecim

245 2000 478 2042 Capitulorum
500 2023 512 2041 ,
547 2012 587 2038 ac
610 2003 733 2043 praefati
759 2002 950 2041 Nestoi-iani
988 2003 1138 2037 articuli.

244 2049 370 2084 Verum
394 2050 506 2085 Sansta
529 2049 684 2094 Synodus
707 2051 751 2089 est
764 2051 877 2087 denuo
888 2053 1070 2096 refragata,
1098 2065 1136 2088 ac

245 2098 407 2143 intrepide
420 2100 527 2135 dixit:
555 2101 706 2141 Nolumus
718 2100 880 2145 nobisipsis
906 2112 973 2140 eam
991 2110 1136 2141 contume-

244 2150 319 2187 liam
330 2155 462 2197 irrogare
475 2176 483 2184 .
511 2155 546 2190 Ν
549 2162 585 2184 on
599 2157 678 2186 enim
687 2160 844 2193 tamquam
857 2156 1000 2191 Haereticl
1021 2151 1076 2186 huc
1088 2165 1138 2187 vo·

245 2206 306 2234 cati
319 2199 422 2244 sumus
435 2226 446 2242 ,
466 2200 527 2247 sed
537 2207 676 2241 venimus
689 2209 722 2238 ut
730 2201 821 2245 fidem
830 2201 985 2239 labantem
1011 2203 1046 2241 5&
1067 2215 1137 2238 exa-

240 2257 376 2295 gitatam
395 2251 584 2292 stabiliamus
608 2276 619 2295 ,
645 2263 736 2294 quam
763 2253 797 2288 (τ
809 2251 1012 2297 stabilivimus
1035 2279 1042 2292 .
1070 2257 1138 2288 Nec

239 2296 316 2343 'opus
339 2300 377 2343 est
402 2305 578 2344 Imperatori
595 2326 608 2343 ‚
634 2310 669 2342 ut
697 2303 792 2344 fidem
816 2314 893 2352 ming
918 2302 1015 2346 distat
1033 2328 1044 2343 ,
1071 2315 1137 2341 cum

242 2350 320 2386 banc
338 2349 438 2397 sciat,
465 2354 500 2387 et
520 2358 553 2392 in
577 2352 632 2391 hac
655 2353 833 2394 baptizatus
850 2352 907 2394 fit.
944 2352 1134 2392 Noluerunt

242 2401 297 2436 vel
309 2401 485 2442 Nicaenum
498 2403 642 2446 profiteri
653 2402 850 2446 Symbolum
866 2426 873 2434 .
902 2404 959 2438 De
980 2403 1053 2446 ipso
1076 2416 1135 2447 pa-

241 2451 309 2486 lam
335 2452 536 2495 loquuntur.
564 2453 763 2496 Loquuntur
785 2452 876 2490 enim
897 2451 938 2488 de
950 2452 1135 2500 symbolo,

239 2501 279 2540 in
290 2513 357 2546 quo
377 2501 557 2546 Imperator
570 2503 674 2540 fuerat
696 2500 879 2546 baptizatus
891 2527 900 2539 ,.
929 2498 976 2539 Et'
992 2503 1132 2538 fundata

248 2552 313 2586 fuit
335 2551 394 2586 ista
415 2552 598 2590 constantia
615 2576 623 2589 ,.
652 2552 784 2587 Etenim
807 2551 996 2596 Apostolici
1017 2552 1134 2597 Legati

242 2601 356 2637 omnia
373 2600 503 2645 Synodi
519 2602 603 2639 cirea
616 2601 718 2638 fidem
746 2612 784 2635 ac
797 2600 943 2639 Nestorii
966 2602 1133 2644 perfidiam

244 2650 330 2686 Asta
352 2650 563 2689 discufferant
588 2661 627 2687 ac
639 2649 880 2688 stabiliverant.
908 2649 956 2687 At
977 2649 1054 2685 vert}
1076 2652 1133 2695 Ιο-ἱ

244 2701 341 2739 annis
356 2700 469 2738 Fassio
478 2698 627 2738 obedivit
640 2724 648 2732 .
677 2700 739 2739 Per
755 2699 868 2735 omnia
880 2699 1005 2739 studuit
1033 2702 1133 2745 place·

244 2762 279 2787 re
303 2751 407 2786 Laico
429 2749 596 2793 Principi,
621 2759 719 2794 atque
747 2750 791 2785 ita
815 2751 870 2785 sua
883 2751 1054 2787 Attentata
1077 2764 1134 2796 per

244 2801 382 2839 Laicam
406 2799 598 2839 violentiam
617 2800 745 2839 firmare
767 2826 775 2840 ,
812 2798 926 2840 Edidit
945 2803 1133 2851 praesentem

245 2851 537 2888 interlocutionem
549 2877 557 2888 ,
1042 2877 1045 2879 >

295 2902 366 2947 ,Ipsa
378 2899 493 2936 Graece
517 2901 552 2938 ἀ
563 2899 684 2941 Latine
694 2901 853 2946 reperitur
877 2901 911 2935 in
925 2901 1019 2940 Astis
1029 2903 1134 2946 synon

245 2951 390 2988 dalibus.
417 2952 554 2996 Hieeest
570 2951 635 2985 alia
655 2952 847 2995 translati»,
871 2952 906 2989 &
929 2950 1027 2991 habet
1046 2965 1134 2997 quae-

245 3003 322 3037 dam
341 2998 528 3046 discrimina
549 3014 558 3040 τ.
584 3002 679 3036 Hinc
700 3001 789 3048 duxi!
801 3002 1002 3048 vulgandam
1023 3028 1031 3036 .
1057 3003 1134 3040 Pri-

247 3063 339 3088 mum
359 3052 531 3091 discrimen
548 3053 601 3088 est
614 3076 626 3093 ,
654 3064 723 3097 quo
745 3052 940 3087 Cnffinenfis
962 3053 1134 3091 translatio

247 3101 439 3138 Provincias
460 3128 472 3149 ‚
498 3114 570 3152 quas
590 3103 684 3141 fimul
706 3114 784 3142 cum
805 3103 970 3144 Orientali
990 3103 1130 3142 Dioecefi

246 3149 417 3190 adfuerunt
439 3153 518 3191 huic
543 3153 757 3195 Conventui,
784 3159 884 3197 ponat
901 3153 969 3191 alio
991 3154 1107 3189 ordine
1122 3178 1131 3193 ,

246 3200 356 3244 eisque
376 3202 524 3238 detrahat
544 3202 716 3244 Moetiarn,
742 3203 885 3239 &addat
896 3203 1036 3241 Daciam
1053 3229 1061 3241 2
1089 3204 1132 3239 Et

247 3249 382 3295 quidem
394 3250 562 3294 Moefiam,
590 3253 705 3298 utique
717 3254 910 3294 secundam,
936 3255 1131 3297 spetstantem

247 3298 290 3335 ad
301 3298 718 3342 ThracicamDioecefim,
745 3305 925 3344 admodum
948 3304 1033 3338 male
1047 3305 1132 3337 omi-

248 3350 306 3385 fit.
334 3349 468 3389 Etenim
480 3350 673 3388 Dorotheus
697 3353 1033 3399 Martianopolitanus
1054 3354 1131 3398 Epi·

247 3401 364 3448 scopus
385 3424 398 3444 ‚
422 3399 646 3447 Metropolita
664 3401 754 3437 istius
776 3403 896 3441 Moefiae
918 3429 931 3448 ‚
967 3405 1031 3441 suit
1060 3416 1129 3443 non

703 165 1036 212 Vin-<ionum
1072 166 1227 211 Para
1253 179 1327 208 υΜ
1361 167 1691 225 Effluet&

1226 247 1356 283 modica
1368 261 1438 292 pars
1458 250 1554 298 hujus
1563 252 1801 289 conventiculi.
1828 253 1886 290 An
1916 251 1997 290 reste
2019 253 2109 290 addi⁴

1225 297 1307 332 derit
1322 300 1484 341 Daciam,
1511 303 1631 346 ignoro
1643 330 1650 336 .
1678 304 1863 343 Plurimum
1877 304 1996 340 dubito
2008 330 2015 337 .
2045 306 2109 339 Et·-
2128 328 2194 360 Adn
2212 333 2276 362 Not

1224 349 1310 382 enim
1323 350 1466 391 praefatas
1477 361 1592 385 omnes
1615 352 1805 388 Provincias
1827 355 1966 397 Joannes
1980 356 2108 393 Antio·
2125 352 2259 409 Julianus
2280 352 2290 363 '

1223 397 1346 433 chenus
1371 401 1405 434 ἀ
1425 401 1558 444 quidam
1580 401 1648 444 ejus
1673 398 1829 447 Collegae‘
1840 405 1952 442 denuo
1970 406 2108 440 laudant
2126 409 2248 441 Sardicae

1224 449 1258 482 in
1283 449 1398 484 litteris
1421 451 1462 484 ad
1486 451 1612 485 Rufum
1625 451 1951 489 Theflalonicensem
1974 457 2109 499 Episco-
2126 453 2275 498 ΜΐῑῑθΡῼ-

1223 511 1299 543 pum
1313 512 1320 532 :
1350 503 1492 535 Similiter
1509 509 1558 544 qui
1574 501 1748 541 Bithyniam
1761 526 1772 542 ‚
1799 504 1834 536 (θ’
1848 505 2084 549 Paphlagoniam
2096 528 2108 546 ‚
2125 493 2176 522 ¹¹³²
2186 493 2214 522 D
2216 501 2285 523 ²⁰¹²

1222 552 1255 584 (9
1267 552 1490 593 Cappadociam
1506 551 1690 595 secundam,
1720 554 1753 586 (ιν
1776 552 1940 595 Pisidiam,
1966 558 2002 589 θ
2021 554 2109 600 Thes·
2123 540 2285 609 ῗὶῗίΑξῐιῗὲἱ,

1216 599 1325 643 saliam
1347 624 1357 640 ‚
1383 603 1420 635 (ν’
1442 602 1571 644 Moefiam
1587 627 1599 643 ,
1636 603 1864 645 Rhodopemque
1888 605 2017 637 incolunt
2037 630 2049 646 ,
2073 607 2108 643 e·
2124 613 2217 644 cheno
2248 619 2285 643 ex

1219 651 1271 689 alii
1291 653 1504 693 quamplurimi
1523 651 1713 696 diversarum
1738 655 1966 691 Provinctarum
1987 680 1993 687 .
2031 655 2107 695 Hos
2123 661 2178 690 cal>
2187 657 2283 688 6·⁷·²C

1219 711 1335 739 omnes
1345 703 1506 737 affirmant
1517 703 1574 744 fibi
1585 704 1767 743 consentire
1778 729 1785 736 .
1814 704 1917 738 Nulla
1927 705 1971 739 est
1985 715 2111 740 memo·
2128 703 2190 729 ¹09·

1219 751 1264 785 ria
1278 753 1389 786 Daciae
1403 779 1410 786 .
1437 752 1539 788 Poffit
1553 765 1662 788 tamen
1674 754 1910 797 comprehendi
1935 755 1993 790 sub
2004 766 2084 790 voce
2095 770 2107 792 .-

1220 801 1419 846 Diversarum
1455 806 1684 842 Provinciarum
1702 829 1709 836 .
1748 804 1925 840 Praesertim
1947 807 2024 849 quia
2046 805 2103 840 hic

1218 852 1384 887 omittitur
1396 853 1495 888 etiam
1508 854 1638 898 Europa
1649 876 1660 892 ‚
1685 854 1777 897 cujus
1797 866 1907 889 tamen
1931 855 2107 899 Metropo-

1216 901 1274 936 lita
1295 903 1426 938 Fritilas
1446 904 1509 944 fuit
1523 904 1607 939 inter
1619 902 1782 940 Primores
1806 904 1902 949 hujus
1920 906 2103 944 Fastionis.

1216 952 1402 988 Secundum
1415 953 1589 996 discrimen
1602 954 1648 989 est
1661 979 1673 995 ,
1695 956 1788 1001 quod
1800 955 1992 994 Caffinenfis
2005 956 2108 990 trans-

1215 1002 1296 1038 latio
1320 1005 1416 1039 nobis
1438 1004 1580 1044 adducat
1605 1005 1760 1040 Pisidiam
1774 1007 1973 1046 secundam,
2000 1005 2105 1043 haere-

1216 1062 1276 1090 nus
1297 1054 1449 1098 ignotam
1470 1080 1477 1087 .
1522 1055 1659 1094 Etenim
1685 1055 1802 1090 Pifidia
1829 1056 1910 1090 olim
1949 1055 2104 1100 quidem,

1213 1102 1346 1140 videtur*
1355 1104 1445 1149 quod
1455 1105 1497 1142 ab
1509 1105 1708 1148 Imperatore
1720 1106 1863 1146 Valente
1875 1131 1886 1148 ‚
1913 1106 1977 1140 fuit
1986 1107 2104 1146 divisa,

1211 1161 1358 1186 attamen
1382 1165 1451 1188 non
1473 1153 1509 1187 in
1531 1156 1669 1198 primam
1695 1156 1729 1189 &
1749 1156 1926 1190 secundam
1949 1179 1960 1195 ,
1988 1154 2041 1190 sed
2064 1156 2100 1193 in

1211 1200 1367 1242 Pisidiam
1395 1216 1433 1238 ac
1445 1203 1675 1247 Lycaoniam.
1704 1204 1906 1242 Proindeest
1923 1207 2101 1243 mendum.

1211 1251 1467 1290 Emendandum
1490 1254 1536 1290 cst
1559 1265 1636 1290 cum
1658 1254 1788 1300 vulgata
1799 1254 2035 1295 translatione,
2063 1266 2103 1292 ac

1210 1302 1279 1346 ipso
1303 1303 1403 1337 etiam
1414 1304 1571 1348 originali
1597 1314 1690 1339 textu
1703 1319 1714 1338 .·
1740 1306 1934 1347 Cappadocia
1946 1303 2081 1348 secunde
2093 1329 2102 1342 ,-

1211 1351 1343 1385 Etenim
1378 1353 1555 1388 Eutherius
1574 1353 1789 1397 Thyanenfis
1812 1355 1997 1398 Episcopus
2016 1379 2028 1395 ,
2055 1356 2102 1389 se-

1207 1402 1322 1448 cundae
1334 1401 1551 1446 Cappadociae
1562 1403 1780 1447 Metropolita
1793 1426 1804 1446 ‚
1830 1405 1894 1438 fnit
1916 1403 2102 1451 pertinacis*

1206 1451 1301 1486 fimus
1318 1450 1421 1491 hostis
1449 1446 1773 1498 EphefinaeSynodi.
2091 1475 2093 1478 -

1255 1502 1442 1542 Discrimen
1455 1504 1590 1539 tertium
1601 1499 1669 1545 eff,
1698 1504 1790 1545 quod
1803 1503 1935 1548 vulgata
1967 1503 2101 1539 transla-

1205 1551 1254 1586 tio
1272 1551 1391 1599 habeat
1402 1551 1490 1587 hanc
1499 1553 1776 1597 subscriptionem
1790 1567 1797 1588 :
1817 1556 1964 1598 Joannes
1978 1552 2101 1597 Epist-o·

1200 1610 1260 1644 pus
1276 1602 1442 1637 Antiochia·
1469 1604 1637 1641 ,orientalis
1657 1604 1776 1638 SanHae
1797 1603 1891 1641 Fidei
1907 1602 2100 1647 praescripta

1202 1651 1338 1695 confi-nst.
1369 1653 1412 1687 Et
1425 1653 1587 1689 Aetorum
1596 1654 1809 1698 Compilator
1822 1654 1995 1696 adjunxit:
2022 1653 2098 1688 sub«

1198 1701 1381 1746 scripserunt
1392 1703 1632 1747 autemfimiliter
1658 1706 1693 1738 6*
1706 1707 1811 1748 reliqui
1822 1702 1952 1749 ipfhrum
1974 1703 2098 1748 Episco-

1198 1757 1234 1795 pi
1244 1776 1254 1793 ,
1283 1759 1334 1797 qui
1364 1759 1454 1789 etiam
1471 1763 1528 1797 per
1551 1754 1715 1798 Epistolam
1737 1780 1748 1797 ‚
1782 1765 1850 1799 quae
1877 1752 2096 1803 subjungituQ

1202 1803 1317 1845 Rufum
1342 1802 1523 1847 Episcopum
1535 1829 1546 1845 ‚
1572 1815 1608 1844 {tt
1629 1803 1696 1846 ipsis
1717 1807 1918 1844 auxiliaretur
1936 1830 1947 1846 ,
1971 1815 2096 1854 rogave·-

1203 1861 1274 1884 runt
1289 1877 1295 1884 .
1324 1853 1406 1899 Qae
1419 1854 1609 1888 subnotatio
1622 1867 1684 1889 nos
1693 1856 1792 1890 docet
1805 1857 1914 1898 aliqua
1930 1866 1998 1888 non
2020 1856 2096 1893 inu·

1203 1901 1274 1937 tilia
1285 1926 1293 1934 .
1320 1901 1435 1938 Primo
1446 1929 1456 1943 ‚
1484 1904 1575 1946 quod
1588 1903 1748 1939 hodierna
1759 1904 1982 1948 synodalium
1994 1905 2094 1938 Λᾶο·

1203 1962 1274 1984 rum
1286 1953 1482 1994 compilatio
1496 1954 1534 1987 fit
1544 1953 1677 1988 alterata
1689 1979 1700 1995 ,
1727 1955 1763 1994 ὃς
1777 1965 1844 1988 non
1858 1965 1972 2001 parum
1996 1953 2094 1989 diffe-

1202 2010 1249 2034 rat
1262 1999 1302 2033 ab
1316 2002 1450 2045 antiqua
1463 2025 1470 2039 ,
1498 2003 1536 2037 ln
1549 2003 1685 2047 antiqua
1707 2005 1895 2047 praesentem
1916 2003 2094 2039 interlocu-

1202 2049 1327 2083 tionem
1341 2051 1528 2094 sequebatur
1540 2054 1724 2090 conformis
1744 2054 1784 2087 ad
1796 2052 1924 2091 Rufum
1947 2051 2093 2091 Thessa-

1202 2099 1403 2137 lonicensem
1425 2100 1596 2145 Epistola,
1622 2103 1725 2145 ipsam
1751 2114 1922 2147 exponens
1947 2104 1981 2137 δε
2003 2114 2093 2138 com-

1203 2149 1362 2183 mendans
1397 2175 1407 2192 ,
1446 2151 1688 2199 imploransqu‘e
1719 2153 1800 2193 Rufi
1839 2153 2059 2200 patrocinium
2082 2178 2090 2190 .

1199 2198 1379 2243 Temporis
1392 2200 1510 2245 injuria
1523 2202 1624 2248 ipsam
1635 2204 1740 2237 amisit
1751 2229 1762 2249 ,
1789 2213 1847 2238 aut
1860 2204 1947 2238 certe
1957 2204 2091 2239 abscou-

1201 2249 1269 2283 dit.
1297 2250 1375 2285 Fuit
1387 2251 1603 2288 omninoalia
1623 2253 1665 2289 ab
1677 2254 1758 2295 ista,
1784 2264 1884 2297 quam
1906 2252 2016 2287 adhuc
2036 2265 2091 2288 re·-

1201 2300 1344 2334 tinemus
1359 2301 1392 2334 in
1407 2302 1499 2341 Attis
1516 2303 1757 2349 Synodalibus.
1786 2305 1867 2338 Haec
1876 2306 1966 2338 enim
1990 2302 2092 2340 habet

1200 2349 1285 2384 hane
1307 2348 1579 2387 adnotationem:
1609 2353 1743 2395 Epistola
1766 2357 1962 2396 quorumdam
1987 2358 2092 2390 Orien·

1196 2401 1306 2437 talium
1318 2424 1328 2441 ,
1356 2406 1409 2443 qui
1422 2402 1702 2444 Constantinopolim
1715 2404 1914 2448 miffifuerant
1927 2429 1938 2444 ,
1964 2405 2009 2437 ad
2028 2407 2090 2440 Ru·

1189 2448 1263 2490 fa'm
1274 2448 1457 2492 Episcopum
1467 2474 1474 2482 .
1500 2452 1578 2490 Fuit
1591 2464 1657 2485 non
1672 2453 1788 2495 Ephesi
1803 2453 1879 2489 data
1890 2477 1900 2494 ‚
1928 2453 1983 2490 sed
1996 2453 2088 2488 Gou-

1197 2498 1412 2543 stantinopoli
1425 2524 1435 2540 ‚
1464 2501 1519 2539 seu
1533 2501 1644 2544 potius
1656 2500 1885 2539 Chalcedone.
1917 2503 2023 2537 Lucet
2043 2514 2089 2538 ex

1196 2548 1351 2583 finalibus
1361 2550 1468 2585 verbis
1485 2563 1493 2582 ε
1518 2553 1671 2593 ,Quoniam
1690 2553 1864 2590 verojux‘ta
1889 2553 2010 2592 Piiffimi
2027 2557 2086 2585 Im-

1191 2604 1344 2644 peratoris
1367 2599 1547 2634 Mandatum
1568 2605 1601 2631 in
1613 2604 1767 2639 civitatem
1786 2601 2090 2643 Constantinopolita-

1195 2660 1267 2681 nam
1279 2652 1417 2683 venimus
1430 2671 1441 2687 ‚
1466 2645 1671 2690 adsi-ripfimus
1691 2654 1784 2682 etiam
1808 2652 1973 2692 exemplum
1994 2654 2086 2685 Man-

1194 2698 1263 2731 dat}
1286 2698 1308 2734 ἃ
1331 2696 1444 2734 sanila
1467 2699 1573 2740 Synodo
1584 2699 1668 2732 nobis
1678 2700 1768 2739 dati,
1793 2711 1849 2742 quo
1869 2703 2038 2734 Provincia
2050 2706 2084 2737 m

1194 2748 1244 2786 illo
1254 2745 1398 2788 recenfitae
1412 2746 1639 2791 dignoscantur.
1668 2752 1737 2782 Eas
1747 2756 1825 2783 enim
1849 2753 1868 2786 ὰ
1881 2753 2084 2794 Metropolita-

1194 2808 1259 2830 rum
1277 2795 1538 2840 subscriptionibus
1557 2798 1711 2834 sanffltas
1732 2809 1787 2835 tua
1799 2799 1961 2844 cognoscet.
1989 2801 2085 2838 Prior

1201 2847 1359 2891 Epistola·
1375 2846 1416 2881 ab
1442 2847 1595 2882 omnibus
1621 2849 1858 2887 Conventiculi
1885 2850 2080 2896 Epffcopis,

1195 2896 1262 2932 haec
1272 2907 1382 2934 autem
1395 2897 1568 2941 subscripta
1588 2899 1652 2934 fuit
1669 2900 1687 2934 a
1710 2900 1787 2934 solis
1796 2903 1870 2934 neto
1892 2901 1963 2943 ejus
1976 2901 2083 2946 Lega-

1195 2949 1255 2987 tis.
1281 2946 1392 2993 Qare
1410 2956 1493 2986 errat
1505 2947 1568 2982 hoc
1592 2947 1633 2985 ad
1645 2952 1833 2993 praesentem
1857 2950 2082 2985 interlocutio·

1195 3009 1271 3033 nem
1284 2997 1465 3041 marginale
1475 2997 1634 3037 Scholion
1648 3013 1660 3034 .-
1687 3000 1820 3042 Epistola
1832 3000 1895 3033 baec
1910 3003 1956 3037 ad
1966 2999 2083 3044 Rufum

1194 3047 1317 3083 babetur
1328 3047 1415 3089 infra
1421 3046 1475 3090 suo
1485 3049 1542 3085 loco
1554 3073 1564 3089 ,
1583 3052 1679 3095 juxta
1688 3049 1796 3094 seriem
1806 3061 1902 3088 rerum
1909 3045 2054 3099 gestarum
2065 3075 2075 3084 .

1193 3098 1356 3146 Qartum
1370 3096 1502 3134 tandem
1516 3099 1630 3134 harum
1643 3101 1892 3135 translationum
1905 3101 2082 3139 discrimen

1193 3150 1238 3182 est
1250 3173 1261 3189 ‚
1287 3145 1377 3191 quod
1394 3150 1500 3183 nostra
1514 3148 1709 3188 Cassinenfis
1733 3152 1767 3185 in
1782 3152 1849 3186 fine
1859 3151 1978 3189 addat:
2003 3153 2082 3186 san·

1192 3198 1270 3236 ‹Jum
1291 3200 1446 3234 Decretum
1469 3199 1606 3234 authores
1619 3202 1686 3245 ejus
1699 3201 1892 3250 confifflonem
1908 3201 1983 3247 fidel
1994 3211 2081 3234 voca»-

1193 3258 1304 3285 verunt
1324 3273 1332 3281 .
1369 3248 1532 3286 Existimo
1559 3250 1913 3287 effe.additamentum
1943 3250 2080 3290 Irenaei,

1193 3299 1249 3343 qui
1264 3299 1386 3342 primus
1395 3300 1588 3343 compilavit
1601 3298 1667 3336 haec
1682 3302 1784 3340 Asta,
1813 3302 1967 3339 ,Affirmat
1991 3298 2078 3334 hane

1193 3348 1480 3383 interlocutionem
1502 3349 1749 3388 Conventiculo
1773 3350 1866 3389 fifisse
1890 3350 1973 3387 adeo
2000 3350 2078 3384 San·

1194 3400 1276 3438 ctam
1288 3421 1299 3439 ‚
1324 3409 1360 3434 ut
1372 3399 1474 3444 ipsam
1484 3401 1721 3446 appellaverint
1730 3400 1984 3483 confesiiouenll-1
1979 3400 2054 3434 fidei
2067 3423 2077 3433 ·

1986 3461 2027 3484 oc
