<?xml version="1.0" encoding="UTF-8"?>
<!DOCTYPE html PUBLIC "-//W3C//DTD XHTML 1.0 Transitional//EN"
    "http://www.w3.org/TR/xhtml1/DTD/xhtml1-transitional.dtd">
<html xmlns="http://www.w3.org/1999/xhtml" xml:lang="en" lang="en">
 <head>
  <title>
</title>
<meta http-equiv="Content-Type" content="text/html;charset=utf-8" />
  <meta name='ocr-system' content='tesseract 3.04.00' />
  <meta name='ocr-capabilities' content='ocr_page ocr_carea ocr_par ocr_line ocrx_word'/>
</head>
<body>
  <div class='ocr_page' id='page_1' title='image "./operaomniastudio07lupuuoft/operaomniastudio07lupuuoft_0073.png"; bbox 0 0 2320 3730; ppageno 0'>
   <div class='ocr_carea' id='block_1_1' title="bbox 604 159 1702 221">
    <p class='ocr_par' dir='ltr' id='par_1_1' title="bbox 604 159 1702 221">
     <span class='ocr_line' id='line_1_1' title="bbox 604 159 1702 221; baseline -0.001 -11"><span class='ocrx_word' id='word_1_1' title='bbox 604 165 914 221; x_wconf 81' lang='lat' dir='ltr'>SCHOLIIS,</span> <span class='ocrx_word' id='word_1_2' title='bbox 955 179 1020 207; x_wconf 73' lang='lat' dir='ltr'>er</span> <span class='ocrx_word' id='word_1_3' title='bbox 1056 159 1247 208; x_wconf 68' lang='lat' dir='ltr'>Nous</span> <span class='ocrx_word' id='word_1_4' title='bbox 1282 173 1702 209; x_wconf 75' lang='lat' dir='ltr'>ILLUSTRATAE.</span> 
     </span>
    </p>
   </div>
   <div class='ocr_carea' id='block_1_2' title="bbox 220 247 1111 396">
    <p class='ocr_par' dir='ltr' id='par_1_2' title="bbox 220 247 1111 396">
     <span class='ocr_line' id='line_1_2' title="bbox 220 247 1110 293; baseline -0.003 -9"><span class='ocrx_word' id='word_1_5' title='bbox 220 251 256 285; x_wconf 77' lang='lat' dir='ltr'>id</span> <span class='ocrx_word' id='word_1_6' title='bbox 265 253 383 286; x_wconf 76' lang='lat' dir='ltr'>aluntur</span> <span class='ocrx_word' id='word_1_7' title='bbox 393 247 525 291; x_wconf 73' lang='lat' dir='ltr'>Ecclelt&#39;ae</span> <span class='ocrx_word' id='word_1_8' title='bbox 531 255 661 292; x_wconf 80' lang='lat' dir='ltr'>pecunia</span> <span class='ocrx_word' id='word_1_9' title='bbox 675 275 687 291; x_wconf 90' lang='lat'>,</span> <span class='ocrx_word' id='word_1_10' title='bbox 712 252 746 284; x_wconf 70' lang='lat' dir='ltr'>&lt;it</span> <span class='ocrx_word' id='word_1_11' title='bbox 756 258 811 292; x_wconf 83' lang='lat' dir='ltr'>per</span> <span class='ocrx_word' id='word_1_12' title='bbox 822 262 895 293; x_wconf 73' lang='lat' dir='ltr'>quor</span> <span class='ocrx_word' id='word_1_13' title='bbox 908 254 1041 284; x_wconf 77' lang='lat' dir='ltr'>convitia</span> <span class='ocrx_word' id='word_1_14' title='bbox 1055 249 1110 286; x_wconf 79' lang='lat' dir='ltr'>ja-</span> 
     </span>
     <span class='ocr_line' id='line_1_3' title="bbox 221 300 1109 344; baseline -0.008 -7"><span class='ocrx_word' id='word_1_15' title='bbox 221 304 344 337; x_wconf 74' lang='lat' dir='ltr'>8antur·</span> <span class='ocrx_word' id='word_1_16' title='bbox 368 325 375 333; x_wconf 91' lang='lat'><em>.</em></span> <span class='ocrx_word' id='word_1_17' title='bbox 406 304 494 334; x_wconf 75' lang='lat' dir='ltr'>Hanc</span> <span class='ocrx_word' id='word_1_18' title='bbox 511 303 601 343; x_wconf 61' lang='lat' dir='ltr'>porro</span> <span class='ocrx_word' id='word_1_19' title='bbox 622 300 812 344; x_wconf 77' lang='lat' dir='ltr'>insolentiam</span> <span class='ocrx_word' id='word_1_20' title='bbox 838 312 873 334; x_wconf 85' lang='lat' dir='ltr'>ae</span> <span class='ocrx_word' id='word_1_21' title='bbox 890 305 1086 333; x_wconf 76' lang='lat' dir='ltr'><em>temeritatem</em></span> <span class='ocrx_word' id='word_1_22' title='bbox 1098 322 1109 338; x_wconf 95' lang='lat'>,</span> 
     </span>
     <span class='ocr_line' id='line_1_4' title="bbox 220 348 1111 396; baseline -0.004 -12"><span class='ocrx_word' id='word_1_23' title='bbox 220 348 467 396; x_wconf 79' lang='lat' dir='ltr'>quotidianasque</span> <span class='ocrx_word' id='word_1_24' title='bbox 488 355 595 387; x_wconf 80' lang='lat' dir='ltr'>Irenaei</span> <span class='ocrx_word' id='word_1_25' title='bbox 609 351 883 395; x_wconf 80' lang='lat' dir='ltr'>Magnificenttffimi</span> <span class='ocrx_word' id='word_1_26' title='bbox 905 354 1033 383; x_wconf 81' lang='lat' dir='ltr'>Comitis</span> <span class='ocrx_word' id='word_1_27' title='bbox 1053 354 1111 380; x_wconf 78' lang='lat' dir='ltr'>im-</span> 
     </span>
    </p>
   </div>
   <div class='ocr_carea' id='block_1_3' title="bbox 1172 173 2064 390">
    <p class='ocr_par' dir='ltr' id='par_1_3' title="bbox 1924 173 1992 224">
     <span class='ocr_line' id='line_1_5' title="bbox 1924 173 1992 224; baseline 0 0"><span class='ocrx_word' id='word_1_28' title='bbox 1924 173 1992 224; x_wconf 81' lang='lat'>67</span> 
     </span>
    </p>

    <p class='ocr_par' dir='ltr' id='par_1_4' title="bbox 1172 243 2064 390">
     <span class='ocr_line' id='line_1_6' title="bbox 1172 243 2064 290; baseline 0.001 -10"><span class='ocrx_word' id='word_1_29' title='bbox 1172 246 1292 290; x_wconf 80' lang='lat' dir='ltr'>quidem</span> <span class='ocrx_word' id='word_1_30' title='bbox 1314 249 1465 285; x_wconf 66' lang='lat' dir='ltr'>Tyriorum</span> <span class='ocrx_word' id='word_1_31' title='bbox 1486 243 1618 287; x_wconf 79' lang='lat' dir='ltr'>Ecclefia</span> <span class='ocrx_word' id='word_1_32' title='bbox 1637 248 1807 288; x_wconf 80' lang='lat' dir='ltr'>expellatur</span> <span class='ocrx_word' id='word_1_33' title='bbox 1820 271 1832 288; x_wconf 95' lang='lat'>,</span> <span class='ocrx_word' id='word_1_34' title='bbox 1853 251 2000 290; x_wconf 81' lang='lat' dir='ltr'>privatus</span> <span class='ocrx_word' id='word_1_35' title='bbox 2011 259 2064 281; x_wconf 83' lang='lat' dir='ltr'>au-</span> 
     </span>
     <span class='ocr_line' id='line_1_7' title="bbox 1174 292 2061 343; baseline 0.003 -13"><span class='ocrx_word' id='word_1_36' title='bbox 1174 307 1233 330; x_wconf 86' lang='lat' dir='ltr'>tem</span> <span class='ocrx_word' id='word_1_37' title='bbox 1256 303 1288 330; x_wconf 90' lang='lat' dir='ltr'>in</span> <span class='ocrx_word' id='word_1_38' title='bbox 1295 301 1398 339; x_wconf 83' lang='lat' dir='ltr'>patrio</span> <span class='ocrx_word' id='word_1_39' title='bbox 1417 292 1607 339; x_wconf 67' lang='lat' dir='ltr'>tantumsolo</span> <span class='ocrx_word' id='word_1_40' title='bbox 1629 296 1723 343; x_wconf 73' lang='lat' dir='ltr'>degat</span> <span class='ocrx_word' id='word_1_41' title='bbox 1736 320 1747 336; x_wconf 93' lang='lat'>,</span> <span class='ocrx_word' id='word_1_42' title='bbox 1772 298 1877 332; x_wconf 81' lang='lat' dir='ltr'>babitu</span> <span class='ocrx_word' id='word_1_43' title='bbox 1898 300 1932 334; x_wconf 64' lang='grc' dir='ltr'><strong><em>Θ</em></strong></span> <span class='ocrx_word' id='word_1_44' title='bbox 1944 303 2061 333; x_wconf 82' lang='lat' dir='ltr'>nomine</span> 
     </span>
     <span class='ocr_line' id='line_1_8' title="bbox 1175 344 2062 390; baseline 0.002 -9"><span class='ocrx_word' id='word_1_45' title='bbox 1175 347 1338 381; x_wconf 78' lang='lat' dir='ltr'>sacerdms</span> <span class='ocrx_word' id='word_1_46' title='bbox 1354 344 1483 390; x_wconf 78' lang='lat' dir='ltr'>prorsus</span> <span class='ocrx_word' id='word_1_47' title='bbox 1500 355 1610 381; x_wconf 81' lang='lat' dir='ltr'>exutus</span> <span class='ocrx_word' id='word_1_48' title='bbox 1626 369 1634 377; x_wconf 85' lang='lat'><strong>.</strong></span> <span class='ocrx_word' id='word_1_49' title='bbox 1657 345 1740 381; x_wconf 69' lang='lat' dir='ltr'>Haec</span> <span class='ocrx_word' id='word_1_50' title='bbox 1763 347 1815 382; x_wconf 79' lang='lat' dir='ltr'>lex</span> <span class='ocrx_word' id='word_1_51' title='bbox 1838 348 1932 384; x_wconf 80' lang='lat' dir='ltr'>miffa</span> <span class='ocrx_word' id='word_1_52' title='bbox 1949 349 1998 383; x_wconf 89' lang='lat' dir='ltr'>est</span> <span class='ocrx_word' id='word_1_53' title='bbox 2017 347 2062 383; x_wconf 89' lang='lat' dir='ltr'>ad</span> 
     </span>
    </p>
   </div>
   <div class='ocr_carea' id='block_1_4' title="bbox 214 395 2064 451">
    <p class='ocr_par' dir='ltr' id='par_1_5' title="bbox 214 395 2064 451">
     <span class='ocr_line' id='line_1_9' title="bbox 214 395 2064 451; baseline 0 -18"><span class='ocrx_word' id='word_1_54' title='bbox 214 400 353 451; x_wconf 61' lang='lat' dir='ltr'>pollutas</span> <span class='ocrx_word' id='word_1_55' title='bbox 375 425 387 441; x_wconf 90' lang='lat'>,</span> <span class='ocrx_word' id='word_1_56' title='bbox 411 401 519 444; x_wconf 84' lang='lat' dir='ltr'>quibus</span> <span class='ocrx_word' id='word_1_57' title='bbox 535 400 720 444; x_wconf 76' lang='lat' dir='ltr'>fimpliciores</span> <span class='ocrx_word' id='word_1_58' title='bbox 742 406 937 436; x_wconf 80' lang='lat' dir='ltr'>circumvenit</span> <span class='ocrx_word' id='word_1_59' title='bbox 956 424 968 440; x_wconf 93' lang='lat'>,</span> <span class='ocrx_word' id='word_1_60' title='bbox 994 404 1109 439; x_wconf 80' lang='lat' dir='ltr'><em>excepit</em></span> <span class='ocrx_word' id='word_1_61' title='bbox 1175 398 1329 432; x_wconf 88' lang='lat' dir='ltr'>omnium</span> <span class='ocrx_word' id='word_1_62' title='bbox 1348 396 1582 432; x_wconf 76' lang='lat' dir='ltr'>Praetoriorum</span> <span class='ocrx_word' id='word_1_63' title='bbox 1606 395 1800 437; x_wconf 62' lang='lat' dir='ltr'>Praefectos,</span> <span class='ocrx_word' id='word_1_64' title='bbox 1825 398 1864 432; x_wconf 84' lang='lat' dir='ltr'>ac</span> <span class='ocrx_word' id='word_1_65' title='bbox 1875 410 1931 442; x_wconf 89' lang='lat' dir='ltr'>per</span> <span class='ocrx_word' id='word_1_66' title='bbox 1945 410 2064 435; x_wconf 87' lang='lat' dir='ltr'>omnes</span> 
     </span>
    </p>
   </div>
   <div class='ocr_carea' id='block_1_5' title="bbox 219 449 1131 3457">
    <p class='ocr_par' dir='ltr' id='par_1_6' title="bbox 219 449 1122 1750">
     <span class='ocr_line' id='line_1_10' title="bbox 220 449 1109 510; baseline -0.003 -27"><span class='ocrx_word' id='word_1_67' title='bbox 220 450 394 489; x_wconf 68' lang='lat' dir='ltr'>Antiocheni</span> <span class='ocrx_word' id='word_1_68' title='bbox 407 449 546 494; x_wconf 72' lang='lat' dir='ltr'><em>Episcopi</em></span> <span class='ocrx_word' id='word_1_69' title='bbox 552 451 717 510; x_wconf 43' lang='lat' dir='ltr'>prgsentia</span> <span class='ocrx_word' id='word_1_70' title='bbox 728 477 735 485; x_wconf 92' lang='lat'>.</span> <span class='ocrx_word' id='word_1_71' title='bbox 764 451 848 496; x_wconf 83' lang='lat' dir='ltr'>Agit</span> <span class='ocrx_word' id='word_1_72' title='bbox 859 450 901 485; x_wconf 92' lang='lat' dir='ltr'>de</span> <span class='ocrx_word' id='word_1_73' title='bbox 910 450 1006 484; x_wconf 87' lang='lat' dir='ltr'>rebus</span> <span class='ocrx_word' id='word_1_74' title='bbox 1017 449 1109 482; x_wconf 66' lang='lat' dir='ltr'>faciis</span> 
     </span>
     <span class='ocr_line' id='line_1_11' title="bbox 220 499 1112 546; baseline -0.004 -11"><span class='ocrx_word' id='word_1_75' title='bbox 220 501 294 545; x_wconf 88' lang='lat' dir='ltr'>post</span> <span class='ocrx_word' id='word_1_76' title='bbox 315 501 494 537; x_wconf 82' lang='lat' dir='ltr'>adventum</span> <span class='ocrx_word' id='word_1_77' title='bbox 507 503 641 546; x_wconf 87' lang='lat' dir='ltr'>Joanms</span> <span class='ocrx_word' id='word_1_78' title='bbox 653 502 798 538; x_wconf 89' lang='lat' dir='ltr'>Comitis</span> <span class='ocrx_word' id='word_1_79' title='bbox 817 501 986 535; x_wconf 84' lang='lat' dir='ltr'>Sacrarum</span> <span class='ocrx_word' id='word_1_80' title='bbox 999 499 1112 542; x_wconf 88' lang='lat' dir='ltr'>Largi-</span> 
     </span>
     <span class='ocr_line' id='line_1_12' title="bbox 220 548 1111 596; baseline -0.007 -9"><span class='ocrx_word' id='word_1_81' title='bbox 220 552 376 588; x_wconf 72' lang='lat' dir='ltr'>tionum.</span> <span class='ocrx_word' id='word_1_82' title='bbox 403 552 509 587; x_wconf 91' lang='lat' dir='ltr'>Tunc</span> <span class='ocrx_word' id='word_1_83' title='bbox 525 554 615 587; x_wconf 88' lang='lat' dir='ltr'>enim</span> <span class='ocrx_word' id='word_1_84' title='bbox 636 564 692 596; x_wconf 88' lang='lat' dir='ltr'>per</span> <span class='ocrx_word' id='word_1_85' title='bbox 712 553 822 586; x_wconf 84' lang='lat' dir='ltr'>Sacras</span> <span class='ocrx_word' id='word_1_86' title='bbox 841 548 1029 584; x_wconf 76' lang='lat' dir='ltr'>Theodosii</span> <span class='ocrx_word' id='word_1_87' title='bbox 1051 548 1111 591; x_wconf 82' lang='lat' dir='ltr'>jus-</span> 
     </span>
     <span class='ocr_line' id='line_1_13' title="bbox 220 599 1112 647; baseline -0.007 -9"><span class='ocrx_word' id='word_1_88' title='bbox 220 602 329 638; x_wconf 72' lang='lat' dir='ltr'>siones</span> <span class='ocrx_word' id='word_1_89' title='bbox 340 603 534 640; x_wconf 79' lang='lat' dir='ltr'>confirmata</span> <span class='ocrx_word' id='word_1_90' title='bbox 545 604 610 638; x_wconf 81' lang='lat' dir='ltr'>fuit</span> <span class='ocrx_word' id='word_1_91' title='bbox 623 600 817 647; x_wconf 74' lang='lat' dir='ltr'>degradatio</span> <span class='ocrx_word' id='word_1_92' title='bbox 839 601 940 635; x_wconf 87' lang='lat' dir='ltr'>trium</span> <span class='ocrx_word' id='word_1_93' title='bbox 954 613 966 634; x_wconf 84' lang='lat'>.-</span> <span class='ocrx_word' id='word_1_94' title='bbox 993 599 1112 634; x_wconf 85' lang='lat' dir='ltr'>Nesto·</span> 
     </span>
     <span class='ocr_line' id='line_1_14' title="bbox 223 648 1111 697; baseline -0.002 -12"><span class='ocrx_word' id='word_1_95' title='bbox 223 652 295 693; x_wconf 84' lang='lat' dir='ltr'>rii,</span> <span class='ocrx_word' id='word_1_96' title='bbox 320 651 429 687; x_wconf 65' lang='lat' dir='ltr'>Sancti</span> <span class='ocrx_word' id='word_1_97' title='bbox 451 653 573 697; x_wconf 88' lang='lat' dir='ltr'>Cyrilli</span> <span class='ocrx_word' id='word_1_98' title='bbox 597 678 611 695; x_wconf 82' lang='lat'>,</span> <span class='ocrx_word' id='word_1_99' title='bbox 635 664 674 686; x_wconf 85' lang='lat' dir='ltr'>ac</span> <span class='ocrx_word' id='word_1_100' title='bbox 702 648 858 695; x_wconf 83' lang='lat' dir='ltr'>Ephefini</span> <span class='ocrx_word' id='word_1_101' title='bbox 894 648 1111 685; x_wconf 87' lang='lat' dir='ltr'>Memnonis.</span> 
     </span>
     <span class='ocr_line' id='line_1_15' title="bbox 223 699 1112 744; baseline -0.007 -6"><span class='ocrx_word' id='word_1_102' title='bbox 223 699 418 738; x_wconf 82' lang='lat' dir='ltr'>Nestorium</span> <span class='ocrx_word' id='word_1_103' title='bbox 429 703 552 739; x_wconf 88' lang='lat' dir='ltr'>Comes</span> <span class='ocrx_word' id='word_1_104' title='bbox 563 701 791 737; x_wconf 82' lang='lat' dir='ltr'>candidianus</span> <span class='ocrx_word' id='word_1_105' title='bbox 805 700 947 744; x_wconf 85' lang='lat' dir='ltr'>suscepit</span> <span class='ocrx_word' id='word_1_106' title='bbox 966 700 1004 735; x_wconf 90' lang='lat' dir='ltr'>in</span> <span class='ocrx_word' id='word_1_107' title='bbox 1021 700 1112 734; x_wconf 87' lang='lat' dir='ltr'>suam</span> 
     </span>
     <span class='ocr_line' id='line_1_16' title="bbox 221 749 1114 798; baseline -0.006 -11"><span class='ocrx_word' id='word_1_108' title='bbox 221 751 408 789; x_wconf 76' lang='lat' dir='ltr'>custodiam</span> <span class='ocrx_word' id='word_1_109' title='bbox 420 776 431 794; x_wconf 87' lang='lat'>‚</span> <span class='ocrx_word' id='word_1_110' title='bbox 455 753 539 789; x_wconf 83' lang='lat' dir='ltr'>acin</span> <span class='ocrx_word' id='word_1_111' title='bbox 551 752 714 798; x_wconf 81' lang='lat' dir='ltr'>zeuzippo</span> <span class='ocrx_word' id='word_1_112' title='bbox 725 752 855 796; x_wconf 80' lang='lat' dir='ltr'>posuit:</span> <span class='ocrx_word' id='word_1_113' title='bbox 884 750 928 785; x_wconf 92' lang='lat' dir='ltr'>Et</span> <span class='ocrx_word' id='word_1_114' title='bbox 947 750 1018 793; x_wconf 77' lang='lat' dir='ltr'>ejus</span> <span class='ocrx_word' id='word_1_115' title='bbox 1029 749 1114 784; x_wconf 89' lang='lat' dir='ltr'>mili-</span> 
     </span>
     <span class='ocr_line' id='line_1_17' title="bbox 222 800 1113 848; baseline -0.006 -10"><span class='ocrx_word' id='word_1_116' title='bbox 222 812 275 838; x_wconf 80' lang='lat' dir='ltr'>tes</span> <span class='ocrx_word' id='word_1_117' title='bbox 287 827 299 843; x_wconf 90' lang='lat'>,</span> <span class='ocrx_word' id='word_1_118' title='bbox 324 815 408 848; x_wconf 85' lang='lat' dir='ltr'>quos</span> <span class='ocrx_word' id='word_1_119' title='bbox 429 813 544 840; x_wconf 82' lang='lat' dir='ltr'>contra</span> <span class='ocrx_word' id='word_1_120' title='bbox 557 811 694 838; x_wconf 75' lang='lat' dir='ltr'>omnem</span> <span class='ocrx_word' id='word_1_121' title='bbox 707 802 871 846; x_wconf 82' lang='lat' dir='ltr'>Iustitiam</span> <span class='ocrx_word' id='word_1_122' title='bbox 897 812 936 836; x_wconf 88' lang='lat' dir='ltr'>ac</span> <span class='ocrx_word' id='word_1_123' title='bbox 948 800 1113 845; x_wconf 81' lang='lat' dir='ltr'>Regulam</span> 
     </span>
     <span class='ocr_line' id='line_1_18' title="bbox 224 849 1115 898; baseline -0.006 -9"><span class='ocrx_word' id='word_1_124' title='bbox 224 853 312 898; x_wconf 72' lang='lat' dir='ltr'>juffit</span> <span class='ocrx_word' id='word_1_125' title='bbox 334 855 380 889; x_wconf 88' lang='lat' dir='ltr'>ali</span> <span class='ocrx_word' id='word_1_126' title='bbox 401 865 444 889; x_wconf 81' lang='lat' dir='ltr'>ex</span> <span class='ocrx_word' id='word_1_127' title='bbox 467 851 641 897; x_wconf 75' lang='lat' dir='ltr'>Ephefinae</span> <span class='ocrx_word' id='word_1_128' title='bbox 667 852 818 887; x_wconf 69' lang='lat' dir='ltr'>Ecclesiae</span> <span class='ocrx_word' id='word_1_129' title='bbox 837 849 1091 896; x_wconf 85' lang='lat' dir='ltr'>Gazophylacio</span> <span class='ocrx_word' id='word_1_130' title='bbox 1104 874 1115 890; x_wconf 95' lang='lat'>,</span> 
     </span>
     <span class='ocr_line' id='line_1_19' title="bbox 224 900 1114 949; baseline -0.006 -10"><span class='ocrx_word' id='word_1_131' title='bbox 224 913 396 949; x_wconf 80' lang='lat' dir='ltr'>patrarunt</span> <span class='ocrx_word' id='word_1_132' title='bbox 415 913 611 938; x_wconf 86' lang='lat' dir='ltr'>memoratas</span> <span class='ocrx_word' id='word_1_133' title='bbox 630 903 827 946; x_wconf 80' lang='lat' dir='ltr'>petulantias</span> <span class='ocrx_word' id='word_1_134' title='bbox 839 927 852 944; x_wconf 93' lang='lat'>‚</span> <span class='ocrx_word' id='word_1_135' title='bbox 875 900 1072 938; x_wconf 87' lang='lat' dir='ltr'>inflammati</span> <span class='ocrx_word' id='word_1_136' title='bbox 1095 901 1114 935; x_wconf 74' lang='lat' dir='ltr'>a</span> 
     </span>
     <span class='ocr_line' id='line_1_20' title="bbox 222 951 1116 1006; baseline -0.004 -17"><span class='ocrx_word' id='word_1_137' title='bbox 222 953 364 989; x_wconf 82' lang='lat' dir='ltr'>Comite</span> <span class='ocrx_word' id='word_1_138' title='bbox 372 954 495 989; x_wconf 70' lang='lat' dir='ltr'>irenaeo</span> <span class='ocrx_word' id='word_1_139' title='bbox 503 978 512 987; x_wconf 89' lang='lat'><strong>.</strong></span> <span class='ocrx_word' id='word_1_140' title='bbox 543 953 616 1006; x_wconf 74' lang='lat' dir='ltr'>Qii</span> <span class='ocrx_word' id='word_1_141' title='bbox 630 951 681 988; x_wconf 87' lang='lat' dir='ltr'>his</span> <span class='ocrx_word' id='word_1_142' title='bbox 693 953 833 989; x_wconf 78' lang='lat' dir='ltr'>minime</span> <span class='ocrx_word' id='word_1_143' title='bbox 845 962 1026 988; x_wconf 84' lang='lat' dir='ltr'>contentus</span> <span class='ocrx_word' id='word_1_144' title='bbox 1037 961 1116 996; x_wconf 90' lang='lat' dir='ltr'>quo-</span> 
     </span>
     <span class='ocr_line' id='line_1_21' title="bbox 222 1002 1117 1047; baseline -0.004 -8"><span class='ocrx_word' id='word_1_145' title='bbox 222 1002 368 1042; x_wconf 66' lang='lat' dir='ltr'>tidianas</span> <span class='ocrx_word' id='word_1_146' title='bbox 383 1003 527 1039; x_wconf 84' lang='lat' dir='ltr'>addebat</span> <span class='ocrx_word' id='word_1_147' title='bbox 546 1003 741 1047; x_wconf 85' lang='lat' dir='ltr'>imposturas</span> <span class='ocrx_word' id='word_1_148' title='bbox 756 1026 768 1046; x_wconf 85' lang='lat'>‚</span> <span class='ocrx_word' id='word_1_149' title='bbox 791 1013 891 1047; x_wconf 88' lang='lat' dir='ltr'>atque</span> <span class='ocrx_word' id='word_1_150' title='bbox 914 1003 961 1038; x_wconf 88' lang='lat' dir='ltr'>ita</span> <span class='ocrx_word' id='word_1_151' title='bbox 981 1002 1117 1040; x_wconf 84' lang='lat' dir='ltr'>circum-</span> 
     </span>
     <span class='ocr_line' id='line_1_22' title="bbox 223 1050 1120 1098; baseline -0.006 -8"><span class='ocrx_word' id='word_1_152' title='bbox 223 1054 384 1091; x_wconf 71' lang='lat' dir='ltr'>scribebat</span> <span class='ocrx_word' id='word_1_153' title='bbox 394 1054 574 1097; x_wconf 77' lang='lat' dir='ltr'>simplicem</span> <span class='ocrx_word' id='word_1_154' title='bbox 585 1050 787 1097; x_wconf 84' lang='lat' dir='ltr'>Ephefinum</span> <span class='ocrx_word' id='word_1_155' title='bbox 798 1053 966 1098; x_wconf 85' lang='lat' dir='ltr'>Populum</span> <span class='ocrx_word' id='word_1_156' title='bbox 980 1078 987 1085; x_wconf 94' lang='lat'>.</span> <span class='ocrx_word' id='word_1_157' title='bbox 1015 1051 1120 1090; x_wconf 84' lang='lat' dir='ltr'>Nem·</span> 
     </span>
     <span class='ocr_line' id='line_1_23' title="bbox 221 1101 1116 1150; baseline -0.004 -11"><span class='ocrx_word' id='word_1_158' title='bbox 221 1115 351 1150; x_wconf 60' lang='lat' dir='ltr'>fecum</span> <span class='ocrx_word' id='word_1_159' title='bbox 364 1105 495 1149; x_wconf 78' lang='lat' dir='ltr'>Joanne</span> <span class='ocrx_word' id='word_1_160' title='bbox 512 1103 651 1138; x_wconf 86' lang='lat' dir='ltr'>Comite</span> <span class='ocrx_word' id='word_1_161' title='bbox 669 1101 806 1140; x_wconf 80' lang='lat' dir='ltr'>redierat</span> <span class='ocrx_word' id='word_1_162' title='bbox 817 1101 1116 1147; x_wconf 84' lang='lat' dir='ltr'>Constantinopoli</span> 
     </span>
     <span class='ocr_line' id='line_1_24' title="bbox 221 1152 1118 1199; baseline 0.001 -9"><span class='ocrx_word' id='word_1_163' title='bbox 221 1152 415 1199; x_wconf 80' lang='lat' dir='ltr'>Ephesum,</span> <span class='ocrx_word' id='word_1_164' title='bbox 441 1154 476 1191; x_wconf 69' lang='grc' dir='ltr'>δε</span> <span class='ocrx_word' id='word_1_165' title='bbox 496 1154 539 1189; x_wconf 88' lang='lat' dir='ltr'>fic</span> <span class='ocrx_word' id='word_1_166' title='bbox 561 1154 665 1189; x_wconf 82' lang='lat' dir='ltr'>multa</span> <span class='ocrx_word' id='word_1_167' title='bbox 677 1153 898 1189; x_wconf 80' lang='lat' dir='ltr'>mentiebatur</span> <span class='ocrx_word' id='word_1_168' title='bbox 910 1154 952 1189; x_wconf 93' lang='lat' dir='ltr'>de</span> <span class='ocrx_word' id='word_1_169' title='bbox 964 1153 1057 1188; x_wconf 69' lang='lat' dir='ltr'>Auis</span> <span class='ocrx_word' id='word_1_170' title='bbox 1082 1152 1118 1191; x_wconf 65' lang='grc' dir='ltr'><strong>ἃ</strong></span> 
     </span>
     <span class='ocr_line' id='line_1_25' title="bbox 221 1203 1118 1249; baseline -0.006 -7"><span class='ocrx_word' id='word_1_171' title='bbox 221 1206 335 1242; x_wconf 66' lang='lat' dir='ltr'>Dictis</span> <span class='ocrx_word' id='word_1_172' title='bbox 346 1204 364 1238; x_wconf 68' lang='lat' dir='ltr'>a</span> <span class='ocrx_word' id='word_1_173' title='bbox 373 1203 527 1248; x_wconf 84' lang='lat' dir='ltr'>Principe</span> <span class='ocrx_word' id='word_1_174' title='bbox 538 1204 693 1239; x_wconf 76' lang='lat' dir='ltr'>adversus</span> <span class='ocrx_word' id='word_1_175' title='bbox 705 1204 874 1249; x_wconf 86' lang='lat' dir='ltr'>Cyrillum</span> <span class='ocrx_word' id='word_1_176' title='bbox 900 1215 939 1239; x_wconf 93' lang='lat' dir='ltr'>ac</span> <span class='ocrx_word' id='word_1_177' title='bbox 961 1205 1118 1238; x_wconf 88' lang='lat' dir='ltr'>Memno·</span> 
     </span>
     <span class='ocr_line' id='line_1_26' title="bbox 223 1253 1118 1297; baseline -0.007 -5"><span class='ocrx_word' id='word_1_178' title='bbox 223 1267 305 1292; x_wconf 75' lang='lat' dir='ltr'>nem</span> <span class='ocrx_word' id='word_1_179' title='bbox 315 1280 323 1289; x_wconf 92' lang='lat'><em>.</em></span> <span class='ocrx_word' id='word_1_180' title='bbox 350 1255 445 1289; x_wconf 84' lang='lat' dir='ltr'>Hinc</span> <span class='ocrx_word' id='word_1_181' title='bbox 454 1253 622 1289; x_wconf 70' lang='lat' dir='ltr'>Memnon</span> <span class='ocrx_word' id='word_1_182' title='bbox 632 1253 807 1289; x_wconf 87' lang='lat' dir='ltr'>concludit</span> <span class='ocrx_word' id='word_1_183' title='bbox 820 1256 911 1289; x_wconf 86' lang='lat' dir='ltr'>suam</span> <span class='ocrx_word' id='word_1_184' title='bbox 924 1253 1118 1297; x_wconf 83' lang='lat' dir='ltr'>Epistolam:</span> 
     </span>
     <span class='ocr_line' id='line_1_27' title="bbox 219 1302 1119 1351; baseline -0.004 -11"><span class='ocrx_word' id='word_1_185' title='bbox 219 1309 354 1351; x_wconf 56' lang='lat' dir='ltr'>Quare,</span> <span class='ocrx_word' id='word_1_186' title='bbox 379 1305 552 1345; x_wconf 60' lang='lat' dir='ltr'>Santqffmi</span> <span class='ocrx_word' id='word_1_187' title='bbox 561 1308 650 1344; x_wconf 84' lang='lat' dir='ltr'>Viri,</span> <span class='ocrx_word' id='word_1_188' title='bbox 675 1309 758 1338; x_wconf 84' lang='lat' dir='ltr'>omni</span> <span class='ocrx_word' id='word_1_189' title='bbox 768 1302 906 1338; x_wconf 79' lang='lat' dir='ltr'>adhibito</span> <span class='ocrx_word' id='word_1_190' title='bbox 913 1302 1013 1345; x_wconf 83' lang='lat' dir='ltr'>studio</span> <span class='ocrx_word' id='word_1_191' title='bbox 1030 1302 1119 1346; x_wconf 84' lang='lat' dir='ltr'>sata-</span> 
     </span>
     <span class='ocr_line' id='line_1_28' title="bbox 219 1354 1120 1405; baseline -0.006 -15"><span class='ocrx_word' id='word_1_192' title='bbox 219 1363 308 1405; x_wconf 69' lang='lat' dir='ltr'>gite,</span> <span class='ocrx_word' id='word_1_193' title='bbox 331 1364 365 1389; x_wconf 86' lang='lat' dir='ltr'>ut</span> <span class='ocrx_word' id='word_1_194' title='bbox 383 1354 658 1399; x_wconf 69' lang='lat' dir='ltr'>magnificentissimi</span> <span class='ocrx_word' id='word_1_195' title='bbox 678 1361 835 1394; x_wconf 83' lang='lat' dir='ltr'>comites,</span> <span class='ocrx_word' id='word_1_196' title='bbox 859 1360 913 1398; x_wconf 84' lang='lat' dir='ltr'>qui</span> <span class='ocrx_word' id='word_1_197' title='bbox 929 1355 1062 1396; x_wconf 75' lang='lat' dir='ltr'>quotidie</span> <span class='ocrx_word' id='word_1_198' title='bbox 1079 1358 1120 1387; x_wconf 85' lang='lat' dir='ltr'>ci-</span> 
     </span>
     <span class='ocr_line' id='line_1_29' title="bbox 224 1403 1119 1448; baseline -0.002 -9"><span class='ocrx_word' id='word_1_199' title='bbox 224 1412 357 1440; x_wconf 71' lang='lat' dir='ltr'>vitatem</span> <span class='ocrx_word' id='word_1_200' title='bbox 381 1407 415 1440; x_wconf 71' lang='lat' dir='ltr'>&lt;tt</span> <span class='ocrx_word' id='word_1_201' title='bbox 431 1405 526 1447; x_wconf 77' lang='lat' dir='ltr'>fidem</span> <span class='ocrx_word' id='word_1_202' title='bbox 545 1406 726 1439; x_wconf 81' lang='lat' dir='ltr'>conturbant</span> <span class='ocrx_word' id='word_1_203' title='bbox 751 1429 763 1446; x_wconf 93' lang='lat'>‚</span> <span class='ocrx_word' id='word_1_204' title='bbox 786 1404 859 1439; x_wconf 82' lang='lat' dir='ltr'>binc</span> <span class='ocrx_word' id='word_1_205' title='bbox 879 1403 1056 1448; x_wconf 82' lang='lat' dir='ltr'>discedant,</span> <span class='ocrx_word' id='word_1_206' title='bbox 1082 1414 1119 1438; x_wconf 87' lang='lat' dir='ltr'>ne</span> 
     </span>
     <span class='ocr_line' id='line_1_30' title="bbox 224 1452 1122 1499; baseline 0 -9"><span class='ocrx_word' id='word_1_207' title='bbox 224 1456 339 1490; x_wconf 71' lang='lat' dir='ltr'>callida</span> <span class='ocrx_word' id='word_1_208' title='bbox 348 1466 449 1490; x_wconf 84' lang='lat' dir='ltr'>eorum</span> <span class='ocrx_word' id='word_1_209' title='bbox 467 1453 676 1498; x_wconf 78' lang='lat' dir='ltr'>subreptione,</span> <span class='ocrx_word' id='word_1_210' title='bbox 701 1466 769 1499; x_wconf 66' lang='lat' dir='ltr'>quae</span> <span class='ocrx_word' id='word_1_211' title='bbox 788 1455 866 1498; x_wconf 84' lang='lat' dir='ltr'>fidei</span> <span class='ocrx_word' id='word_1_212' title='bbox 881 1452 981 1498; x_wconf 79' lang='lat' dir='ltr'>sunt,</span> <span class='ocrx_word' id='word_1_213' title='bbox 1006 1455 1122 1490; x_wconf 75' lang='lat' dir='ltr'>adulte-</span> 
     </span>
     <span class='ocr_line' id='line_1_31' title="bbox 224 1503 1117 1548; baseline -0.001 -9"><span class='ocrx_word' id='word_1_214' title='bbox 224 1512 293 1543; x_wconf 72' lang='lat' dir='ltr'>rari</span> <span class='ocrx_word' id='word_1_215' title='bbox 302 1510 476 1548; x_wconf 76' lang='lat' dir='ltr'>contingat.</span> <span class='ocrx_word' id='word_1_216' title='bbox 501 1504 663 1539; x_wconf 85' lang='lat' dir='ltr'>Notanda</span> <span class='ocrx_word' id='word_1_217' title='bbox 676 1506 752 1540; x_wconf 90' lang='lat' dir='ltr'>sunt</span> <span class='ocrx_word' id='word_1_218' title='bbox 778 1506 814 1539; x_wconf 84' lang='lat'>&amp;</span> <span class='ocrx_word' id='word_1_219' title='bbox 836 1503 903 1540; x_wconf 81' lang='lat' dir='ltr'>haec</span> <span class='ocrx_word' id='word_1_220' title='bbox 922 1504 1117 1543; x_wconf 80' lang='lat' dir='ltr'>Memnonis</span> 
     </span>
     <span class='ocr_line' id='line_1_32' title="bbox 225 1552 1120 1598; baseline 0 -8"><span class='ocrx_word' id='word_1_221' title='bbox 225 1553 328 1590; x_wconf 82' lang='lat' dir='ltr'>verba</span> <span class='ocrx_word' id='word_1_222' title='bbox 346 1568 359 1588; x_wconf 82' lang='grc'>.-</span> <span class='ocrx_word' id='word_1_223' title='bbox 384 1557 469 1588; x_wconf 82' lang='lat' dir='ltr'>Hanc</span> <span class='ocrx_word' id='word_1_224' title='bbox 487 1552 672 1597; x_wconf 76' lang='lat' dir='ltr'>insolentiam</span> <span class='ocrx_word' id='word_1_225' title='bbox 696 1566 731 1588; x_wconf 77' lang='lat' dir='ltr'>ac</span> <span class='ocrx_word' id='word_1_226' title='bbox 753 1560 956 1590; x_wconf 78' lang='lat' dir='ltr'>temeritatem</span> <span class='ocrx_word' id='word_1_227' title='bbox 987 1579 999 1594; x_wconf 93' lang='lat'>,</span> <span class='ocrx_word' id='word_1_228' title='bbox 1025 1559 1120 1598; x_wconf 78' lang='lat' dir='ltr'>quoti-</span> 
     </span>
     <span class='ocr_line' id='line_1_33' title="bbox 223 1603 1121 1649; baseline -0.002 -8"><span class='ocrx_word' id='word_1_229' title='bbox 223 1603 394 1649; x_wconf 73' lang='lat' dir='ltr'>dianasque</span> <span class='ocrx_word' id='word_1_230' title='bbox 405 1604 579 1648; x_wconf 79' lang='lat' dir='ltr'>imposturas</span> <span class='ocrx_word' id='word_1_231' title='bbox 589 1611 702 1648; x_wconf 80' lang='lat' dir='ltr'>excepit</span> <span class='ocrx_word' id='word_1_232' title='bbox 705 1607 738 1648; x_wconf 90' lang='lat' dir='ltr'><em>J</em></span> <span class='ocrx_word' id='word_1_233' title='bbox 738 1610 844 1639; x_wconf 84' lang='lat' dir='ltr'>oannis</span> <span class='ocrx_word' id='word_1_234' title='bbox 855 1604 1032 1639; x_wconf 62' lang='lat' dir='ltr'>Antiochi-ini</span> <span class='ocrx_word' id='word_1_235' title='bbox 1039 1613 1121 1648; x_wconf 81' lang='lat' dir='ltr'>prae·</span> 
     </span>
     <span class='ocr_line' id='line_1_34' title="bbox 223 1654 1118 1700; baseline 0 -10"><span class='ocrx_word' id='word_1_236' title='bbox 223 1654 326 1700; x_wconf 78' lang='lat' dir='ltr'>sentia</span> <span class='ocrx_word' id='word_1_237' title='bbox 337 1680 345 1688; x_wconf 90' lang='lat'><em>.</em></span> <span class='ocrx_word' id='word_1_238' title='bbox 372 1654 521 1691; x_wconf 86' lang='lat' dir='ltr'>Edicunt</span> <span class='ocrx_word' id='word_1_239' title='bbox 530 1656 690 1691; x_wconf 81' lang='lat' dir='ltr'>Irenaenm</span> <span class='ocrx_word' id='word_1_240' title='bbox 702 1656 804 1694; x_wconf 85' lang='lat' dir='ltr'>etiam</span> <span class='ocrx_word' id='word_1_241' title='bbox 815 1665 893 1691; x_wconf 90' lang='lat' dir='ltr'>ante</span> <span class='ocrx_word' id='word_1_242' title='bbox 906 1656 1044 1700; x_wconf 73' lang='lat' dir='ltr'>Ioannis</span> <span class='ocrx_word' id='word_1_243' title='bbox 1064 1655 1118 1690; x_wconf 90' lang='lat' dir='ltr'>ad·</span> 
     </span>
     <span class='ocr_line' id='line_1_35' title="bbox 225 1706 669 1750; baseline -0.005 -8"><span class='ocrx_word' id='word_1_244' title='bbox 225 1717 366 1742; x_wconf 80' lang='lat' dir='ltr'>ventum</span> <span class='ocrx_word' id='word_1_245' title='bbox 375 1707 511 1750; x_wconf 75' lang='lat' dir='ltr'>patrasse</span> <span class='ocrx_word' id='word_1_246' title='bbox 528 1706 644 1741; x_wconf 87' lang='lat' dir='ltr'>fimilia</span> <span class='ocrx_word' id='word_1_247' title='bbox 661 1733 669 1740; x_wconf 93' lang='lat'><strong><em>.</em></strong></span> 
     </span>
    </p>

    <p class='ocr_par' dir='ltr' id='par_1_7' title="bbox 223 1756 1131 2994">
     <span class='ocr_line' id='line_1_36' title="bbox 278 1756 1118 1801; baseline -0.002 -9"><span class='ocrx_word' id='word_1_248' title='bbox 278 1758 404 1792; x_wconf 83' lang='lat' dir='ltr'>Earum</span> <span class='ocrx_word' id='word_1_249' title='bbox 437 1757 527 1791; x_wconf 89' lang='lat' dir='ltr'>enim</span> <span class='ocrx_word' id='word_1_250' title='bbox 550 1756 806 1801; x_wconf 86' lang='lat' dir='ltr'>petulantiarum</span> <span class='ocrx_word' id='word_1_251' title='bbox 833 1756 988 1792; x_wconf 80' lang='lat' dir='ltr'>meminit</span> <span class='ocrx_word' id='word_1_252' title='bbox 1016 1756 1118 1793; x_wconf 87' lang='lat' dir='ltr'>etiam</span> 
     </span>
     <span class='ocr_line' id='line_1_37' title="bbox 225 1806 1118 1851; baseline -0.001 -9"><span class='ocrx_word' id='word_1_253' title='bbox 225 1808 377 1843; x_wconf 79' lang='lat' dir='ltr'>universa</span> <span class='ocrx_word' id='word_1_254' title='bbox 399 1806 553 1851; x_wconf 88' lang='lat' dir='ltr'>Synodus</span> <span class='ocrx_word' id='word_1_255' title='bbox 588 1807 624 1842; x_wconf 90' lang='lat' dir='ltr'>in</span> <span class='ocrx_word' id='word_1_256' title='bbox 646 1808 827 1843; x_wconf 83' lang='lat' dir='ltr'>Relatione</span> <span class='ocrx_word' id='word_1_257' title='bbox 859 1807 900 1843; x_wconf 84' lang='lat' dir='ltr'>ad</span> <span class='ocrx_word' id='word_1_258' title='bbox 916 1807 1118 1851; x_wconf 74' lang='lat' dir='ltr'>Principem</span> 
     </span>
     <span class='ocr_line' id='line_1_38' title="bbox 223 1856 1118 1902; baseline -0.003 -11"><span class='ocrx_word' id='word_1_259' title='bbox 223 1857 410 1893; x_wconf 76' lang='lat' dir='ltr'>transmissa</span> <span class='ocrx_word' id='word_1_260' title='bbox 430 1869 487 1901; x_wconf 86' lang='lat' dir='ltr'>per</span> <span class='ocrx_word' id='word_1_261' title='bbox 511 1858 699 1893; x_wconf 87' lang='lat' dir='ltr'>Palladium</span> <span class='ocrx_word' id='word_1_262' title='bbox 719 1856 977 1902; x_wconf 87' lang='lat' dir='ltr'>Magistrianum</span> <span class='ocrx_word' id='word_1_263' title='bbox 1001 1871 1014 1890; x_wconf 87' lang='lat'>.-</span> <span class='ocrx_word' id='word_1_264' title='bbox 1050 1860 1118 1889; x_wconf 84' lang='lat' dir='ltr'>Nos</span> 
     </span>
     <span class='ocr_line' id='line_1_39' title="bbox 227 1904 1120 1951; baseline -0.003 -9"><span class='ocrx_word' id='word_1_265' title='bbox 227 1913 370 1949; x_wconf 68' lang='lat' dir='ltr'>temporis</span> <span class='ocrx_word' id='word_1_266' title='bbox 380 1907 521 1951; x_wconf 83' lang='lat' dir='ltr'>angustiis</span> <span class='ocrx_word' id='word_1_267' title='bbox 531 1906 641 1948; x_wconf 85' lang='lat' dir='ltr'>exclufi</span> <span class='ocrx_word' id='word_1_268' title='bbox 647 1908 692 1940; x_wconf 86' lang='lat' dir='ltr'>ad</span> <span class='ocrx_word' id='word_1_269' title='bbox 701 1907 895 1947; x_wconf 79' lang='lat' dir='ltr'>Majestatcm</span> <span class='ocrx_word' id='word_1_270' title='bbox 904 1904 1035 1944; x_wconf 73' lang='lat' dir='ltr'>vestram</span> <span class='ocrx_word' id='word_1_271' title='bbox 1055 1905 1120 1939; x_wconf 76' lang='lat' dir='ltr'>late?</span> 
     </span>
     <span class='ocr_line' id='line_1_40' title="bbox 223 1955 1120 2006; baseline -0.002 -15"><span class='ocrx_word' id='word_1_272' title='bbox 223 1956 354 2006; x_wconf 69' lang='lat' dir='ltr'>firibere</span> <span class='ocrx_word' id='word_1_273' title='bbox 363 1963 576 1999; x_wconf 73' lang='lat' dir='ltr'>nequivimus,</span> <span class='ocrx_word' id='word_1_274' title='bbox 602 1968 671 1998; x_wconf 81' lang='lat' dir='ltr'>quae</span> <span class='ocrx_word' id='word_1_275' title='bbox 682 1963 776 1990; x_wconf 81' lang='lat' dir='ltr'>etiam</span> <span class='ocrx_word' id='word_1_276' title='bbox 800 1959 821 1989; x_wconf 79' lang='grc' dir='ltr'><em>ὰ</em></span> <span class='ocrx_word' id='word_1_277' title='bbox 839 1955 1120 1999; x_wconf 81' lang='lat' dir='ltr'>Magnificentiffimo</span> 
     </span>
     <span class='ocr_line' id='line_1_41' title="bbox 228 2004 1120 2049; baseline -0.002 -10"><span class='ocrx_word' id='word_1_278' title='bbox 228 2011 346 2040; x_wconf 81' lang='lat' dir='ltr'>comite</span> <span class='ocrx_word' id='word_1_279' title='bbox 365 2010 480 2040; x_wconf 80' lang='lat' dir='ltr'>Irenaeo</span> <span class='ocrx_word' id='word_1_280' title='bbox 495 2007 616 2048; x_wconf 83' lang='lat' dir='ltr'>perpeffl</span> <span class='ocrx_word' id='word_1_281' title='bbox 631 2004 749 2049; x_wconf 79' lang='lat' dir='ltr'>sumus.</span> <span class='ocrx_word' id='word_1_282' title='bbox 777 2007 836 2040; x_wconf 69' lang='lat' dir='ltr'>Hic</span> <span class='ocrx_word' id='word_1_283' title='bbox 844 2011 925 2039; x_wconf 87' lang='lat' dir='ltr'>enim</span> <span class='ocrx_word' id='word_1_284' title='bbox 947 2005 1120 2047; x_wconf 83' lang='lat' dir='ltr'>universam</span> 
     </span>
     <span class='ocr_line' id='line_1_42' title="bbox 228 2054 1121 2096; baseline -0.003 -6"><span class='ocrx_word' id='word_1_285' title='bbox 228 2057 373 2091; x_wconf 68' lang='lat' dir='ltr'>SanHam</span> <span class='ocrx_word' id='word_1_286' title='bbox 382 2059 402 2089; x_wconf 91' lang='lat'>5</span> <span class='ocrx_word' id='word_1_287' title='bbox 398 2058 526 2096; x_wconf 69' lang='lat' dir='ltr'>modum</span> <span class='ocrx_word' id='word_1_288' title='bbox 536 2055 724 2090; x_wconf 80' lang='lat' dir='ltr'>vehementer</span> <span class='ocrx_word' id='word_1_289' title='bbox 745 2054 937 2089; x_wconf 77' lang='lat' dir='ltr'>conturbavit</span> <span class='ocrx_word' id='word_1_290' title='bbox 948 2079 959 2095; x_wconf 93' lang='lat'>,</span> <span class='ocrx_word' id='word_1_291' title='bbox 986 2064 1121 2087; x_wconf 82' lang='lat' dir='ltr'>tantam·</span> 
     </span>
     <span class='ocr_line' id='line_1_43' title="bbox 228 2103 1121 2151; baseline -0.007 -9"><span class='ocrx_word' id='word_1_292' title='bbox 228 2118 286 2151; x_wconf 74' lang='lat' dir='ltr'>que</span> <span class='ocrx_word' id='word_1_293' title='bbox 297 2105 456 2150; x_wconf 83' lang='lat' dir='ltr'>Episcopis</span> <span class='ocrx_word' id='word_1_294' title='bbox 457 2106 657 2148; x_wconf 82' lang='lat' dir='ltr'>formidinem</span> <span class='ocrx_word' id='word_1_295' title='bbox 678 2113 736 2149; x_wconf 83' lang='lat' dir='ltr'>per</span> <span class='ocrx_word' id='word_1_296' title='bbox 748 2103 898 2149; x_wconf 83' lang='lat' dir='ltr'>quasdam</span> <span class='ocrx_word' id='word_1_297' title='bbox 918 2106 1121 2139; x_wconf 82' lang='lat' dir='ltr'>tumultuatio·</span> 
     </span>
     <span class='ocr_line' id='line_1_44' title="bbox 229 2152 1123 2201; baseline -0.004 -7"><span class='ocrx_word' id='word_1_298' title='bbox 229 2169 286 2194; x_wconf 73' lang='lat' dir='ltr'>nes</span> <span class='ocrx_word' id='word_1_299' title='bbox 325 2159 360 2192; x_wconf 72' lang='grc'>(9</span> <span class='ocrx_word' id='word_1_300' title='bbox 378 2165 538 2192; x_wconf 80' lang='lat' dir='ltr'>externam</span> <span class='ocrx_word' id='word_1_301' title='bbox 555 2152 740 2201; x_wconf 70' lang='lat' dir='ltr'>incurfionem</span> <span class='ocrx_word' id='word_1_302' title='bbox 759 2158 869 2198; x_wconf 82' lang='lat' dir='ltr'>incuffit</span> <span class='ocrx_word' id='word_1_303' title='bbox 888 2181 900 2197; x_wconf 94' lang='lat'>,</span> <span class='ocrx_word' id='word_1_304' title='bbox 926 2165 961 2189; x_wconf 87' lang='lat' dir='ltr'>ut</span> <span class='ocrx_word' id='word_1_305' title='bbox 977 2155 1082 2199; x_wconf 81' lang='lat' dir='ltr'>plures</span> <span class='ocrx_word' id='word_1_306' title='bbox 1106 2156 1123 2190; x_wconf 78' lang='grc' dir='ltr'><strong><em>ἑ</em></strong></span> 
     </span>
     <span class='ocr_line' id='line_1_45' title="bbox 228 2203 1124 2250; baseline -0.004 -8"><span class='ocrx_word' id='word_1_307' title='bbox 228 2207 312 2242; x_wconf 75' lang='lat' dir='ltr'>nobis</span> <span class='ocrx_word' id='word_1_308' title='bbox 330 2213 423 2245; x_wconf 84' lang='lat' dir='ltr'>etiam</span> <span class='ocrx_word' id='word_1_309' title='bbox 445 2209 484 2241; x_wconf 82' lang='lat' dir='ltr'>de</span> <span class='ocrx_word' id='word_1_310' title='bbox 497 2212 566 2241; x_wconf 78' lang='lat' dir='ltr'>vita</span> <span class='ocrx_word' id='word_1_311' title='bbox 577 2205 645 2250; x_wconf 80' lang='lat' dir='ltr'>ipsa</span> <span class='ocrx_word' id='word_1_312' title='bbox 663 2207 927 2249; x_wconf 79' lang='lat' dir='ltr'>periclitarentur.</span> <span class='ocrx_word' id='word_1_313' title='bbox 956 2203 1124 2249; x_wconf 77' lang='lat' dir='ltr'>Ephefinae</span> 
     </span>
     <span class='ocr_line' id='line_1_46' title="bbox 229 2256 1124 2302; baseline -0.004 -9"><span class='ocrx_word' id='word_1_314' title='bbox 229 2258 361 2302; x_wconf 84' lang='lat' dir='ltr'>Synodi</span> <span class='ocrx_word' id='word_1_315' title='bbox 372 2258 475 2294; x_wconf 70' lang='lat' dir='ltr'>Acta,</span> <span class='ocrx_word' id='word_1_316' title='bbox 507 2257 681 2301; x_wconf 81' lang='lat' dir='ltr'>praesertim</span> <span class='ocrx_word' id='word_1_317' title='bbox 693 2257 841 2292; x_wconf 89' lang='lat' dir='ltr'>Nestorii</span> <span class='ocrx_word' id='word_1_318' title='bbox 851 2256 1103 2291; x_wconf 86' lang='lat' dir='ltr'>damnationem</span> <span class='ocrx_word' id='word_1_319' title='bbox 1114 2280 1124 2296; x_wconf 88' lang='lat'>,</span> 
     </span>
     <span class='ocr_line' id='line_1_47' title="bbox 229 2304 1123 2353; baseline -0.002 -11"><span class='ocrx_word' id='word_1_320' title='bbox 229 2318 328 2343; x_wconf 89' lang='lat' dir='ltr'>tanto</span> <span class='ocrx_word' id='word_1_321' title='bbox 349 2308 396 2342; x_wconf 87' lang='lat' dir='ltr'>est</span> <span class='ocrx_word' id='word_1_322' title='bbox 421 2308 611 2353; x_wconf 85' lang='lat' dir='ltr'>prosecutus</span> <span class='ocrx_word' id='word_1_323' title='bbox 629 2306 712 2344; x_wconf 87' lang='lat' dir='ltr'>odio</span> <span class='ocrx_word' id='word_1_324' title='bbox 735 2332 747 2349; x_wconf 86' lang='lat'>‚</span> <span class='ocrx_word' id='word_1_325' title='bbox 774 2317 812 2341; x_wconf 91' lang='lat' dir='ltr'>ut</span> <span class='ocrx_word' id='word_1_326' title='bbox 835 2306 904 2351; x_wconf 85' lang='lat' dir='ltr'>ejus</span> <span class='ocrx_word' id='word_1_327' title='bbox 928 2304 1123 2347; x_wconf 79' lang='lat' dir='ltr'>historiam,</span> 
     </span>
     <span class='ocr_line' id='line_1_48' title="bbox 231 2356 1125 2403; baseline -0.003 -9"><span class='ocrx_word' id='word_1_328' title='bbox 231 2360 289 2394; x_wconf 80' lang='lat' dir='ltr'>seu</span> <span class='ocrx_word' id='word_1_329' title='bbox 299 2375 311 2385; x_wconf 92' lang='lat'><strong>·</strong></span> <span class='ocrx_word' id='word_1_330' title='bbox 320 2358 429 2395; x_wconf 82' lang='lat' dir='ltr'>verius</span> <span class='ocrx_word' id='word_1_331' title='bbox 447 2359 600 2402; x_wconf 88' lang='lat' dir='ltr'>Satyram</span> <span class='ocrx_word' id='word_1_332' title='bbox 616 2358 844 2402; x_wconf 67' lang='lat' dir='ltr'>conscripserit</span> <span class='ocrx_word' id='word_1_333' title='bbox 854 2380 866 2398; x_wconf 94' lang='lat'>,</span> <span class='ocrx_word' id='word_1_334' title='bbox 891 2356 1060 2403; x_wconf 87' lang='lat' dir='ltr'>ipsamque</span> <span class='ocrx_word' id='word_1_335' title='bbox 1072 2368 1125 2400; x_wconf 88' lang='lat' dir='ltr'>ap-</span> 
     </span>
     <span class='ocr_line' id='line_1_49' title="bbox 233 2407 1127 2453; baseline -0.003 -11"><span class='ocrx_word' id='word_1_336' title='bbox 233 2409 407 2453; x_wconf 80' lang='lat' dir='ltr'>pellaverit</span> <span class='ocrx_word' id='word_1_337' title='bbox 415 2407 645 2452; x_wconf 66' lang='lat' dir='ltr'>Tragoediam.</span> <span class='ocrx_word' id='word_1_338' title='bbox 673 2408 748 2443; x_wconf 76' lang='lat' dir='ltr'>Nec</span> <span class='ocrx_word' id='word_1_339' title='bbox 760 2407 900 2442; x_wconf 83' lang='lat' dir='ltr'>Sabinus</span> <span class='ocrx_word' id='word_1_340' title='bbox 911 2407 1127 2442; x_wconf 83' lang='lat' dir='ltr'>Macedonia-</span> 
     </span>
     <span class='ocr_line' id='line_1_50' title="bbox 233 2455 1125 2499; baseline 0 -8"><span class='ocrx_word' id='word_1_341' title='bbox 233 2470 286 2494; x_wconf 80' lang='lat' dir='ltr'>nae</span> <span class='ocrx_word' id='word_1_342' title='bbox 305 2458 458 2490; x_wconf 66' lang='lat' dir='ltr'>fastionis</span> <span class='ocrx_word' id='word_1_343' title='bbox 477 2455 563 2499; x_wconf 85' lang='lat' dir='ltr'>apud</span> <span class='ocrx_word' id='word_1_344' title='bbox 574 2457 713 2499; x_wconf 62' lang='lat' dir='ltr'>Europae</span> <span class='ocrx_word' id='word_1_345' title='bbox 733 2457 930 2490; x_wconf 81' lang='lat' dir='ltr'>Heracleam</span> <span class='ocrx_word' id='word_1_346' title='bbox 942 2455 1125 2498; x_wconf 86' lang='lat' dir='ltr'>Episcopus</span> 
     </span>
     <span class='ocr_line' id='line_1_51' title="bbox 235 2502 1128 2546; baseline -0.004 -4"><span class='ocrx_word' id='word_1_347' title='bbox 235 2509 274 2542; x_wconf 84' lang='lat' dir='ltr'>in</span> <span class='ocrx_word' id='word_1_348' title='bbox 295 2506 470 2543; x_wconf 72' lang='lat' dir='ltr'>Nicatnam</span> <span class='ocrx_word' id='word_1_349' title='bbox 482 2529 494 2546; x_wconf 91' lang='lat'>‚</span> <span class='ocrx_word' id='word_1_350' title='bbox 519 2515 580 2539; x_wconf 88' lang='lat' dir='ltr'>nec</span> <span class='ocrx_word' id='word_1_351' title='bbox 599 2502 807 2539; x_wconf 83' lang='lat' dir='ltr'>Timotheus</span> <span class='ocrx_word' id='word_1_352' title='bbox 830 2504 972 2541; x_wconf 82' lang='lat' dir='ltr'>AElurus</span> <span class='ocrx_word' id='word_1_353' title='bbox 997 2514 1055 2538; x_wconf 86' lang='lat' dir='ltr'>aut</span> <span class='ocrx_word' id='word_1_354' title='bbox 1069 2503 1128 2538; x_wconf 90' lang='lat' dir='ltr'>Pe-</span> 
     </span>
     <span class='ocr_line' id='line_1_52' title="bbox 235 2553 1130 2601; baseline -0.004 -9"><span class='ocrx_word' id='word_1_355' title='bbox 235 2567 307 2593; x_wconf 81' lang='lat' dir='ltr'>trus</span> <span class='ocrx_word' id='word_1_356' title='bbox 325 2556 454 2601; x_wconf 86' lang='lat' dir='ltr'>Mogus</span> <span class='ocrx_word' id='word_1_357' title='bbox 473 2555 509 2589; x_wconf 89' lang='lat' dir='ltr'>in</span> <span class='ocrx_word' id='word_1_358' title='bbox 530 2553 840 2590; x_wconf 87' lang='lat' dir='ltr'>Chalcedonensem</span> <span class='ocrx_word' id='word_1_359' title='bbox 872 2553 1049 2598; x_wconf 88' lang='lat' dir='ltr'>Synodum</span> <span class='ocrx_word' id='word_1_360' title='bbox 1071 2565 1130 2589; x_wconf 85' lang='lat' dir='ltr'>vo·</span> 
     </span>
     <span class='ocr_line' id='line_1_53' title="bbox 235 2602 1129 2649; baseline -0.006 -6"><span class='ocrx_word' id='word_1_361' title='bbox 235 2615 394 2644; x_wconf 82' lang='lat' dir='ltr'>muerunt</span> <span class='ocrx_word' id='word_1_362' title='bbox 419 2614 471 2639; x_wconf 90' lang='lat' dir='ltr'>tot</span> <span class='ocrx_word' id='word_1_363' title='bbox 495 2615 534 2638; x_wconf 85' lang='lat' dir='ltr'>ac</span> <span class='ocrx_word' id='word_1_364' title='bbox 547 2604 629 2639; x_wconf 87' lang='lat' dir='ltr'>tales</span> <span class='ocrx_word' id='word_1_365' title='bbox 639 2602 879 2648; x_wconf 76' lang='lat' dir='ltr'>blasphemias,</span> <span class='ocrx_word' id='word_1_366' title='bbox 904 2613 1047 2649; x_wconf 85' lang='lat' dir='ltr'>quantas</span> <span class='ocrx_word' id='word_1_367' title='bbox 1066 2603 1129 2638; x_wconf 87' lang='lat' dir='ltr'>Ire-</span> 
     </span>
     <span class='ocr_line' id='line_1_54' title="bbox 236 2652 1131 2703; baseline -0.007 -9"><span class='ocrx_word' id='word_1_368' title='bbox 236 2668 326 2694; x_wconf 76' lang='lat' dir='ltr'>naeus</span> <span class='ocrx_word' id='word_1_369' title='bbox 345 2656 478 2692; x_wconf 83' lang='lat' dir='ltr'>latravit</span> <span class='ocrx_word' id='word_1_370' title='bbox 498 2655 534 2689; x_wconf 88' lang='lat' dir='ltr'>in</span> <span class='ocrx_word' id='word_1_371' title='bbox 547 2652 747 2703; x_wconf 81' lang='lat' dir='ltr'>Ephefinam</span> <span class='ocrx_word' id='word_1_372' title='bbox 762 2679 770 2690; x_wconf 83' lang='lat'>‚</span> <span class='ocrx_word' id='word_1_373' title='bbox 797 2653 909 2688; x_wconf 89' lang='lat' dir='ltr'>Etiam</span> <span class='ocrx_word' id='word_1_374' title='bbox 931 2654 1006 2698; x_wconf 85' lang='lat' dir='ltr'>post</span> <span class='ocrx_word' id='word_1_375' title='bbox 1019 2653 1131 2698; x_wconf 84' lang='lat' dir='ltr'>exple-</span> 
     </span>
     <span class='ocr_line' id='line_1_55' title="bbox 236 2703 1131 2750; baseline -0.006 -7"><span class='ocrx_word' id='word_1_376' title='bbox 236 2717 306 2745; x_wconf 87' lang='lat' dir='ltr'>tam</span> <span class='ocrx_word' id='word_1_377' title='bbox 320 2706 535 2745; x_wconf 81' lang='lat' dir='ltr'>Ecciefiarutn</span> <span class='ocrx_word' id='word_1_378' title='bbox 546 2716 676 2750; x_wconf 83' lang='lat' dir='ltr'>pacem.</span> <span class='ocrx_word' id='word_1_379' title='bbox 702 2703 787 2740; x_wconf 83' lang='lat' dir='ltr'>Non</span> <span class='ocrx_word' id='word_1_380' title='bbox 809 2703 1024 2740; x_wconf 85' lang='lat' dir='ltr'>solummodo</span> <span class='ocrx_word' id='word_1_381' title='bbox 1044 2703 1131 2739; x_wconf 84' lang='lat' dir='ltr'>inter</span> 
     </span>
     <span class='ocr_line' id='line_1_56' title="bbox 238 2754 1129 2802; baseline -0.003 -9"><span class='ocrx_word' id='word_1_382' title='bbox 238 2759 404 2802; x_wconf 82' lang='lat' dir='ltr'>Ioannem</span> <span class='ocrx_word' id='word_1_383' title='bbox 429 2754 684 2791; x_wconf 77' lang='lat' dir='ltr'>Antiochenam</span> <span class='ocrx_word' id='word_1_384' title='bbox 709 2754 924 2791; x_wconf 64' lang='lat' dir='ltr'>&amp;Sanctum</span> <span class='ocrx_word' id='word_1_385' title='bbox 937 2754 1129 2798; x_wconf 88' lang='lat' dir='ltr'>Cyrillum‚</span> 
     </span>
     <span class='ocr_line' id='line_1_57' title="bbox 237 2804 1131 2849; baseline -0.002 -7"><span class='ocrx_word' id='word_1_386' title='bbox 237 2806 295 2843; x_wconf 79' lang='lat' dir='ltr'>sed</span> <span class='ocrx_word' id='word_1_387' title='bbox 314 2807 415 2842; x_wconf 89' lang='lat' dir='ltr'>etiam</span> <span class='ocrx_word' id='word_1_388' title='bbox 437 2806 523 2841; x_wconf 85' lang='lat' dir='ltr'>inter</span> <span class='ocrx_word' id='word_1_389' title='bbox 545 2806 708 2849; x_wconf 69' lang='lat' dir='ltr'>Ioannem</span> <span class='ocrx_word' id='word_1_390' title='bbox 732 2816 771 2841; x_wconf 81' lang='lat' dir='ltr'>ac</span> <span class='ocrx_word' id='word_1_391' title='bbox 790 2805 860 2849; x_wconf 80' lang='lat' dir='ltr'>ejus</span> <span class='ocrx_word' id='word_1_392' title='bbox 884 2804 1066 2849; x_wconf 80' lang='lat' dir='ltr'>Episcopos</span> <span class='ocrx_word' id='word_1_393' title='bbox 1085 2806 1131 2843; x_wconf 73' lang='lat' dir='ltr'>sa·</span> 
     </span>
     <span class='ocr_line' id='line_1_58' title="bbox 238 2853 1131 2901; baseline -0.003 -8"><span class='ocrx_word' id='word_1_394' title='bbox 238 2859 367 2893; x_wconf 84' lang='lat' dir='ltr'>minare</span> <span class='ocrx_word' id='word_1_395' title='bbox 376 2855 501 2892; x_wconf 85' lang='lat' dir='ltr'>studuit</span> <span class='ocrx_word' id='word_1_396' title='bbox 511 2867 617 2892; x_wconf 79' lang='lat' dir='ltr'>novas</span> <span class='ocrx_word' id='word_1_397' title='bbox 626 2856 748 2901; x_wconf 81' lang='lat' dir='ltr'>semper</span> <span class='ocrx_word' id='word_1_398' title='bbox 758 2867 802 2892; x_wconf 83' lang='lat' dir='ltr'>ex</span> <span class='ocrx_word' id='word_1_399' title='bbox 818 2853 990 2891; x_wconf 73' lang='lat' dir='ltr'>discordiis</span> <span class='ocrx_word' id='word_1_400' title='bbox 1010 2855 1131 2891; x_wconf 88' lang='lat' dir='ltr'>discor-</span> 
     </span>
     <span class='ocr_line' id='line_1_59' title="bbox 238 2904 1130 2946; baseline -0.001 -4"><span class='ocrx_word' id='word_1_401' title='bbox 238 2908 311 2946; x_wconf 83' lang='lat' dir='ltr'>dias</span> <span class='ocrx_word' id='word_1_402' title='bbox 336 2933 345 2940; x_wconf 89' lang='lat'><strong>.</strong></span> <span class='ocrx_word' id='word_1_403' title='bbox 384 2906 506 2946; x_wconf 82' lang='lat' dir='ltr'>Noster</span> <span class='ocrx_word' id='word_1_404' title='bbox 522 2906 725 2944; x_wconf 75' lang='lat' dir='ltr'>‘caffinenfis</span> <span class='ocrx_word' id='word_1_405' title='bbox 755 2905 878 2943; x_wconf 83' lang='lat' dir='ltr'>Codex</span> <span class='ocrx_word' id='word_1_406' title='bbox 902 2904 1038 2943; x_wconf 84' lang='lat' dir='ltr'>docebit</span> <span class='ocrx_word' id='word_1_407' title='bbox 1063 2905 1130 2942; x_wconf 72' lang='lat' dir='ltr'>haee</span> 
     </span>
     <span class='ocr_line' id='line_1_60' title="bbox 238 2969 374 2994; baseline -0.015 0"><span class='ocrx_word' id='word_1_408' title='bbox 238 2969 374 2994; x_wconf 77' lang='lat' dir='ltr'>omnia.</span> 
     </span>
    </p>

    <p class='ocr_par' dir='ltr' id='par_1_8' title="bbox 242 3006 1131 3457">
     <span class='ocr_line' id='line_1_61' title="bbox 291 3006 1128 3053; baseline -0.001 -10"><span class='ocrx_word' id='word_1_409' title='bbox 291 3009 430 3053; x_wconf 82' lang='lat' dir='ltr'>Propter</span> <span class='ocrx_word' id='word_1_410' title='bbox 450 3006 516 3044; x_wconf 81' lang='lat' dir='ltr'>haec</span> <span class='ocrx_word' id='word_1_411' title='bbox 540 3007 687 3044; x_wconf 82' lang='lat' dir='ltr'>facinora</span> <span class='ocrx_word' id='word_1_412' title='bbox 710 3009 896 3052; x_wconf 80' lang='lat' dir='ltr'>Imperator</span> <span class='ocrx_word' id='word_1_413' title='bbox 914 3007 1128 3049; x_wconf 74' lang='lat' dir='ltr'>Theodosius</span> 
     </span>
     <span class='ocr_line' id='line_1_62' title="bbox 242 3057 1129 3105; baseline 0.003 -14"><span class='ocrx_word' id='word_1_414' title='bbox 242 3057 379 3095; x_wconf 83' lang='lat' dir='ltr'>tandem</span> <span class='ocrx_word' id='word_1_415' title='bbox 397 3059 475 3093; x_wconf 83' lang='lat' dir='ltr'>fecit</span> <span class='ocrx_word' id='word_1_416' title='bbox 495 3084 508 3101; x_wconf 91' lang='lat'><strong>‚</strong></span> <span class='ocrx_word' id='word_1_417' title='bbox 532 3058 622 3102; x_wconf 86' lang='lat' dir='ltr'>quod</span> <span class='ocrx_word' id='word_1_418' title='bbox 644 3058 795 3103; x_wconf 74' lang='lat' dir='ltr'>expreffit</span> <span class='ocrx_word' id='word_1_419' title='bbox 821 3059 858 3093; x_wconf 87' lang='lat' dir='ltr'>in</span> <span class='ocrx_word' id='word_1_420' title='bbox 880 3057 1129 3105; x_wconf 65' lang='lat' dir='ltr'>legeadversus</span> 
     </span>
     <span class='ocr_line' id='line_1_63' title="bbox 243 3106 1129 3155; baseline 0.002 -14"><span class='ocrx_word' id='word_1_421' title='bbox 243 3107 438 3147; x_wconf 78' lang='lat' dir='ltr'>Nestorium</span> <span class='ocrx_word' id='word_1_422' title='bbox 458 3121 497 3144; x_wconf 90' lang='lat' dir='ltr'>ac</span> <span class='ocrx_word' id='word_1_423' title='bbox 507 3108 574 3152; x_wconf 73' lang='lat' dir='ltr'>eins</span> <span class='ocrx_word' id='word_1_424' title='bbox 584 3109 707 3155; x_wconf 82' lang='lat' dir='ltr'>Scripta</span> <span class='ocrx_word' id='word_1_425' title='bbox 717 3122 729 3143; x_wconf 91' lang='grc'>.·</span> <span class='ocrx_word' id='word_1_426' title='bbox 754 3113 794 3143; x_wconf 82' lang='lat' dir='ltr'>Ut</span> <span class='ocrx_word' id='word_1_427' title='bbox 807 3119 910 3145; x_wconf 82' lang='lat' dir='ltr'>autem</span> <span class='ocrx_word' id='word_1_428' title='bbox 927 3106 1028 3147; x_wconf 71' lang='lat' dir='ltr'>omitt:</span> <span class='ocrx_word' id='word_1_429' title='bbox 1040 3117 1129 3153; x_wconf 80' lang='lat' dir='ltr'>expe-</span> 
     </span>
     <span class='ocr_line' id='line_1_64' title="bbox 242 3157 1128 3203; baseline 0.001 -10"><span class='ocrx_word' id='word_1_430' title='bbox 242 3162 372 3193; x_wconf 66' lang='lat' dir='ltr'>rimento</span> <span class='ocrx_word' id='word_1_431' title='bbox 390 3157 528 3200; x_wconf 79' lang='lat' dir='ltr'>discant,</span> <span class='ocrx_word' id='word_1_432' title='bbox 554 3161 736 3203; x_wconf 67' lang='lat' dir='ltr'>quantopere</span> <span class='ocrx_word' id='word_1_433' title='bbox 757 3159 903 3203; x_wconf 64' lang='lat' dir='ltr'>majestas</span> <span class='ocrx_word' id='word_1_434' title='bbox 916 3160 1128 3203; x_wconf 76' lang='lat' dir='ltr'>nostraimpiae</span> 
     </span>
     <span class='ocr_line' id='line_1_65' title="bbox 245 3206 1131 3252; baseline 0.005 -12"><span class='ocrx_word' id='word_1_435' title='bbox 245 3206 375 3248; x_wconf 61' lang='lat' dir='ltr'>Nestorii</span> <span class='ocrx_word' id='word_1_436' title='bbox 385 3206 458 3249; x_wconf 77' lang='lat' dir='ltr'>fidei</span> <span class='ocrx_word' id='word_1_437' title='bbox 479 3212 599 3244; x_wconf 68' lang='lat' dir='ltr'>amulas</span> <span class='ocrx_word' id='word_1_438' title='bbox 625 3210 776 3251; x_wconf 75' lang='lat' dir='ltr'>detestetur</span> <span class='ocrx_word' id='word_1_439' title='bbox 798 3234 811 3252; x_wconf 88' lang='lat'>,</span> <span class='ocrx_word' id='word_1_440' title='bbox 829 3211 993 3251; x_wconf 72' lang='lat' dir='ltr'>statuimus</span> <span class='ocrx_word' id='word_1_441' title='bbox 1014 3219 1048 3244; x_wconf 83' lang='lat' dir='ltr'>ut</span> <span class='ocrx_word' id='word_1_442' title='bbox 1068 3214 1131 3244; x_wconf 78' lang='lat' dir='ltr'>Ire·</span> 
     </span>
     <span class='ocr_line' id='line_1_66' title="bbox 245 3257 1126 3306; baseline 0.002 -14"><span class='ocrx_word' id='word_1_443' title='bbox 245 3269 332 3292; x_wconf 81' lang='lat' dir='ltr'>naeus</span> <span class='ocrx_word' id='word_1_444' title='bbox 345 3282 357 3298; x_wconf 92' lang='lat'>,</span> <span class='ocrx_word' id='word_1_445' title='bbox 380 3264 435 3300; x_wconf 82' lang='lat' dir='ltr'>qui</span> <span class='ocrx_word' id='word_1_446' title='bbox 446 3257 501 3292; x_wconf 79' lang='lat' dir='ltr'>bac</span> <span class='ocrx_word' id='word_1_447' title='bbox 513 3260 550 3293; x_wconf 89' lang='lat' dir='ltr'>de</span> <span class='ocrx_word' id='word_1_448' title='bbox 557 3257 648 3303; x_wconf 83' lang='lat' dir='ltr'>causa</span> <span class='ocrx_word' id='word_1_449' title='bbox 669 3259 795 3302; x_wconf 68' lang='lat' dir='ltr'>nostram</span> <span class='ocrx_word' id='word_1_450' title='bbox 804 3262 1041 3306; x_wconf 81' lang='lat' dir='ltr'>indignationem</span> <span class='ocrx_word' id='word_1_451' title='bbox 1056 3263 1126 3295; x_wconf 86' lang='lat' dir='ltr'>olim</span> 
     </span>
     <span class='ocr_line' id='line_1_67' title="bbox 245 3308 1126 3355; baseline 0.005 -14"><span class='ocrx_word' id='word_1_452' title='bbox 245 3314 393 3348; x_wconf 71' lang='lat' dir='ltr'>incurrit.</span> <span class='ocrx_word' id='word_1_453' title='bbox 417 3308 555 3351; x_wconf 69' lang='lat' dir='ltr'>&amp;postea</span> <span class='ocrx_word' id='word_1_454' title='bbox 567 3332 579 3350; x_wconf 91' lang='lat'><em>‚</em></span> <span class='ocrx_word' id='word_1_455' title='bbox 602 3308 693 3353; x_wconf 78' lang='lat' dir='ltr'>nescio</span> <span class='ocrx_word' id='word_1_456' title='bbox 713 3312 875 3354; x_wconf 79' lang='lat' dir='ltr'>quomodo,</span> <span class='ocrx_word' id='word_1_457' title='bbox 895 3311 960 3355; x_wconf 80' lang='lat' dir='ltr'>post</span> <span class='ocrx_word' id='word_1_458' title='bbox 979 3308 1126 3355; x_wconf 78' lang='lat' dir='ltr'>secundas</span> 
     </span>
     <span class='ocr_line' id='line_1_68' title="bbox 245 3358 1126 3405; baseline 0.002 -13"><span class='ocrx_word' id='word_1_459' title='bbox 245 3364 394 3401; x_wconf 75' lang='lat' dir='ltr'>nuptias,</span> <span class='ocrx_word' id='word_1_460' title='bbox 419 3358 498 3395; x_wconf 65' lang='lat' dir='ltr'>scuti</span> <span class='ocrx_word' id='word_1_461' title='bbox 509 3364 691 3403; x_wconf 82' lang='lat' dir='ltr'>accepimus,</span> <span class='ocrx_word' id='word_1_462' title='bbox 716 3369 819 3398; x_wconf 79' lang='lat' dir='ltr'>contra</span> <span class='ocrx_word' id='word_1_463' title='bbox 838 3361 1007 3405; x_wconf 73' lang='lat' dir='ltr'>Apostolicos</span> <span class='ocrx_word' id='word_1_464' title='bbox 1027 3366 1126 3396; x_wconf 81' lang='lat' dir='ltr'>Cano-</span> 
     </span>
     <span class='ocr_line' id='line_1_69' title="bbox 244 3408 1126 3457; baseline 0.005 -14"><span class='ocrx_word' id='word_1_465' title='bbox 244 3420 298 3448; x_wconf 66' lang='lat' dir='ltr'>nes</span> <span class='ocrx_word' id='word_1_466' title='bbox 308 3412 458 3453; x_wconf 55' lang='lat' dir='ltr'>Tyriorum</span> <span class='ocrx_word' id='word_1_467' title='bbox 476 3409 557 3446; x_wconf 73' lang='lat' dir='ltr'>urbis</span> <span class='ocrx_word' id='word_1_468' title='bbox 568 3408 736 3456; x_wconf 70' lang='lat' dir='ltr'>Epifiopus</span> <span class='ocrx_word' id='word_1_469' title='bbox 755 3420 874 3448; x_wconf 65' lang='lat' dir='ltr'>aratus</span> <span class='ocrx_word' id='word_1_470' title='bbox 895 3412 958 3457; x_wconf 74' lang='lat' dir='ltr'>est,</span> <span class='ocrx_word' id='word_1_471' title='bbox 983 3414 1005 3448; x_wconf 76' lang='grc' dir='ltr'><em>ἂ</em></span> <span class='ocrx_word' id='word_1_472' title='bbox 1015 3412 1126 3451; x_wconf 64' lang='lat' dir='ltr'>sanna</span> 
     </span>
    </p>
   </div>
   <div class='ocr_carea' id='block_1_6' title="bbox 1157 946 1912 996">
    <p class='ocr_par' dir='ltr' id='par_1_9' title="bbox 1157 946 1912 996">
     <span class='ocr_line' id='line_1_70' title="bbox 1157 946 1912 996; baseline 0 -12"><span class='ocrx_word' id='word_1_473' title='bbox 1157 960 1159 962; x_wconf 89' lang='lat'>·</span> <span class='ocrx_word' id='word_1_474' title='bbox 1181 959 1255 984; x_wconf 87' lang='lat' dir='ltr'>mus</span> <span class='ocrx_word' id='word_1_475' title='bbox 1277 957 1415 993; x_wconf 86' lang='lat' dir='ltr'>quartus</span> <span class='ocrx_word' id='word_1_476' title='bbox 1438 955 1508 982; x_wconf 84' lang='lat' dir='ltr'>erat</span> <span class='ocrx_word' id='word_1_477' title='bbox 1533 946 1646 993; x_wconf 79' lang='lat' dir='ltr'>quinti</span> <span class='ocrx_word' id='word_1_478' title='bbox 1672 948 1780 983; x_wconf 73' lang='lat' dir='ltr'>saeculi</span> <span class='ocrx_word' id='word_1_479' title='bbox 1807 948 1912 996; x_wconf 79' lang='lat' dir='ltr'>quadr</span> 
     </span>
    </p>
   </div>
   <div class='ocr_carea' id='block_1_7' title="bbox 1177 446 2270 3496">
    <p class='ocr_par' dir='ltr' id='par_1_10' title="bbox 1177 446 2073 990">
     <span class='ocr_line' id='line_1_71' title="bbox 1178 446 2065 492; baseline 0.002 -10"><span class='ocrx_word' id='word_1_480' title='bbox 1178 448 1345 491; x_wconf 79' lang='lat' dir='ltr'>publicata</span> <span class='ocrx_word' id='word_1_481' title='bbox 1370 473 1378 482; x_wconf 88' lang='lat'><strong>.</strong></span> <span class='ocrx_word' id='word_1_482' title='bbox 1405 447 1450 485; x_wconf 81' lang='lat' dir='ltr'>Et</span> <span class='ocrx_word' id='word_1_483' title='bbox 1468 447 1623 482; x_wconf 88' lang='lat' dir='ltr'>omnium</span> <span class='ocrx_word' id='word_1_484' title='bbox 1650 446 1868 492; x_wconf 82' lang='lat' dir='ltr'>Programma</span> <span class='ocrx_word' id='word_1_485' title='bbox 1893 448 2004 482; x_wconf 87' lang='lat' dir='ltr'>laudat</span> <span class='ocrx_word' id='word_1_486' title='bbox 2026 459 2065 484; x_wconf 83' lang='lat' dir='ltr'>ac</span> 
     </span>
     <span class='ocr_line' id='line_1_72' title="bbox 1178 495 2067 542; baseline 0.001 -10"><span class='ocrx_word' id='word_1_487' title='bbox 1178 499 1286 535; x_wconf 81' lang='lat' dir='ltr'>firmat</span> <span class='ocrx_word' id='word_1_488' title='bbox 1320 498 1407 536; x_wconf 65' lang='lat' dir='ltr'>hant:</span> <span class='ocrx_word' id='word_1_489' title='bbox 1431 497 1545 535; x_wconf 76' lang='lat' dir='ltr'>itenaei</span> <span class='ocrx_word' id='word_1_490' title='bbox 1570 495 1839 542; x_wconf 75' lang='lat' dir='ltr'>degradationem</span> <span class='ocrx_word' id='word_1_491' title='bbox 1859 523 1866 529; x_wconf 96' lang='lat'>.</span> <span class='ocrx_word' id='word_1_492' title='bbox 1894 497 1940 531; x_wconf 81' lang='lat' dir='ltr'>Et</span> <span class='ocrx_word' id='word_1_493' title='bbox 1966 497 2067 533; x_wconf 82' lang='lat' dir='ltr'>habet</span> 
     </span>
     <span class='ocr_line' id='line_1_73' title="bbox 1178 546 2066 591; baseline 0.002 -10"><span class='ocrx_word' id='word_1_494' title='bbox 1178 547 1264 583; x_wconf 86' lang='lat' dir='ltr'>hanc</span> <span class='ocrx_word' id='word_1_495' title='bbox 1284 548 1573 584; x_wconf 72' lang='lat' dir='ltr'>subnotationem:</span> <span class='ocrx_word' id='word_1_496' title='bbox 1601 547 1695 581; x_wconf 64' lang='lat' dir='ltr'>Lecta</span> <span class='ocrx_word' id='word_1_497' title='bbox 1712 546 1785 591; x_wconf 73' lang='lat' dir='ltr'>siant</span> <span class='ocrx_word' id='word_1_498' title='bbox 1803 546 1868 583; x_wconf 86' lang='lat' dir='ltr'>baec</span> <span class='ocrx_word' id='word_1_499' title='bbox 1894 553 1927 580; x_wconf 84' lang='lat' dir='ltr'>in</span> <span class='ocrx_word' id='word_1_500' title='bbox 1941 548 2066 589; x_wconf 70' lang='lat' dir='ltr'>Ecclesia</span> 
     </span>
     <span class='ocr_line' id='line_1_74' title="bbox 1179 595 2067 643; baseline 0.002 -13"><span class='ocrx_word' id='word_1_501' title='bbox 1179 598 1389 634; x_wconf 82' lang='lat' dir='ltr'>Monachorum</span> <span class='ocrx_word' id='word_1_502' title='bbox 1408 603 1442 635; x_wconf 75' lang='lat' dir='ltr'>in</span> <span class='ocrx_word' id='word_1_503' title='bbox 1464 595 1600 643; x_wconf 65' lang='lat' dir='ltr'>Destrtis</span> <span class='ocrx_word' id='word_1_504' title='bbox 1625 599 1796 643; x_wconf 75' lang='lat' dir='ltr'>degentium</span> <span class='ocrx_word' id='word_1_505' title='bbox 1814 622 1827 640; x_wconf 90' lang='lat'>,</span> <span class='ocrx_word' id='word_1_506' title='bbox 1854 598 1903 632; x_wconf 80' lang='lat' dir='ltr'>die</span> <span class='ocrx_word' id='word_1_507' title='bbox 1926 597 2067 641; x_wconf 80' lang='lat' dir='ltr'>vigesima</span> 
     </span>
     <span class='ocr_line' id='line_1_75' title="bbox 1180 647 2067 697; baseline 0.002 -17"><span class='ocrx_word' id='word_1_508' title='bbox 1180 653 1272 681; x_wconf 80' lang='lat' dir='ltr'>tertia</span> <span class='ocrx_word' id='word_1_509' title='bbox 1293 648 1488 690; x_wconf 73' lang='lat' dir='ltr'>Pharnutbi,</span> <span class='ocrx_word' id='word_1_510' title='bbox 1513 647 1675 683; x_wconf 64' lang='lat' dir='ltr'>indiHione</span> <span class='ocrx_word' id='word_1_511' title='bbox 1690 654 1797 697; x_wconf 78' lang='lat' dir='ltr'>prima</span> <span class='ocrx_word' id='word_1_512' title='bbox 1817 672 1829 690; x_wconf 98' lang='lat'>,</span> <span class='ocrx_word' id='word_1_513' title='bbox 1854 658 1935 682; x_wconf 84' lang='lat' dir='ltr'>anno</span> <span class='ocrx_word' id='word_1_514' title='bbox 1956 649 2067 683; x_wconf 82' lang='lat' dir='ltr'>Diocle-</span> 
     </span>
     <span class='ocr_line' id='line_1_76' title="bbox 1177 695 2068 744; baseline 0.003 -14"><span class='ocrx_word' id='word_1_515' title='bbox 1177 703 1256 731; x_wconf 81' lang='lat' dir='ltr'>tiani</span> <span class='ocrx_word' id='word_1_516' title='bbox 1266 697 1417 739; x_wconf 76' lang='lat' dir='ltr'>centesimo</span> <span class='ocrx_word' id='word_1_517' title='bbox 1427 698 1602 743; x_wconf 70' lang='lat' dir='ltr'>fixagefimo</span> <span class='ocrx_word' id='word_1_518' title='bbox 1612 708 1720 742; x_wconf 78' lang='lat' dir='ltr'>quarto</span> <span class='ocrx_word' id='word_1_519' title='bbox 1731 723 1740 732; x_wconf 88' lang='lat'><strong>.</strong></span> <span class='ocrx_word' id='word_1_520' title='bbox 1765 697 1957 744; x_wconf 80' lang='lat' dir='ltr'>Marginale</span> <span class='ocrx_word' id='word_1_521' title='bbox 1967 695 2068 733; x_wconf 85' lang='lat' dir='ltr'>Scho-</span> 
     </span>
     <span class='ocr_line' id='line_1_77' title="bbox 1178 746 2068 792; baseline -0.001 -10"><span class='ocrx_word' id='word_1_522' title='bbox 1178 748 1252 782; x_wconf 88' lang='lat' dir='ltr'>lion</span> <span class='ocrx_word' id='word_1_523' title='bbox 1273 746 1425 791; x_wconf 80' lang='lat' dir='ltr'>adjungit</span> <span class='ocrx_word' id='word_1_524' title='bbox 1450 761 1458 780; x_wconf 92' lang='lat'>:</span> <span class='ocrx_word' id='word_1_525' title='bbox 1485 751 1577 792; x_wconf 83' lang='lat' dir='ltr'>Apud</span> <span class='ocrx_word' id='word_1_526' title='bbox 1595 752 1743 786; x_wconf 78' lang='lat' dir='ltr'>Romanos</span> <span class='ocrx_word' id='word_1_527' title='bbox 1763 748 1802 790; x_wconf 75' lang='lat' dir='ltr'>est</span> <span class='ocrx_word' id='word_1_528' title='bbox 1818 749 1936 787; x_wconf 79' lang='lat' dir='ltr'>decima</span> <span class='ocrx_word' id='word_1_529' title='bbox 1957 748 2068 782; x_wconf 67' lang='lat' dir='ltr'>otiam</span> 
     </span>
     <span class='ocr_line' id='line_1_78' title="bbox 1181 797 2071 844; baseline 0 -11"><span class='ocrx_word' id='word_1_530' title='bbox 1181 798 1309 841; x_wconf 72' lang='lat' dir='ltr'>Aprilis.</span> <span class='ocrx_word' id='word_1_531' title='bbox 1338 797 1571 833; x_wconf 84' lang='lat' dir='ltr'>Diocletianus</span> <span class='ocrx_word' id='word_1_532' title='bbox 1591 799 1709 844; x_wconf 67' lang='lat' dir='ltr'>paffim</span> <span class='ocrx_word' id='word_1_533' title='bbox 1724 799 1870 841; x_wconf 66' lang='lat' dir='ltr'>creditur</span> <span class='ocrx_word' id='word_1_534' title='bbox 1889 799 2071 844; x_wconf 79' lang='lat' dir='ltr'>Imperium</span> 
     </span>
     <span class='ocr_line' id='line_1_79' title="bbox 1182 843 2070 895; baseline -0.001 -12"><span class='ocrx_word' id='word_1_535' title='bbox 1182 849 1288 883; x_wconf 75' lang='lat' dir='ltr'>iniisse</span> <span class='ocrx_word' id='word_1_536' title='bbox 1306 846 1401 883; x_wconf 61' lang='lat' dir='ltr'>&gt;tertii</span> <span class='ocrx_word' id='word_1_537' title='bbox 1424 843 1605 889; x_wconf 72' lang='lat' dir='ltr'>Christiani</span> <span class='ocrx_word' id='word_1_538' title='bbox 1622 849 1729 892; x_wconf 78' lang='lat' dir='ltr'>saeculi</span> <span class='ocrx_word' id='word_1_539' title='bbox 1749 860 1840 890; x_wconf 66' lang='lat' dir='ltr'>anno</span> <span class='ocrx_word' id='word_1_540' title='bbox 1865 849 2070 895; x_wconf 72' lang='lat' dir='ltr'>o&amp;0gefimo</span> 
     </span>
     <span class='ocr_line' id='line_1_80' title="bbox 1181 896 2072 949; baseline 0 -15"><span class='ocrx_word' id='word_1_541' title='bbox 1181 907 1324 944; x_wconf 86' lang='lat' dir='ltr'>quarto,</span> <span class='ocrx_word' id='word_1_542' title='bbox 1350 896 1500 941; x_wconf 83' lang='lat' dir='ltr'>adeoque</span> <span class='ocrx_word' id='word_1_543' title='bbox 1519 897 1588 940; x_wconf 79' lang='lat' dir='ltr'>ejus</span> <span class='ocrx_word' id='word_1_544' title='bbox 1598 901 1904 942; x_wconf 72' lang='lat' dir='ltr'>annuseentesimus</span> <span class='ocrx_word' id='word_1_545' title='bbox 1915 898 2072 949; x_wconf 73' lang='lat' dir='ltr'>sexagesi-</span> 
     </span>
     <span class='ocr_line' id='line_1_81' title="bbox 1995 959 2073 990; baseline 0 -6"><span class='ocrx_word' id='word_1_546' title='bbox 1995 959 2073 990; x_wconf 64' lang='lat' dir='ltr'>nus</span> 
     </span>
    </p>

    <p class='ocr_par' dir='ltr' id='par_1_11' title="bbox 1179 950 2089 1851">
     <span class='ocr_line' id='line_1_82' title="bbox 1181 950 2075 1041; baseline 0.003 -5"><span class='ocrx_word' id='word_1_547' title='bbox 1181 1001 1335 1036; x_wconf 69' lang='lat' dir='ltr'>ostavus.</span> <span class='ocrx_word' id='word_1_548' title='bbox 1363 999 1409 1033; x_wconf 89' lang='lat' dir='ltr'>Et</span> <span class='ocrx_word' id='word_1_549' title='bbox 1432 1000 1547 1035; x_wconf 72' lang='lat' dir='ltr'>ostava</span> <span class='ocrx_word' id='word_1_550' title='bbox 1556 997 1824 1040; x_wconf 68' lang='lat' dir='ltr'>decimaeAprilis</span> <span class='ocrx_word' id='word_1_551' title='bbox 1844 950 2075 1041; x_wconf 42' lang='grc' dir='ltr'>ᾰίοςιξῶῐὲτςῡο·</span> 
     </span>
     <span class='ocr_line' id='line_1_83' title="bbox 1182 1046 2073 1087; baseline -0.001 -2"><span class='ocrx_word' id='word_1_552' title='bbox 1182 1051 1295 1085; x_wconf 88' lang='lat' dir='ltr'>minca</span> <span class='ocrx_word' id='word_1_553' title='bbox 1316 1050 1352 1084; x_wconf 90' lang='lat' dir='ltr'>in</span> <span class='ocrx_word' id='word_1_554' title='bbox 1375 1047 1472 1087; x_wconf 83' lang='lat' dir='ltr'>Albis</span> <span class='ocrx_word' id='word_1_555' title='bbox 1492 1074 1500 1082; x_wconf 91' lang='lat'><strong>.</strong></span> <span class='ocrx_word' id='word_1_556' title='bbox 1526 1046 1654 1084; x_wconf 79' lang='lat' dir='ltr'>Pascha</span> <span class='ocrx_word' id='word_1_557' title='bbox 1673 1049 1764 1083; x_wconf 88' lang='lat' dir='ltr'>enim</span> <span class='ocrx_word' id='word_1_558' title='bbox 1785 1056 1867 1082; x_wconf 88' lang='lat' dir='ltr'>tunc</span> <span class='ocrx_word' id='word_1_559' title='bbox 1891 1049 2073 1087; x_wconf 73' lang='lat' dir='ltr'>incidit-in</span> 
     </span>
     <span class='ocr_line' id='line_1_84' title="bbox 1181 1097 2076 1139; baseline -0.003 -4"><span class='ocrx_word' id='word_1_560' title='bbox 1181 1099 1272 1136; x_wconf 87' lang='lat' dir='ltr'>diem</span> <span class='ocrx_word' id='word_1_561' title='bbox 1291 1099 1524 1139; x_wconf 67' lang='lat' dir='ltr'>undecimam.</span> <span class='ocrx_word' id='word_1_562' title='bbox 1552 1097 1700 1133; x_wconf 82' lang='lat' dir='ltr'>Proinde</span> <span class='ocrx_word' id='word_1_563' title='bbox 1723 1097 1789 1133; x_wconf 80' lang='lat' dir='ltr'>haec</span> <span class='ocrx_word' id='word_1_564' title='bbox 1802 1097 1875 1136; x_wconf 79' lang='lat' dir='ltr'>Lex</span> <span class='ocrx_word' id='word_1_565' title='bbox 1884 1098 1927 1132; x_wconf 84' lang='lat' dir='ltr'>ad</span> <span class='ocrx_word' id='word_1_566' title='bbox 1938 1098 2076 1138; x_wconf 65' lang='lat' dir='ltr'>Pascha-</span> 
     </span>
     <span class='ocr_line' id='line_1_85' title="bbox 1183 1146 2089 1195; baseline -0.003 -10"><span class='ocrx_word' id='word_1_567' title='bbox 1183 1151 1274 1193; x_wconf 89' lang='lat' dir='ltr'>lem‚</span> <span class='ocrx_word' id='word_1_568' title='bbox 1301 1151 1443 1195; x_wconf 83' lang='lat' dir='ltr'>ideoque</span> <span class='ocrx_word' id='word_1_569' title='bbox 1469 1149 1690 1194; x_wconf 81' lang='lat' dir='ltr'>pleniffimam</span> <span class='ocrx_word' id='word_1_570' title='bbox 1711 1149 1867 1183; x_wconf 87' lang='lat' dir='ltr'>omnium</span> <span class='ocrx_word' id='word_1_571' title='bbox 1890 1146 2089 1193; x_wconf 60' lang='lat' dir='ltr'>AEgyptioe</span> 
     </span>
     <span class='ocr_line' id='line_1_86' title="bbox 1183 1199 2077 1243; baseline -0.003 -7"><span class='ocrx_word' id='word_1_572' title='bbox 1183 1212 1256 1236; x_wconf 91' lang='lat' dir='ltr'>rum</span> <span class='ocrx_word' id='word_1_573' title='bbox 1268 1200 1521 1237; x_wconf 87' lang='lat' dir='ltr'>Monachorum</span> <span class='ocrx_word' id='word_1_574' title='bbox 1530 1200 1717 1236; x_wconf 68' lang='lat' dir='ltr'>ColleCiam</span> <span class='ocrx_word' id='word_1_575' title='bbox 1738 1199 1801 1234; x_wconf 82' lang='lat' dir='ltr'>fuit</span> <span class='ocrx_word' id='word_1_576' title='bbox 1822 1199 2013 1234; x_wconf 88' lang='lat' dir='ltr'>solemniter</span> <span class='ocrx_word' id='word_1_577' title='bbox 2023 1209 2077 1243; x_wconf 88' lang='lat' dir='ltr'>pu·</span> 
     </span>
     <span class='ocr_line' id='line_1_87' title="bbox 1183 1248 2075 1295; baseline -0.003 -9"><span class='ocrx_word' id='word_1_578' title='bbox 1183 1250 1323 1287; x_wconf 83' lang='lat' dir='ltr'>blicata.</span> <span class='ocrx_word' id='word_1_579' title='bbox 1351 1251 1483 1288; x_wconf 88' lang='lat' dir='ltr'>Eodem</span> <span class='ocrx_word' id='word_1_580' title='bbox 1504 1251 1567 1285; x_wconf 91' lang='lat' dir='ltr'>isto</span> <span class='ocrx_word' id='word_1_581' title='bbox 1589 1262 1680 1287; x_wconf 91' lang='lat' dir='ltr'>anno</span> <span class='ocrx_word' id='word_1_582' title='bbox 1699 1250 1764 1286; x_wconf 89' lang='lat' dir='ltr'>fuit</span> <span class='ocrx_word' id='word_1_583' title='bbox 1787 1250 1891 1295; x_wconf 87' lang='lat' dir='ltr'>prima</span> <span class='ocrx_word' id='word_1_584' title='bbox 1911 1248 2075 1290; x_wconf 58' lang='lat' dir='ltr'>indictio,</span> 
     </span>
     <span class='ocr_line' id='line_1_88' title="bbox 1182 1297 2078 1347; baseline -0.003 -11"><span class='ocrx_word' id='word_1_585' title='bbox 1182 1301 1325 1347; x_wconf 86' lang='lat' dir='ltr'>ideoque</span> <span class='ocrx_word' id='word_1_586' title='bbox 1347 1301 1416 1337; x_wconf 83' lang='lat' dir='ltr'>haec</span> <span class='ocrx_word' id='word_1_587' title='bbox 1438 1303 1595 1339; x_wconf 86' lang='lat' dir='ltr'>omnium</span> <span class='ocrx_word' id='word_1_588' title='bbox 1616 1300 1799 1338; x_wconf 83' lang='lat' dir='ltr'>concordia</span> <span class='ocrx_word' id='word_1_589' title='bbox 1817 1301 1864 1336; x_wconf 85' lang='lat' dir='ltr'>est</span> <span class='ocrx_word' id='word_1_590' title='bbox 1885 1311 1956 1335; x_wconf 86' lang='lat' dir='ltr'>non</span> <span class='ocrx_word' id='word_1_591' title='bbox 1967 1297 2078 1335; x_wconf 86' lang='lat' dir='ltr'>debile</span> 
     </span>
     <span class='ocr_line' id='line_1_89' title="bbox 1181 1349 2081 1398; baseline -0.006 -10"><span class='ocrx_word' id='word_1_592' title='bbox 1181 1362 1418 1398; x_wconf 87' lang='lat' dir='ltr'>argumentum</span> <span class='ocrx_word' id='word_1_593' title='bbox 1439 1363 1556 1388; x_wconf 79' lang='lat' dir='ltr'>eontra</span> <span class='ocrx_word' id='word_1_594' title='bbox 1577 1352 1671 1392; x_wconf 86' lang='lat' dir='ltr'>illos,</span> <span class='ocrx_word' id='word_1_595' title='bbox 1703 1352 1761 1396; x_wconf 83' lang='lat' dir='ltr'>qui</span> <span class='ocrx_word' id='word_1_596' title='bbox 1781 1351 1992 1386; x_wconf 80' lang='lat' dir='ltr'>Diocletiani</span> <span class='ocrx_word' id='word_1_597' title='bbox 2013 1349 2081 1384; x_wconf 84' lang='lat' dir='ltr'>Im·</span> 
     </span>
     <span class='ocr_line' id='line_1_90' title="bbox 1183 1402 2080 1449; baseline -0.003 -12"><span class='ocrx_word' id='word_1_598' title='bbox 1183 1404 1309 1448; x_wconf 90' lang='lat' dir='ltr'>perium</span> <span class='ocrx_word' id='word_1_599' title='bbox 1322 1402 1496 1439; x_wconf 86' lang='lat' dir='ltr'>retrahunt</span> <span class='ocrx_word' id='word_1_600' title='bbox 1515 1404 1550 1438; x_wconf 89' lang='lat' dir='ltr'>in</span> <span class='ocrx_word' id='word_1_601' title='bbox 1563 1403 1801 1449; x_wconf 77' lang='lat' dir='ltr'>octogefimum</span> <span class='ocrx_word' id='word_1_602' title='bbox 1812 1403 1941 1437; x_wconf 83' lang='lat' dir='ltr'>sextum</span> <span class='ocrx_word' id='word_1_603' title='bbox 1951 1411 2080 1436; x_wconf 81' lang='lat' dir='ltr'>annum</span> 
     </span>
     <span class='ocr_line' id='line_1_91' title="bbox 1183 1447 2079 1493; baseline -0.004 -5"><span class='ocrx_word' id='word_1_604' title='bbox 1183 1454 1270 1491; x_wconf 85' lang='lat' dir='ltr'>tertii</span> <span class='ocrx_word' id='word_1_605' title='bbox 1293 1455 1399 1489; x_wconf 82' lang='lat' dir='ltr'>saecuii</span> <span class='ocrx_word' id='word_1_606' title='bbox 1412 1480 1420 1487; x_wconf 89' lang='lat'><strong>.</strong></span> <span class='ocrx_word' id='word_1_607' title='bbox 1447 1452 1662 1490; x_wconf 80' lang='lat' dir='ltr'>Theodofius</span> <span class='ocrx_word' id='word_1_608' title='bbox 1681 1464 1797 1493; x_wconf 81' lang='lat' dir='ltr'>contra</span> <span class='ocrx_word' id='word_1_609' title='bbox 1809 1452 2004 1490; x_wconf 85' lang='lat' dir='ltr'>Nestorium</span> <span class='ocrx_word' id='word_1_610' title='bbox 2014 1447 2079 1485; x_wconf 81' lang='lat' dir='ltr'>edi-</span> 
     </span>
     <span class='ocr_line' id='line_1_92' title="bbox 1182 1496 2081 1553; baseline -0.002 -15"><span class='ocrx_word' id='word_1_611' title='bbox 1182 1496 1234 1539; x_wconf 75' lang='lat' dir='ltr'>dit</span> <span class='ocrx_word' id='word_1_612' title='bbox 1246 1504 1328 1540; x_wconf 86' lang='lat' dir='ltr'>duas</span> <span class='ocrx_word' id='word_1_613' title='bbox 1347 1504 1453 1553; x_wconf 88' lang='lat' dir='ltr'>leges.</span> <span class='ocrx_word' id='word_1_614' title='bbox 1482 1505 1579 1539; x_wconf 85' lang='lat' dir='ltr'>Prior</span> <span class='ocrx_word' id='word_1_615' title='bbox 1591 1504 1717 1540; x_wconf 88' lang='lat' dir='ltr'>nullam</span> <span class='ocrx_word' id='word_1_616' title='bbox 1729 1504 1841 1538; x_wconf 81' lang='lat' dir='ltr'>[renaei</span> <span class='ocrx_word' id='word_1_617' title='bbox 1861 1503 1944 1538; x_wconf 81' lang='lat' dir='ltr'>facit</span> <span class='ocrx_word' id='word_1_618' title='bbox 1954 1511 2081 1536; x_wconf 86' lang='lat' dir='ltr'>memo-</span> 
     </span>
     <span class='ocr_line' id='line_1_93' title="bbox 1182 1550 2082 1598; baseline -0.006 -9"><span class='ocrx_word' id='word_1_619' title='bbox 1182 1556 1265 1591; x_wconf 88' lang='lat' dir='ltr'>riam</span> <span class='ocrx_word' id='word_1_620' title='bbox 1282 1578 1292 1595; x_wconf 87' lang='lat'>,</span> <span class='ocrx_word' id='word_1_621' title='bbox 1316 1556 1351 1590; x_wconf 91' lang='lat'>&amp;</span> <span class='ocrx_word' id='word_1_622' title='bbox 1376 1557 1412 1591; x_wconf 92' lang='lat' dir='ltr'>in</span> <span class='ocrx_word' id='word_1_623' title='bbox 1434 1553 1675 1589; x_wconf 86' lang='lat' dir='ltr'>Theodofiano</span> <span class='ocrx_word' id='word_1_624' title='bbox 1701 1553 1830 1588; x_wconf 88' lang='lat' dir='ltr'>Codice</span> <span class='ocrx_word' id='word_1_625' title='bbox 1855 1551 1978 1598; x_wconf 87' lang='lat' dir='ltr'>legitur</span> <span class='ocrx_word' id='word_1_626' title='bbox 2003 1550 2082 1585; x_wconf 84' lang='lat' dir='ltr'>data</span> 
     </span>
     <span class='ocr_line' id='line_1_94' title="bbox 1181 1600 2085 1651; baseline -0.008 -11"><span class='ocrx_word' id='word_1_627' title='bbox 1181 1606 1282 1641; x_wconf 88' lang='lat' dir='ltr'>tertio</span> <span class='ocrx_word' id='word_1_628' title='bbox 1296 1606 1416 1642; x_wconf 85' lang='lat' dir='ltr'>Nonas</span> <span class='ocrx_word' id='word_1_629' title='bbox 1430 1605 1598 1651; x_wconf 86' lang='lat' dir='ltr'>Augusti,</span> <span class='ocrx_word' id='word_1_630' title='bbox 1622 1604 1758 1639; x_wconf 86' lang='lat' dir='ltr'>decimo</span> <span class='ocrx_word' id='word_1_631' title='bbox 1776 1603 1901 1646; x_wconf 87' lang='lat' dir='ltr'>quinto</span> <span class='ocrx_word' id='word_1_632' title='bbox 1919 1600 2085 1635; x_wconf 84' lang='lat' dir='ltr'>Consula-</span> 
     </span>
     <span class='ocr_line' id='line_1_95' title="bbox 1181 1650 2083 1697; baseline -0.008 -7"><span class='ocrx_word' id='word_1_633' title='bbox 1181 1665 1219 1691; x_wconf 85' lang='lat' dir='ltr'>tu</span> <span class='ocrx_word' id='word_1_634' title='bbox 1228 1654 1414 1691; x_wconf 83' lang='lat' dir='ltr'>Theodofii</span> <span class='ocrx_word' id='word_1_635' title='bbox 1428 1679 1441 1697; x_wconf 93' lang='lat'>‚</span> <span class='ocrx_word' id='word_1_636' title='bbox 1466 1654 1636 1689; x_wconf 83' lang='lat' dir='ltr'>incidente</span> <span class='ocrx_word' id='word_1_637' title='bbox 1658 1655 1693 1687; x_wconf 90' lang='lat' dir='ltr'>in</span> <span class='ocrx_word' id='word_1_638' title='bbox 1716 1653 1811 1688; x_wconf 88' lang='lat' dir='ltr'>istius</span> <span class='ocrx_word' id='word_1_639' title='bbox 1825 1650 1933 1686; x_wconf 87' lang='lat' dir='ltr'>saeculi</span> <span class='ocrx_word' id='word_1_640' title='bbox 1955 1661 2083 1687; x_wconf 83' lang='lat' dir='ltr'>annum</span> 
     </span>
     <span class='ocr_line' id='line_1_96' title="bbox 1181 1700 2083 1752; baseline -0.007 -12"><span class='ocrx_word' id='word_1_641' title='bbox 1181 1705 1387 1751; x_wconf 80' lang='lat' dir='ltr'>trigefimum</span> <span class='ocrx_word' id='word_1_642' title='bbox 1413 1704 1571 1752; x_wconf 86' lang='lat' dir='ltr'>quintum</span> <span class='ocrx_word' id='word_1_643' title='bbox 1595 1729 1603 1738; x_wconf 95' lang='lat'><strong><em>.</em></strong></span> <span class='ocrx_word' id='word_1_644' title='bbox 1631 1703 1703 1738; x_wconf 90' lang='lat' dir='ltr'>Cur</span> <span class='ocrx_word' id='word_1_645' title='bbox 1739 1703 1844 1749; x_wconf 89' lang='lat' dir='ltr'>igitur</span> <span class='ocrx_word' id='word_1_646' title='bbox 1868 1700 2083 1741; x_wconf 78' lang='lat' dir='ltr'>Theodofius</span> 
     </span>
     <span class='ocr_line' id='line_1_97' title="bbox 1181 1751 2083 1801; baseline -0.007 -9"><span class='ocrx_word' id='word_1_647' title='bbox 1181 1756 1283 1801; x_wconf 74' lang='lat' dir='ltr'>ipsam</span> <span class='ocrx_word' id='word_1_648' title='bbox 1295 1755 1428 1792; x_wconf 85' lang='lat' dir='ltr'>iteravit</span> <span class='ocrx_word' id='word_1_649' title='bbox 1439 1779 1452 1797; x_wconf 90' lang='lat'>‚</span> <span class='ocrx_word' id='word_1_650' title='bbox 1462 1756 1570 1791; x_wconf 87' lang='lat' dir='ltr'>curin</span> <span class='ocrx_word' id='word_1_651' title='bbox 1584 1753 1757 1800; x_wconf 85' lang='lat' dir='ltr'>posteriori</span> <span class='ocrx_word' id='word_1_652' title='bbox 1770 1755 1930 1788; x_wconf 82' lang='lat' dir='ltr'>Irenaeum</span> <span class='ocrx_word' id='word_1_653' title='bbox 1942 1751 2083 1795; x_wconf 75' lang='lat' dir='ltr'>dejecit,</span> 
     </span>
     <span class='ocr_line' id='line_1_98' title="bbox 1179 1805 1819 1851; baseline -0.013 -6"><span class='ocrx_word' id='word_1_654' title='bbox 1179 1817 1240 1845; x_wconf 74' lang='lat' dir='ltr'>eut</span> <span class='ocrx_word' id='word_1_655' title='bbox 1250 1817 1303 1842; x_wconf 88' lang='lat' dir='ltr'>tot</span> <span class='ocrx_word' id='word_1_656' title='bbox 1313 1807 1410 1842; x_wconf 84' lang='lat' dir='ltr'>annis</span> <span class='ocrx_word' id='word_1_657' title='bbox 1422 1806 1494 1851; x_wconf 85' lang='lat' dir='ltr'>post</span> <span class='ocrx_word' id='word_1_658' title='bbox 1517 1806 1661 1851; x_wconf 86' lang='lat' dir='ltr'>priorem</span> <span class='ocrx_word' id='word_1_659' title='bbox 1683 1805 1819 1851; x_wconf 78' lang='lat' dir='ltr'>legem?</span> 
     </span>
    </p>

    <p class='ocr_par' dir='ltr' id='par_1_12' title="bbox 1181 1853 2270 3155">
     <span class='ocr_line' id='line_1_99' title="bbox 1230 1853 2080 1899; baseline -0.005 -10"><span class='ocrx_word' id='word_1_660' title='bbox 1230 1857 1435 1899; x_wconf 75' lang='lat' dir='ltr'>Respondet&gt;</span> <span class='ocrx_word' id='word_1_661' title='bbox 1446 1866 1517 1891; x_wconf 85' lang='lat' dir='ltr'>rem</span> <span class='ocrx_word' id='word_1_662' title='bbox 1527 1855 1615 1890; x_wconf 90' lang='lat' dir='ltr'>hanc</span> <span class='ocrx_word' id='word_1_663' title='bbox 1633 1856 1696 1890; x_wconf 79' lang='lat' dir='ltr'>erre</span> <span class='ocrx_word' id='word_1_664' title='bbox 1709 1854 1908 1899; x_wconf 79' lang='lat' dir='ltr'>investigatu</span> <span class='ocrx_word' id='word_1_665' title='bbox 1919 1853 2060 1899; x_wconf 83' lang='lat' dir='ltr'>dignam</span> <span class='ocrx_word' id='word_1_666' title='bbox 2072 1876 2080 1885; x_wconf 94' lang='lat'>.</span> 
     </span>
     <span class='ocr_line' id='line_1_100' title="bbox 1181 1903 2081 1953; baseline -0.003 -14"><span class='ocrx_word' id='word_1_667' title='bbox 1181 1906 1265 1953; x_wconf 86' lang='lat' dir='ltr'>Qo</span> <span class='ocrx_word' id='word_1_668' title='bbox 1288 1917 1382 1940; x_wconf 90' lang='lat' dir='ltr'>anno</span> <span class='ocrx_word' id='word_1_669' title='bbox 1401 1905 1540 1940; x_wconf 74' lang='lat' dir='ltr'>Irenaeus</span> <span class='ocrx_word' id='word_1_670' title='bbox 1564 1904 1729 1948; x_wconf 82' lang='lat' dir='ltr'>Principis</span> <span class='ocrx_word' id='word_1_671' title='bbox 1752 1905 1894 1949; x_wconf 85' lang='lat' dir='ltr'>gratiam</span> <span class='ocrx_word' id='word_1_672' title='bbox 1915 1903 2081 1942; x_wconf 79' lang='lat' dir='ltr'>amiserit,</span> 
     </span>
     <span class='ocr_line' id='line_1_101' title="bbox 1181 1936 2264 1998; baseline -0.004 -9"><span class='ocrx_word' id='word_1_673' title='bbox 1181 1955 1327 1989; x_wconf 86' lang='lat' dir='ltr'>&amp;fuerit</span> <span class='ocrx_word' id='word_1_674' title='bbox 1351 1966 1395 1990; x_wconf 85' lang='lat' dir='ltr'>ex</span> <span class='ocrx_word' id='word_1_675' title='bbox 1418 1955 1517 1989; x_wconf 86' lang='lat' dir='ltr'>Aula·</span> <span class='ocrx_word' id='word_1_676' title='bbox 1531 1954 1693 1997; x_wconf 70' lang='lat' dir='ltr'>projectus</span> <span class='ocrx_word' id='word_1_677' title='bbox 1713 1979 1726 1995; x_wconf 91' lang='lat'>,</span> <span class='ocrx_word' id='word_1_678' title='bbox 1750 1952 1817 1988; x_wconf 87' lang='lat' dir='ltr'>huc</span> <span class='ocrx_word' id='word_1_679' title='bbox 1839 1954 1940 1998; x_wconf 88' lang='lat' dir='ltr'>usque</span> <span class='ocrx_word' id='word_1_680' title='bbox 1964 1954 2080 1989; x_wconf 86' lang='lat' dir='ltr'>latuit.</span> <span class='ocrx_word' id='word_1_681' title='bbox 2108 1936 2264 1969; x_wconf 40' lang='lat' dir='ltr'>“dn‘Nm&#39;·</span> 
     </span>
     <span class='ocr_line' id='line_1_102' title="bbox 1181 1977 2270 2049; baseline 0 -11"><span class='ocrx_word' id='word_1_682' title='bbox 1181 2004 1298 2038; x_wconf 88' lang='lat' dir='ltr'>Plures</span> <span class='ocrx_word' id='word_1_683' title='bbox 1323 2012 1481 2047; x_wconf 89' lang='lat' dir='ltr'>putarunt</span> <span class='ocrx_word' id='word_1_684' title='bbox 1506 2004 1632 2038; x_wconf 71' lang='lat' dir='ltr'>fastum</span> <span class='ocrx_word' id='word_1_685' title='bbox 1658 2002 1731 2046; x_wconf 86' lang='lat' dir='ltr'>post</span> <span class='ocrx_word' id='word_1_686' title='bbox 1758 2003 1881 2038; x_wconf 87' lang='lat' dir='ltr'>initam</span> <span class='ocrx_word' id='word_1_687' title='bbox 1906 2003 1924 2036; x_wconf 72' lang='lat' dir='ltr'>a</span> <span class='ocrx_word' id='word_1_688' title='bbox 1952 2004 2081 2047; x_wconf 85' lang='lat' dir='ltr'>Joanne</span> <span class='ocrx_word' id='word_1_689' title='bbox 2105 1977 2270 2049; x_wconf 53' lang='grc' dir='ltr'>[Ῑὲἱηέῧέιῖ</span> 
     </span>
     <span class='ocr_line' id='line_1_103' title="bbox 1181 2051 2207 2097; baseline 0.002 -10"><span class='ocrx_word' id='word_1_690' title='bbox 1181 2051 1400 2090; x_wconf 83' lang='lat' dir='ltr'>Antiocheno</span> <span class='ocrx_word' id='word_1_691' title='bbox 1419 2064 1499 2088; x_wconf 90' lang='lat' dir='ltr'>cum</span> <span class='ocrx_word' id='word_1_692' title='bbox 1521 2053 1643 2088; x_wconf 70' lang='lat' dir='ltr'>Sancto</span> <span class='ocrx_word' id='word_1_693' title='bbox 1669 2052 1804 2097; x_wconf 88' lang='lat' dir='ltr'>Cyrillo</span> <span class='ocrx_word' id='word_1_694' title='bbox 1825 2064 1940 2097; x_wconf 86' lang='lat' dir='ltr'>pacem</span> <span class='ocrx_word' id='word_1_695' title='bbox 1965 2065 1974 2086; x_wconf 72' lang='grc' dir='ltr'>ε</span> <span class='ocrx_word' id='word_1_696' title='bbox 2002 2053 2080 2088; x_wconf 86' lang='lat' dir='ltr'>Post</span> <span class='ocrx_word' id='word_1_697' title='bbox 2104 2058 2207 2089; x_wconf 77' lang='lat' dir='ltr'>talium</span> 
     </span>
     <span class='ocr_line' id='line_1_104' title="bbox 1182 2099 2252 2149; baseline 0 -11"><span class='ocrx_word' id='word_1_698' title='bbox 1182 2104 1280 2149; x_wconf 77' lang='lat' dir='ltr'>plene</span> <span class='ocrx_word' id='word_1_699' title='bbox 1305 2103 1325 2137; x_wconf 75' lang='grc' dir='ltr'>ὲ</span> <span class='ocrx_word' id='word_1_700' title='bbox 1350 2103 1505 2148; x_wconf 85' lang='lat' dir='ltr'>Principe</span> <span class='ocrx_word' id='word_1_701' title='bbox 1530 2103 1679 2149; x_wconf 75' lang='lat' dir='ltr'>agnitam</span> <span class='ocrx_word' id='word_1_702' title='bbox 1705 2102 1854 2139; x_wconf 85' lang='lat' dir='ltr'>Nestorii</span> <span class='ocrx_word' id='word_1_703' title='bbox 1890 2103 2082 2148; x_wconf 84' lang='lat' dir='ltr'>perfidiam,</span> <span class='ocrx_word' id='word_1_704' title='bbox 2105 2099 2252 2144; x_wconf 65' lang='lat' dir='ltr'>M²C²fi¹¹³</span> 
     </span>
     <span class='ocr_line' id='line_1_105' title="bbox 1182 2137 2268 2209; baseline 0.002 -21"><span class='ocrx_word' id='word_1_705' title='bbox 1182 2165 1280 2199; x_wconf 86' lang='lat' dir='ltr'>atque</span> <span class='ocrx_word' id='word_1_706' title='bbox 1290 2155 1391 2190; x_wconf 87' lang='lat' dir='ltr'>aliam</span> <span class='ocrx_word' id='word_1_707' title='bbox 1404 2154 1627 2199; x_wconf 83' lang='lat' dir='ltr'>multiplicem</span> <span class='ocrx_word' id='word_1_708' title='bbox 1641 2155 1841 2200; x_wconf 80' lang='lat' dir='ltr'>nequitiam.</span> <span class='ocrx_word' id='word_1_709' title='bbox 1871 2154 1975 2190; x_wconf 90' lang='lat' dir='ltr'>Tunc</span> <span class='ocrx_word' id='word_1_710' title='bbox 1987 2155 2080 2190; x_wconf 88' lang='lat' dir='ltr'>enim</span> <span class='ocrx_word' id='word_1_711' title='bbox 2103 2137 2268 2209; x_wconf 48' lang='lat' dir='ltr'>Lssgdffiefo</span> 
     </span>
     <span class='ocr_line' id='line_1_106' title="bbox 1183 2187 2270 2257; baseline -0.001 -18"><span class='ocrx_word' id='word_1_712' title='bbox 1183 2204 1395 2241; x_wconf 67' lang='lat' dir='ltr'>Theodosius</span> <span class='ocrx_word' id='word_1_713' title='bbox 1414 2207 1555 2250; x_wconf 81' lang='lat' dir='ltr'>agnovit</span> <span class='ocrx_word' id='word_1_714' title='bbox 1578 2206 1680 2240; x_wconf 85' lang='lat' dir='ltr'>etiam</span> <span class='ocrx_word' id='word_1_715' title='bbox 1702 2214 1899 2241; x_wconf 85' lang='lat' dir='ltr'>memoratas</span> <span class='ocrx_word' id='word_1_716' title='bbox 1924 2205 2034 2240; x_wconf 76' lang='lat' dir='ltr'>Irenaei</span> <span class='ocrx_word' id='word_1_717' title='bbox 2047 2204 2082 2239; x_wconf 90' lang='lat' dir='ltr'>in</span> <span class='ocrx_word' id='word_1_718' title='bbox 2104 2189 2174 2257; x_wconf 43' lang='lat' dir='ltr'>{yri</span> <span class='ocrx_word' id='word_1_719' title='bbox 2190 2187 2270 2256; x_wconf 49' lang='lat' dir='ltr'>Egit.</span> 
     </span>
     <span class='ocr_line' id='line_1_107' title="bbox 1185 2254 2267 2301; baseline -0.002 -12"><span class='ocrx_word' id='word_1_720' title='bbox 1185 2256 1369 2301; x_wconf 88' lang='lat' dir='ltr'>legitimam</span> <span class='ocrx_word' id='word_1_721' title='bbox 1393 2255 1570 2299; x_wconf 86' lang='lat' dir='ltr'>synodum</span> <span class='ocrx_word' id='word_1_722' title='bbox 1592 2255 1769 2291; x_wconf 86' lang='lat' dir='ltr'>violentias</span> <span class='ocrx_word' id='word_1_723' title='bbox 1786 2281 1793 2290; x_wconf 81' lang='grc'><strong>.</strong></span> <span class='ocrx_word' id='word_1_724' title='bbox 1822 2254 1952 2293; x_wconf 71' lang='lat' dir='ltr'>Verum</span> <span class='ocrx_word' id='word_1_725' title='bbox 1973 2267 2023 2290; x_wconf 86' lang='lat' dir='ltr'>res</span> <span class='ocrx_word' id='word_1_726' title='bbox 2033 2255 2081 2290; x_wconf 90' lang='lat' dir='ltr'>est</span> <span class='ocrx_word' id='word_1_727' title='bbox 2104 2258 2190 2289; x_wconf 71' lang='lat' dir='ltr'>verba</span> <span class='ocrx_word' id='word_1_728' title='bbox 2224 2254 2267 2288; x_wconf 84' lang='lat' dir='ltr'>fa-</span> 
     </span>
     <span class='ocr_line' id='line_1_108' title="bbox 1185 2296 2269 2353; baseline -0.002 -11"><span class='ocrx_word' id='word_1_729' title='bbox 1185 2306 1374 2350; x_wconf 88' lang='lat' dir='ltr'>antiquior.</span> <span class='ocrx_word' id='word_1_730' title='bbox 1401 2306 1505 2353; x_wconf 84' lang='lat' dir='ltr'>Qod</span> <span class='ocrx_word' id='word_1_731' title='bbox 1515 2306 1662 2341; x_wconf 88' lang='lat' dir='ltr'>evenerit</span> <span class='ocrx_word' id='word_1_732' title='bbox 1682 2305 1793 2342; x_wconf 83' lang='lat' dir='ltr'>statim</span> <span class='ocrx_word' id='word_1_733' title='bbox 1805 2306 1876 2350; x_wconf 88' lang='lat' dir='ltr'>post</span> <span class='ocrx_word' id='word_1_734' title='bbox 1889 2305 2081 2341; x_wconf 75' lang='lat' dir='ltr'>diiiolutam</span> <span class='ocrx_word' id='word_1_735' title='bbox 2103 2298 2203 2344; x_wconf 58' lang='lat' dir='ltr'>&amp;turus</span> <span class='ocrx_word' id='word_1_736' title='bbox 2224 2296 2269 2329; x_wconf 82' lang='lat' dir='ltr'>di·</span> 
     </span>
     <span class='ocr_line' id='line_1_109' title="bbox 1186 2339 2268 2409; baseline -0.002 -18"><span class='ocrx_word' id='word_1_737' title='bbox 1186 2356 1362 2401; x_wconf 87' lang='lat' dir='ltr'>Synodum</span> <span class='ocrx_word' id='word_1_738' title='bbox 1372 2380 1384 2397; x_wconf 90' lang='lat'>,</span> <span class='ocrx_word' id='word_1_739' title='bbox 1411 2367 1449 2392; x_wconf 87' lang='lat' dir='ltr'>ac</span> <span class='ocrx_word' id='word_1_740' title='bbox 1461 2357 1687 2398; x_wconf 86' lang='lat' dir='ltr'>Orientalium</span> <span class='ocrx_word' id='word_1_741' title='bbox 1699 2356 1942 2401; x_wconf 84' lang='lat' dir='ltr'>Episcoporum</span> <span class='ocrx_word' id='word_1_742' title='bbox 1955 2355 1995 2390; x_wconf 83' lang='lat' dir='ltr'>ad</span> <span class='ocrx_word' id='word_1_743' title='bbox 2010 2367 2082 2400; x_wconf 86' lang='lat' dir='ltr'>pro·</span> <span class='ocrx_word' id='word_1_744' title='bbox 2104 2339 2268 2409; x_wconf 40' lang='lat'>&amp;³¹:5⁴⁶</span> 
     </span>
     <span class='ocr_line' id='line_1_110' title="bbox 1185 2400 2252 2458; baseline -0.003 -16"><span class='ocrx_word' id='word_1_745' title='bbox 1185 2408 1257 2451; x_wconf 85' lang='lat' dir='ltr'>pria</span> <span class='ocrx_word' id='word_1_746' title='bbox 1268 2407 1410 2443; x_wconf 82' lang='lat' dir='ltr'>reditum</span> <span class='ocrx_word' id='word_1_747' title='bbox 1419 2431 1432 2447; x_wconf 82' lang='lat'>,</span> <span class='ocrx_word' id='word_1_748' title='bbox 1457 2408 1544 2441; x_wconf 87' lang='lat' dir='ltr'>infra</span> <span class='ocrx_word' id='word_1_749' title='bbox 1555 2418 1618 2441; x_wconf 85' lang='lat' dir='ltr'>nos</span> <span class='ocrx_word' id='word_1_750' title='bbox 1633 2406 1770 2447; x_wconf 84' lang='lat' dir='ltr'>docebit</span> <span class='ocrx_word' id='word_1_751' title='bbox 1781 2407 1893 2442; x_wconf 80' lang='lat' dir='ltr'>Irenaei</span> <span class='ocrx_word' id='word_1_752' title='bbox 1905 2406 1945 2440; x_wconf 86' lang='lat' dir='ltr'>ad</span> <span class='ocrx_word' id='word_1_753' title='bbox 1958 2405 2086 2441; x_wconf 83' lang='lat' dir='ltr'>Candi-</span> <span class='ocrx_word' id='word_1_754' title='bbox 2110 2400 2252 2458; x_wconf 67' lang='lat' dir='ltr'>pag-72}-</span> 
     </span>
     <span class='ocr_line' id='line_1_111' title="bbox 1186 2455 2084 2499; baseline 0.001 -10"><span class='ocrx_word' id='word_1_755' title='bbox 1186 2456 1327 2489; x_wconf 85' lang='lat' dir='ltr'>dianum</span> <span class='ocrx_word' id='word_1_756' title='bbox 1349 2455 1521 2491; x_wconf 84' lang='lat' dir='ltr'>Comitem</span> <span class='ocrx_word' id='word_1_757' title='bbox 1532 2456 1702 2499; x_wconf 86' lang='lat' dir='ltr'>Epistola,</span> <span class='ocrx_word' id='word_1_758' title='bbox 1729 2457 1846 2498; x_wconf 85' lang='lat' dir='ltr'>scripta</span> <span class='ocrx_word' id='word_1_759' title='bbox 1867 2468 1910 2490; x_wconf 83' lang='lat' dir='ltr'>ex</span> <span class='ocrx_word' id='word_1_760' title='bbox 1933 2457 2007 2498; x_wconf 80' lang='lat' dir='ltr'>ipfis</span> <span class='ocrx_word' id='word_1_761' title='bbox 2020 2457 2084 2490; x_wconf 81' lang='lat' dir='ltr'>suae</span> 
     </span>
     <span class='ocr_line' id='line_1_112' title="bbox 1189 2503 2088 2550; baseline 0.001 -11"><span class='ocrx_word' id='word_1_762' title='bbox 1189 2503 1395 2550; x_wconf 86' lang='lat' dir='ltr'>Episcopalis</span> <span class='ocrx_word' id='word_1_763' title='bbox 1416 2504 1676 2540; x_wconf 83' lang='lat' dir='ltr'>consecrationis</span> <span class='ocrx_word' id='word_1_764' title='bbox 1696 2504 1891 2541; x_wconf 83' lang='lat' dir='ltr'>Solemniis.</span> <span class='ocrx_word' id='word_1_765' title='bbox 1914 2505 2004 2539; x_wconf 87' lang='lat' dir='ltr'>Infra</span> <span class='ocrx_word' id='word_1_766' title='bbox 2028 2504 2088 2540; x_wconf 85' lang='lat' dir='ltr'>ad-</span> 
     </span>
     <span class='ocr_line' id='line_1_113' title="bbox 1188 2553 2087 2598; baseline 0.001 -8"><span class='ocrx_word' id='word_1_767' title='bbox 1188 2555 1328 2590; x_wconf 84' lang='lat' dir='ltr'>ducetur</span> <span class='ocrx_word' id='word_1_768' title='bbox 1341 2554 1450 2591; x_wconf 82' lang='lat' dir='ltr'>etiarn</span> <span class='ocrx_word' id='word_1_769' title='bbox 1461 2553 1643 2589; x_wconf 84' lang='lat' dir='ltr'>Decretum</span> <span class='ocrx_word' id='word_1_770' title='bbox 1654 2579 1665 2595; x_wconf 93' lang='lat'>,</span> <span class='ocrx_word' id='word_1_771' title='bbox 1690 2565 1760 2597; x_wconf 88' lang='lat' dir='ltr'>quo</span> <span class='ocrx_word' id='word_1_772' title='bbox 1772 2554 1955 2598; x_wconf 84' lang='lat' dir='ltr'>Imperator</span> <span class='ocrx_word' id='word_1_773' title='bbox 1966 2553 2087 2591; x_wconf 88' lang='lat' dir='ltr'>Theo·</span> 
     </span>
     <span class='ocr_line' id='line_1_114' title="bbox 1188 2602 2086 2648; baseline 0.001 -8"><span class='ocrx_word' id='word_1_774' title='bbox 1188 2604 1296 2640; x_wconf 81' lang='lat' dir='ltr'>dolius</span> <span class='ocrx_word' id='word_1_775' title='bbox 1306 2604 1413 2648; x_wconf 88' lang='lat' dir='ltr'>ipsum</span> <span class='ocrx_word' id='word_1_776' title='bbox 1425 2604 1492 2640; x_wconf 68' lang='lat' dir='ltr'>una</span> <span class='ocrx_word' id='word_1_777' title='bbox 1502 2614 1582 2638; x_wconf 89' lang='lat' dir='ltr'>cum</span> <span class='ocrx_word' id='word_1_778' title='bbox 1592 2602 1722 2638; x_wconf 83' lang='lat' dir='ltr'>Photio</span> <span class='ocrx_word' id='word_1_779' title='bbox 1740 2603 1938 2647; x_wconf 86' lang='lat' dir='ltr'>Presbytero</span> <span class='ocrx_word' id='word_1_780' title='bbox 1949 2603 2086 2641; x_wconf 84' lang='lat' dir='ltr'>damna-</span> 
     </span>
     <span class='ocr_line' id='line_1_115' title="bbox 1189 2652 2085 2699; baseline -0.002 -9"><span class='ocrx_word' id='word_1_781' title='bbox 1189 2655 1239 2690; x_wconf 88' lang='lat' dir='ltr'>vit</span> <span class='ocrx_word' id='word_1_782' title='bbox 1252 2678 1264 2696; x_wconf 92' lang='lat'>,</span> <span class='ocrx_word' id='word_1_783' title='bbox 1290 2665 1361 2689; x_wconf 90' lang='lat' dir='ltr'>non</span> <span class='ocrx_word' id='word_1_784' title='bbox 1373 2654 1423 2688; x_wconf 89' lang='lat' dir='ltr'>uti</span> <span class='ocrx_word' id='word_1_785' title='bbox 1434 2652 1642 2688; x_wconf 81' lang='lat' dir='ltr'>Nestorianae</span> <span class='ocrx_word' id='word_1_786' title='bbox 1652 2652 1859 2699; x_wconf 59' lang='lat' dir='ltr'>blasphemiae</span> <span class='ocrx_word' id='word_1_787' title='bbox 1871 2655 2085 2698; x_wconf 71' lang='lat' dir='ltr'>Sestatorem,</span> 
     </span>
     <span class='ocr_line' id='line_1_116' title="bbox 1190 2703 2087 2750; baseline 0.002 -10"><span class='ocrx_word' id='word_1_788' title='bbox 1190 2705 1247 2740; x_wconf 90' lang='lat' dir='ltr'>sed</span> <span class='ocrx_word' id='word_1_789' title='bbox 1268 2705 1318 2740; x_wconf 87' lang='lat' dir='ltr'>uti</span> <span class='ocrx_word' id='word_1_790' title='bbox 1332 2703 1541 2740; x_wconf 89' lang='lat' dir='ltr'>Authorem:</span> <span class='ocrx_word' id='word_1_791' title='bbox 1568 2705 1615 2739; x_wconf 86' lang='lat' dir='ltr'>Et</span> <span class='ocrx_word' id='word_1_792' title='bbox 1634 2704 1794 2750; x_wconf 82' lang='lat' dir='ltr'>relegavit</span> <span class='ocrx_word' id='word_1_793' title='bbox 1814 2705 1857 2739; x_wconf 87' lang='lat' dir='ltr'>ad</span> <span class='ocrx_word' id='word_1_794' title='bbox 1877 2704 1991 2741; x_wconf 86' lang='lat' dir='ltr'>Petras</span> <span class='ocrx_word' id='word_1_795' title='bbox 2004 2705 2087 2742; x_wconf 84' lang='lat' dir='ltr'>Ara·</span> 
     </span>
     <span class='ocr_line' id='line_1_117' title="bbox 1191 2755 2087 2803; baseline 0 -12"><span class='ocrx_word' id='word_1_796' title='bbox 1191 2756 1271 2792; x_wconf 82' lang='lat' dir='ltr'>biae.</span> <span class='ocrx_word' id='word_1_797' title='bbox 1299 2755 1387 2803; x_wconf 78' lang='lat' dir='ltr'>Qae</span> <span class='ocrx_word' id='word_1_798' title='bbox 1406 2755 1569 2790; x_wconf 86' lang='lat' dir='ltr'>sententia</span> <span class='ocrx_word' id='word_1_799' title='bbox 1589 2765 1632 2789; x_wconf 88' lang='lat' dir='ltr'>an</span> <span class='ocrx_word' id='word_1_800' title='bbox 1652 2755 1688 2789; x_wconf 89' lang='lat' dir='ltr'>in</span> <span class='ocrx_word' id='word_1_801' title='bbox 1708 2757 1945 2791; x_wconf 83' lang='lat' dir='ltr'>executionem</span> <span class='ocrx_word' id='word_1_802' title='bbox 1967 2758 2059 2792; x_wconf 81' lang='lat' dir='ltr'>miffa</span> <span class='ocrx_word' id='word_1_803' title='bbox 2072 2781 2087 2797; x_wconf 90' lang='lat'>,</span> 
     </span>
     <span class='ocr_line' id='line_1_118' title="bbox 1194 2805 2086 2852; baseline -0.001 -10"><span class='ocrx_word' id='word_1_804' title='bbox 1194 2819 1238 2842; x_wconf 88' lang='lat' dir='ltr'>an</span> <span class='ocrx_word' id='word_1_805' title='bbox 1262 2805 1404 2852; x_wconf 76' lang='lat' dir='ltr'>gratiose</span> <span class='ocrx_word' id='word_1_806' title='bbox 1423 2805 1523 2842; x_wconf 86' lang='lat' dir='ltr'>fuerit</span> <span class='ocrx_word' id='word_1_807' title='bbox 1542 2805 1683 2842; x_wconf 84' lang='lat' dir='ltr'>relaxata</span> <span class='ocrx_word' id='word_1_808' title='bbox 1705 2830 1717 2847; x_wconf 93' lang='lat'>,</span> <span class='ocrx_word' id='word_1_809' title='bbox 1743 2817 1813 2840; x_wconf 80' lang='lat' dir='ltr'>non</span> <span class='ocrx_word' id='word_1_810' title='bbox 1838 2805 1955 2849; x_wconf 87' lang='lat' dir='ltr'>poffim</span> <span class='ocrx_word' id='word_1_811' title='bbox 1976 2816 2086 2842; x_wconf 83' lang='lat' dir='ltr'>certus</span> 
     </span>
     <span class='ocr_line' id='line_1_119' title="bbox 1193 2854 2086 2904; baseline 0 -13"><span class='ocrx_word' id='word_1_812' title='bbox 1193 2857 1373 2892; x_wconf 85' lang='lat' dir='ltr'>affirmare.</span> <span class='ocrx_word' id='word_1_813' title='bbox 1399 2856 1578 2904; x_wconf 70' lang='lat' dir='ltr'>Qudquid</span> <span class='ocrx_word' id='word_1_814' title='bbox 1589 2857 1649 2896; x_wconf 83' lang='lat' dir='ltr'>fit,</span> <span class='ocrx_word' id='word_1_815' title='bbox 1673 2856 1834 2901; x_wconf 66' lang='lat' dir='ltr'>projectus</span> <span class='ocrx_word' id='word_1_816' title='bbox 1844 2857 1982 2892; x_wconf 78' lang='lat' dir='ltr'>Irenaeus</span> <span class='ocrx_word' id='word_1_817' title='bbox 2000 2854 2086 2891; x_wconf 87' lang='lat' dir='ltr'>abiit</span> 
     </span>
     <span class='ocr_line' id='line_1_120' title="bbox 1194 2904 2088 2952; baseline -0.002 -9"><span class='ocrx_word' id='word_1_818' title='bbox 1194 2908 1230 2943; x_wconf 89' lang='lat' dir='ltr'>in</span> <span class='ocrx_word' id='word_1_819' title='bbox 1254 2907 1405 2952; x_wconf 73' lang='lat' dir='ltr'>Syriam:</span> <span class='ocrx_word' id='word_1_820' title='bbox 1431 2906 1498 2942; x_wconf 90' lang='lat' dir='ltr'>Vel</span> <span class='ocrx_word' id='word_1_821' title='bbox 1521 2906 1611 2950; x_wconf 90' lang='lat' dir='ltr'>quod</span> <span class='ocrx_word' id='word_1_822' title='bbox 1631 2906 1710 2943; x_wconf 76' lang='lat' dir='ltr'>esset</span> <span class='ocrx_word' id='word_1_823' title='bbox 1733 2907 1786 2941; x_wconf 91' lang='lat' dir='ltr'>via</span> <span class='ocrx_word' id='word_1_824' title='bbox 1810 2904 1851 2941; x_wconf 88' lang='lat' dir='ltr'>ad</span> <span class='ocrx_word' id='word_1_825' title='bbox 1870 2905 2005 2948; x_wconf 87' lang='lat' dir='ltr'>Petras,</span> <span class='ocrx_word' id='word_1_826' title='bbox 2031 2906 2088 2942; x_wconf 90' lang='lat' dir='ltr'>vel</span> 
     </span>
     <span class='ocr_line' id='line_1_121' title="bbox 1194 2956 2085 3003; baseline -0.001 -10"><span class='ocrx_word' id='word_1_827' title='bbox 1194 2957 1287 3003; x_wconf 87' lang='lat' dir='ltr'>quod</span> <span class='ocrx_word' id='word_1_828' title='bbox 1308 2958 1389 2993; x_wconf 74' lang='lat' dir='ltr'>esset</span> <span class='ocrx_word' id='word_1_829' title='bbox 1409 2957 1480 3002; x_wconf 81' lang='lat' dir='ltr'>ejus</span> <span class='ocrx_word' id='word_1_830' title='bbox 1492 2957 1623 2993; x_wconf 85' lang='lat' dir='ltr'>Patria.</span> <span class='ocrx_word' id='word_1_831' title='bbox 1650 2958 1696 2993; x_wconf 91' lang='lat' dir='ltr'>Et</span> <span class='ocrx_word' id='word_1_832' title='bbox 1719 2957 1792 2992; x_wconf 83' lang='lat' dir='ltr'>istic</span> <span class='ocrx_word' id='word_1_833' title='bbox 1805 2958 1888 2992; x_wconf 88' lang='lat' dir='ltr'>inter</span> <span class='ocrx_word' id='word_1_834' title='bbox 1899 2956 2085 3001; x_wconf 83' lang='lat' dir='ltr'>Episcopos</span> 
     </span>
     <span class='ocr_line' id='line_1_122' title="bbox 1194 3006 2089 3053; baseline -0.002 -9"><span class='ocrx_word' id='word_1_835' title='bbox 1194 3008 1345 3045; x_wconf 70' lang='lat' dir='ltr'>adversus</span> <span class='ocrx_word' id='word_1_836' title='bbox 1354 3008 1550 3053; x_wconf 83' lang='lat' dir='ltr'>Ephefinam</span> <span class='ocrx_word' id='word_1_837' title='bbox 1573 3006 1750 3050; x_wconf 90' lang='lat' dir='ltr'>Synodum</span> <span class='ocrx_word' id='word_1_838' title='bbox 1769 3006 1878 3043; x_wconf 88' lang='lat' dir='ltr'>adhuc</span> <span class='ocrx_word' id='word_1_839' title='bbox 1898 3006 2089 3053; x_wconf 85' lang='lat' dir='ltr'>digladian-</span> 
     </span>
     <span class='ocr_line' id='line_1_123' title="bbox 1195 3056 2084 3103; baseline 0 -9"><span class='ocrx_word' id='word_1_840' title='bbox 1195 3068 1242 3095; x_wconf 90' lang='lat' dir='ltr'>tes</span> <span class='ocrx_word' id='word_1_841' title='bbox 1261 3058 1404 3096; x_wconf 82' lang='lat' dir='ltr'>habebat</span> <span class='ocrx_word' id='word_1_842' title='bbox 1430 3059 1516 3095; x_wconf 88' lang='lat' dir='ltr'>fidos</span> <span class='ocrx_word' id='word_1_843' title='bbox 1541 3057 1746 3102; x_wconf 84' lang='lat' dir='ltr'>Symmystas</span> <span class='ocrx_word' id='word_1_844' title='bbox 1769 3083 1777 3095; x_wconf 85' lang='lat'><strong>.</strong></span> <span class='ocrx_word' id='word_1_845' title='bbox 1805 3058 1849 3092; x_wconf 89' lang='lat' dir='ltr'>Et</span> <span class='ocrx_word' id='word_1_846' title='bbox 1874 3056 1916 3093; x_wconf 88' lang='lat' dir='ltr'>ab</span> <span class='ocrx_word' id='word_1_847' title='bbox 1936 3058 2011 3103; x_wconf 83' lang='lat' dir='ltr'>ipfis</span> <span class='ocrx_word' id='word_1_848' title='bbox 2035 3056 2084 3094; x_wconf 87' lang='lat' dir='ltr'>est</span> 
     </span>
     <span class='ocr_line' id='line_1_124' title="bbox 1194 3107 1903 3155; baseline -0.004 -10"><span class='ocrx_word' id='word_1_849' title='bbox 1194 3120 1366 3155; x_wconf 86' lang='lat' dir='ltr'>promotus</span> <span class='ocrx_word' id='word_1_850' title='bbox 1383 3110 1418 3144; x_wconf 90' lang='lat' dir='ltr'>in</span> <span class='ocrx_word' id='word_1_851' title='bbox 1429 3109 1683 3154; x_wconf 87' lang='lat' dir='ltr'>Metropolitam</span> <span class='ocrx_word' id='word_1_852' title='bbox 1694 3107 1883 3152; x_wconf 84' lang='lat' dir='ltr'>Tyriorum</span> <span class='ocrx_word' id='word_1_853' title='bbox 1894 3132 1903 3142; x_wconf 87' lang='lat'>.</span> 
     </span>
    </p>

    <p class='ocr_par' dir='ltr' id='par_1_13' title="bbox 1194 3155 2087 3496">
     <span class='ocr_line' id='line_1_125' title="bbox 1244 3155 2085 3205; baseline -0.007 -7"><span class='ocrx_word' id='word_1_854' title='bbox 1244 3161 1329 3198; x_wconf 82' lang='lat' dir='ltr'>Haec</span> <span class='ocrx_word' id='word_1_855' title='bbox 1348 3159 1550 3205; x_wconf 75' lang='lat' dir='ltr'>Metropolis</span> <span class='ocrx_word' id='word_1_856' title='bbox 1571 3159 1767 3203; x_wconf 83' lang='lat' dir='ltr'>quibusdam</span> <span class='ocrx_word' id='word_1_857' title='bbox 1789 3155 2085 3203; x_wconf 15' lang='lat' dir='ltr'>videturlEphefini</span> 
     </span>
     <span class='ocr_line' id='line_1_126' title="bbox 1194 3209 2084 3255; baseline -0.003 -9"><span class='ocrx_word' id='word_1_858' title='bbox 1194 3211 1344 3246; x_wconf 90' lang='lat' dir='ltr'>Concilii</span> <span class='ocrx_word' id='word_1_859' title='bbox 1367 3222 1516 3255; x_wconf 86' lang='lat' dir='ltr'>tempore</span> <span class='ocrx_word' id='word_1_860' title='bbox 1540 3209 1636 3246; x_wconf 80' lang='lat' dir='ltr'>fuiffe</span> <span class='ocrx_word' id='word_1_861' title='bbox 1661 3210 1798 3246; x_wconf 86' lang='lat' dir='ltr'>viduata</span> <span class='ocrx_word' id='word_1_862' title='bbox 1816 3233 1825 3244; x_wconf 90' lang='lat'><strong>.</strong></span> <span class='ocrx_word' id='word_1_863' title='bbox 1851 3209 1989 3245; x_wconf 86' lang='lat' dir='ltr'>Etenim</span> <span class='ocrx_word' id='word_1_864' title='bbox 2014 3209 2084 3253; x_wconf 79' lang='lat' dir='ltr'>ejus</span> 
     </span>
     <span class='ocr_line' id='line_1_127' title="bbox 1196 3259 2087 3307; baseline -0.004 -10"><span class='ocrx_word' id='word_1_865' title='bbox 1196 3262 1378 3307; x_wconf 85' lang='lat' dir='ltr'>Episcopus</span> <span class='ocrx_word' id='word_1_866' title='bbox 1398 3263 1434 3296; x_wconf 90' lang='lat' dir='ltr'>in</span> <span class='ocrx_word' id='word_1_867' title='bbox 1449 3259 1674 3304; x_wconf 89' lang='lat' dir='ltr'>Synodalibus</span> <span class='ocrx_word' id='word_1_868' title='bbox 1688 3260 1781 3295; x_wconf 70' lang='lat' dir='ltr'>Actis</span> <span class='ocrx_word' id='word_1_869' title='bbox 1793 3259 1915 3296; x_wconf 88' lang='lat' dir='ltr'>nullibi</span> <span class='ocrx_word' id='word_1_870' title='bbox 1927 3268 2061 3305; x_wconf 85' lang='lat' dir='ltr'>apparet</span> <span class='ocrx_word' id='word_1_871' title='bbox 2072 3283 2087 3300; x_wconf 94' lang='lat'>,</span> 
     </span>
     <span class='ocr_line' id='line_1_128' title="bbox 1195 3310 2087 3356; baseline -0.006 -8"><span class='ocrx_word' id='word_1_872' title='bbox 1195 3324 1257 3348; x_wconf 90' lang='lat' dir='ltr'>nec</span> <span class='ocrx_word' id='word_1_873' title='bbox 1277 3324 1356 3348; x_wconf 89' lang='lat' dir='ltr'>cum</span> <span class='ocrx_word' id='word_1_874' title='bbox 1367 3310 1553 3348; x_wconf 84' lang='lat' dir='ltr'>Patriarcha</span> <span class='ocrx_word' id='word_1_875' title='bbox 1565 3310 1694 3356; x_wconf 86' lang='lat' dir='ltr'>Joanne</span> <span class='ocrx_word' id='word_1_876' title='bbox 1705 3336 1717 3354; x_wconf 91' lang='lat'>,</span> <span class='ocrx_word' id='word_1_877' title='bbox 1742 3322 1805 3347; x_wconf 88' lang='lat' dir='ltr'>nec</span> <span class='ocrx_word' id='word_1_878' title='bbox 1829 3311 1917 3355; x_wconf 90' lang='lat' dir='ltr'>apud</span> <span class='ocrx_word' id='word_1_879' title='bbox 1930 3312 2087 3347; x_wconf 63' lang='lat' dir='ltr'>Sannum</span> 
     </span>
     <span class='ocr_line' id='line_1_129' title="bbox 1195 3359 2086 3407; baseline -0.007 -9"><span class='ocrx_word' id='word_1_880' title='bbox 1195 3363 1363 3407; x_wconf 86' lang='lat' dir='ltr'>Cyrillum</span> <span class='ocrx_word' id='word_1_881' title='bbox 1382 3387 1390 3396; x_wconf 94' lang='lat'><strong>.</strong></span> <span class='ocrx_word' id='word_1_882' title='bbox 1418 3361 1545 3398; x_wconf 71' lang='lat' dir='ltr'>Verum</span> <span class='ocrx_word' id='word_1_883' title='bbox 1563 3361 1704 3398; x_wconf 80' lang='lat' dir='ltr'>adfuifl&#39;e</span> <span class='ocrx_word' id='word_1_884' title='bbox 1726 3362 1798 3403; x_wconf 88' lang='lat'>‚-&amp;</span> <span class='ocrx_word' id='word_1_885' title='bbox 1827 3362 1921 3397; x_wconf 78' lang='lat' dir='ltr'>fuiffe</span> <span class='ocrx_word' id='word_1_886' title='bbox 1948 3359 2086 3396; x_wconf 85' lang='lat' dir='ltr'>nomine</span> 
     </span>
     <span class='ocr_line' id='line_1_130' title="bbox 1195 3409 2083 3496; baseline 0.001 -47"><span class='ocrx_word' id='word_1_887' title='bbox 1195 3413 1343 3459; x_wconf 84' lang='lat' dir='ltr'>Cyrum,</span> <span class='ocrx_word' id='word_1_888' title='bbox 1372 3412 1456 3450; x_wconf 86' lang='lat' dir='ltr'>infra</span> <span class='ocrx_word' id='word_1_889' title='bbox 1477 3425 1540 3451; x_wconf 86' lang='lat' dir='ltr'>nos</span> <span class='ocrx_word' id='word_1_890' title='bbox 1561 3412 1698 3452; x_wconf 85' lang='lat' dir='ltr'>docebit</span> <span class='ocrx_word' id='word_1_891' title='bbox 1717 3412 1918 3454; x_wconf 82' lang='lat' dir='ltr'>Caffmenfis</span> <span class='ocrx_word' id='word_1_892' title='bbox 1940 3409 2083 3496; x_wconf 44' lang='lat' dir='ltr'>1Cim-{ex-</span> 
     </span>
    </p>

    <p class='ocr_par' dir='ltr' id='par_1_14' title="bbox 1981 3470 2037 3496">
     <span class='ocr_line' id='line_1_131' title="bbox 1981 3470 2037 3496; baseline 0 0"><span class='ocrx_word' id='word_1_893' title='bbox 1981 3470 2037 3496; x_wconf 81' lang='lat' dir='ltr'>uic</span> 
     </span>
    </p>
   </div>
  </div>
 </body>
</html>
