2320 3730
912 156 1390 203 EP1sTorra.

357 296 401 330 Ab
420 295 563 338 univerfis
588 294 742 339 Eptftopis
767 295 803 329 Θ
827 294 1010 332 Pri-:hyems

542 347 740 381 adclamatum
766 344 828 387 est:

298 444 428 481 Exaudi
440 443 569 482 Christe
580 472 592 488 ,
602 446 721 482 Hilaro
734 445 800 481 vita
810 469 819 478 .
845 444 978 480 Dictum
989 441 1106 478 sexties
1118 466 1124 474 .

244 495 329 530 Haec
339 495 661 538 confirmamus,haec
674 497 840 532 docemus.
868 495 1004 530 Dictum
1017 492 1124 527 offles.

244 545 328 580 Haec
338 547 478 580 tenenda
492 549 586 588 sunt,
612 546 679 581 haec
703 545 855 581 servanda
869 545 962 579 sunt.
991 543 1124 576 Didium

242 595 390 639 quinies.
419 596 582 632 Doctrina
603 597 711 631 vestrae
730 596 851 641 gratias
877 592 1006 640 agimus
1024 617 1031 625 .
1059 591 1126 626 Di·-

243 646 331 679 &um
352 646 478 680 decies.
505 648 570 683 Ista
582 656 619 680 ut
641 646 675 680 in
691 655 879 690 perpetuum
901 645 1064 678 serventur
1076 653 1126 675 ro-

241 705 377 739 gamus.
404 696 539 731 Didtum
561 696 669 732 decies
691 696 835 740 quinies.
864 693 925 728 Per
938 693 1125 728 Dominum

241 744 378 779 Petrum
391 748 474 780 utin
486 757 677 791 perpetuum
690 746 857 780 serventur
874 753 1042 788 rogamus.
1068 741 1128 775 Di-

242 795 331 829 ctum
353 797 453 830 'octies
473 821 481 828 .
509 797 588 830 Haec
612 795 817 840 praesumptio
844 803 1026 838 numquam
1049 791 1124 825 fiat.

242 844 382 879 Dictum
393 846 518 880 decies.
545 844 692 894 Qihaec
706 844 898 887 violaverit,
925 843 962 879 in
982 844 1014 878 se
1039 842 1126 876 inve-

240 894 332 930 niet.
358 895 498 933 Dieium
520 897 655 941 septies.
1114 914 1116 916 v

290 997 338 1027 Et
355 994 442 1037 fado
451 994 571 1038 filentio
588 1020 602 1037 ,
638 997 761 1029 Hilarus
781 991 949 1037 Episcopus
974 991 1075 1025 dixit:

288 1091 408 1127 Praeter
419 1104 478 1134 ea,
505 1095 655 1136 Fratres,
680 1105 766 1129 nova
787 1094 823 1128 δε
840 1092 990 1128 inaudita
1010 1115 1021 1132 ‚
1046 1091 1125 1124 ficut

238 1142 281 1177 ad
293 1153 354 1176 nos
366 1142 463 1177 miffis
475 1143 515 1178 de
526 1144 699 1188 Hispaniis
719 1141 876 1187 Epistolis
887 1143 946 1177 sub
958 1151 1045 1176 certa
1057 1140 1128 1175 reli·

243 1193 345 1239 gione
365 1194 533 1236 pervenit,
558 1193 594 1228 in
614 1192 806 1237 quibusdam
820 1193 900 1227 locis
921 1203 976 1236 per
998 1190 1124 1226 diversi-

239 1254 341 1278 tatem
354 1243 476 1278 semina
486 1242 624 1278 subinde
645 1244 842 1278 nascuntur.
869 1243 1025 1285 Denique
1046 1251 1129 1274 non·

237 1293 327 1328 nulli
351 1292 581 1337 Episcopatum
594 1317 606 1334 ,
633 1294 691 1337 qui
715 1304 784 1327 non
799 1292 858 1326 nifi
877 1293 1002 1327 meritis
1013 1301 1127 1334 praece-

234 1340 394 1377 >dentibus
405 1343 522 1384 datur,
550 1354 618 1377 non
633 1343 801 1378 Divinum
819 1352 958 1382 munus,
987 1339 1041 1375 sed
1066 1339 1125 1374 hae-

238 1391 431 1427 reditatium
454 1403 607 1437 putantes
626 1393 688 1428 esse
707 1392 963 1437 compendium,
988 1390 1124 1426 credunt

239 1442 324 1476 ficut
334 1453 384 1476 res
394 1443 532 1479 caducas
543 1467 555 1484 ,
579 1444 628 1486 ita
639 1443 864 1478 Sacerdotium
876 1468 887 1485 ,
917 1443 1007 1476 velut
1026 1439 1124 1486 legati

234 1502 300 1527 aut
325 1492 511 1527 testamenti
534 1493 625 1536 jure,
650 1494 738 1538 posse
749 1493 894 1527 dimitti.
922 1492 1013 1527 Nam
1035 1490 1125 1534 pleri·

237 1553 304 1586 que
319 1542 355 1576 in
378 1544 494 1577 mortis
505 1543 654 1578 confinio
671 1542 842 1577 constituti
859 1543 1017 1577 inlocum
1031 1542 1125 1575 suum

235 1593 390 1630 feruntur
407 1593 490 1627 alios
507 1591 684 1637 designatis
703 1590 894 1626 nominibus
918 1592 1094 1635 subrogare
1115 1603 1122 1622 :

230 1639 300 1675 ⁵'Ut
309 1641 434 1676 scilicet
446 1653 514 1675 non
527 1642 675 1686 legitima
701 1641 900 1685 exspessetur
910 1641 1025 1675 electio
1038 1663 1048 1680 ‚
1073 1640 1125 1674 sed

234 1689 387 1724 defuncti
407 1691 605 1735 gratificatio
627 1702 687 1735 pro
698 1690 818 1735 Populi
839 1688 996 1726 habeatur
1013 1690 1124 1725 adsen-

238 1741 297 1774 su.
323 1740 427 1787 Qod
450 1750 548 1784 quam
564 1751 665 1786 grave
686 1741 723 1774 fit
738 1764 750 1781 ‚
773 1740 957 1775 existimate
977 1764 984 1772 .
1012 1740 1126 1784 Atque

231 1787 322 1824 ide&
331 1802 350 1831 ,*
369 1789 391 1823 fi
403 1789 529 1833 placet,
555 1791 655 1825 etiam
677 1789 763 1832 hanc
782 1791 949 1825 licentiam
971 1791 1128 1836 generali·

232 1849 294 1876 lter
303 1839 345 1874 de
360 1839 513 1875 Ecclefiis
522 1842 705 1875 auferamus
717 1854 728 1874 .·
754 1841 810 1875 Ne
822 1839 911 1883 quod
934 1851 1026 1885 turpe
1037 1839 1124 1874 dictu

238 1889 309 1930 est,
336 1887 467 1924 homini
491 1892 522 1925 se
542 1901 679 1934 putent,
705 1891 794 1934 quod
809 1891 875 1925 Dei
899 1891 966 1931 est,
991 1890 1120 1925 debere.

234 1937 300 1974 ,Ut
309 1946 419 1974 aurem
430 1941 518 1982 quod
531 1939 571 1975 ad
582 1952 641 1975 nos
651 1941 810 1985 perlatum
825 1941 870 1975 est
884 1966 895 1983 ‚
924 1939 965 1975 ad
989 1941 1125 1976 vestram

239 1989 343 2023 etiam
363 1990 648 2034 poffit'pervenire
672 1990 827 2026 notitiam
850 2015 862 2032 ,
899 1990 1124 2035 Hispanorum

239 2038 393 2123 fratrum
418 2040 773 2087 &Co-Episcoporum
796 2041 981 2076 nostrorum
1001 2041 1125 2085 Scripta

257 2099 414 2134 egantur.
434 2104 436 2107 ν

442 2187 564 2223 Paulus
579 2190 741 2225 Notarius
760 2192 908 2224 recitavit
920 2213 928 2222 .

241 2287 408 2327 Bemffim
419 2311 431 2329 ‚
448 2288 483 2323 &P
495 2289 648 2331 apostolica
659 2293 822 2324 reverentia
833 2290 854 2321 ἂ
864 2286 947 2321 nobis
966 2290 998 2320 in
1014 2284 1126 2328 cbristo

290 2338 427 2381 colendo,
455 2341 552 2382 Papae
573 2342 677 2374 Hilaro
699 2338 842 2383 Ascanius
855 2361 866 2378 ‚
894 2338 928 2372 (ν
949 2335 1082 2379 universi

486 2389 629 2434 Episcopi
659 2387 874 2430 Terraconenfis

588 2442 757 2475 Provinciae
767 2464 775 2472 .

289 2540 463 2589 Qoniam
474 2549 583 2575 cutam
595 2538 810 2585 Apostolatus
822 2539 922 2574 vestet
938 2536 979 2573 de
995 2537 1121 2582 provin·

237 2587 364 2624 'ciarum
388 2591 517 2626 suarum
541 2591 768 2626 Sacerdotibus
789 2600 904 2635 gerat,
930 2588 1001 2622 filio
1013 2587 1122 2622 nostro

238 2639 365 2674 inlustri
391 2639 574 2675 Vincentio
600 2642 694 2675 Duce
708 2639 887 2674 Provinciae
912 2639 1027 2674 nostrae
1046 2638 1123 2672 refe-

238 2699 330 2724 rente
351 2691 570 2734 cognovimus
592 2715 600 2722 .
638 2690 739 2735 Cujus
763 2689 904 2734 impulsu
928 2697 1043 2722 votum
1065 2700 1121 2722 no·

237 2739 339 2773 strum
351 2739 385 2772 in
400 2740 513 2773 ausum
536 2739 695 2774 scribendi
708 2751 808 2785 prona
820 2739 1000 2773 devotione
1021 2739 1117 2772 surre-

239 2788 309 2823 xit.
337 2789 426 2834 Ergo
449 2789 642 2832 provinciali
663 2789 820 2825 litterario
841 2791 988 2824 sermone
1008 2788 1117 2822 debita

237 2838 383 2881 Coronae
403 2838 509 2873 vestrae
527 2838 685 2883 obsequia
697 2839 877 2875 deferentes
891 2863 902 2880 ,
928 2838 980 2872 his
1003 2838 1122 2882 quaesu·

237 2899 333 2930 mus,
352 2899 388 2923 ut
399 2887 615 2934 dignatione,
642 2900 706 2933 qua
717 2899 864 2931 caetetos,
890 2890 988 2924 etiam
1002 2888 1122 2922 Humi·

237 2938 364 2973 litatem
387 2939 531 2973 nostram
556 2940 591 2973 in
602 2938 808 2974 orationibus
832 2939 940 2974 vestris
966 2940 1000 2972 in
1013 2948 1120 2972 mente

238 2986 357 3023 habere
368 2988 552 3033 dignemini
565 3012 576 3031 ,
602 2989 787 3024 Beatiffime
805 2999 842 3024 ac
863 2988 1052 3033 Apostolica
1075 2999 1119 3022 re-

237 3038 382 3072 verentia
397 3038 431 3071 in
445 3038 579 3073 Christo
599 3039 619 3072 ὲ
633 3038 728 3073 nobis
742 3039 882 3074 colende
892 3039 1004 3074 Pater.
1033 3038 1118 3072 lllud

236 3086 410 3131 specialius
421 3085 628 3131 deprecantes
638 3113 649 3129 ‚
661 3099 697 3123 ut
709 3090 842 3123 Factum
856 3089 999 3124 nostrum
1010 3114 1020 3130 ‚
1031 3088 1120 3133 quod

236 3146 307 3172 tam
320 3147 401 3171 voto
415 3136 496 3180 pene
507 3139 618 3172 omnis
632 3138 812 3173 Provinciae
828 3162 839 3178 ‚
859 3150 957 3183 quam
968 3138 1120 3182 exemplo

237 3187 406 3222 vetustatis
417 3188 450 3221 in
466 3190 622 3223 notitiam
634 3189 772 3223 vestram
795 3190 936 3224 defertur
947 3214 958 3232 ‚
987 3199 1118 3232 perpen-

236 3236 277 3271 sis
287 3236 510 3272 assertionibus
530 3238 649 3272 nostris
662 3239 812 3274 roborare
824 3239 1028 3284 dignemini.

287 3286 331 3319 Et
353 3298 427 3320 cum
450 3287 572 3332 legeret
596 3312 607 3329 ‚
643 3288 685 3322 ab
707 3289 863 3323 univerfis
889 3289 1059 3333 Episcopis
1084 3290 1117 3324 ἀ

235 3334 438 3379 Presbyteris
464 3338 683 3373 adclamatum
705 3338 750 3372 est
775 3352 783 3372 :
811 3339 941 3375 Exaudi
966 3338 1117 3381 Christe,

334 3385 444 3428 christ.
454 3390 532 3430 Lupi
541 3391 639 3431 Opera
647 3391 750 3422 T.V11.

1900 163 1995 223 387

1184 239 1305 274 Hilaro
1326 238 1409 274 vita
1437 239 1573 274 Dictum
1594 242 1638 276 est
1661 241 1785 279 decies.
1812 246 1892 281 Haec
1915 246 2059 289 praesum-

1185 291 1256 334 ptio
1278 300 1447 334 nunquam
1472 289 1558 324 fiat
1583 290 1717 327 Distum
1739 295 1864 330 sexies.
1891 297 1975 341 Qae
1992 296 2058 331 Dei

1186 342 1283 381 sunt,
1313 338 1354 374 ab
1366 339 1502 374 homine
1521 339 1590 374 dari
1601 350 1670 374 non
1692 344 1839 384 poffunt.
1867 347 2001 380 DiCtum
2012 345 2059 380 est

1186 390 1304 424 sexies.
1334 389 1394 423 Per
1405 390 1595 424 Dominum
1606 390 1762 430 Petrum,
1774 394 1855 428 utin
1867 406 2058 438 perpetuum

1185 441 1369 474 serventur.
1398 440 1535 475 Dictum
1560 439 1687 485 quinies
1706 465 1714 472 .
1739 439 1819 476 Haec
1837 453 1874 478 ut
1896 445 2060 482 serventur

1185 500 1353 538 rogamus.

1260 594 1387 629 Hilarus
1413 588 1580 634 Epist-opus
1606 590 1710 631 dixit,
1736 590 1847 638 Lege.
1873 593 1987 627 Paulus

1453 645 1602 675 Notarius
1628 645 1786 677 recitavit.

1237 741 1416 786 Episcopus
1426 741 1736 778 Barchinonenfium
1747 741 1890 778 civitatis
1899 768 1911 785 ‚
1927 744 2063 779 Sanam

1189 789 1413 828 Nundinarius
1434 817 1446 834 ‚
1472 793 1591 827 sortem
1612 793 1755 836 explevit
1781 793 1984 828 conditionis
2005 792 2065 828 hu·

1189 850 1290 875 manae
1312 867 1319 874 .
1346 841 1416 877 Hic
1438 842 1602 886 Episcopo
1627 842 1801 877 venerabili
1823 844 1926 879 Fratri
1948 843 2064 878 nostro

1188 889 1352 931 Hirineo,
1377 902 1473 937 quem
1484 892 1550 935 ipse
1560 893 1701 927 anteain
1714 892 1841 928 dioecefi
1864 894 1940 934 sua,
1966 892 2065 928 nobis

1190 941 1377 976 volentibus
1389 967 1399 983 ‚
1424 942 1636 976 constituerat
1647 966 1658 982 ,
1670 941 1896 987 derelinquens
1907 943 1937 977 ei
1950 967 1962 983 ,
1973 942 2066 987 quod

1188 992 1296 1034 potuit
1308 990 1427 1025 habere
1437 1000 1604 1034 paupertas
1617 1016 1628 1032 ‚
1652 992 1803 1034 supremae
1822 993 2009 1028 -voluntatis
2019 1004 2068 1027 ar-

1189 1040 1311 1082 bitrio,
1335 1041 1371 1075 in
1385 1041 1495 1075 locum
1509 1041 1602 1073 suum
1612 1049 1650 1072 nt
1661 1041 1903 1077 substitueretur
1919 1044 2046 1086 optavit
2056 1059 2065 1075 a

1188 1089 1248 1124 Sed
1259 1090 1403 1125 defuneti
1421 1089 1584 1134 judicium
1603 1087 1638 1122 iu
1651 1088 1721 1132 ejus
1745 1091 1899 1126 meritum
1919 1103 1988 1127 non
2011 1103 2068 1127 va-

1188 1141 1297 1175 cillat.

1238 1190 1282 1224 Et
1294 1201 1370 1225 cum
1384 1189 1530 1235 legeret,
1554 1185 1681 1223 Probus
1694 1188 1877 1233 Episcopus
1893 1188 2069 1225 econsefl'u

1188 1239 1431 1284 surgensdixit:
1464 1238 1545 1274 illud
1554 1238 1668 1277 licuit,
1689 1237 1754 1274 hoc
1766 1250 1835 1273 non
1847 1239 1964 1274 licuit.
1991 1240 2069 1274 Suc·

1188 1290 1321 1325 ceffores
1342 1291 1434 1325 Deus
1454 1289 1509 1324 dat
1530 1310 1540 1321 .
1565 1287 1783 1323 Authoritate
1815 1289 1917 1325 vestra
1937 1290 2070 1325 resistite

1189 1339 1267 1375 huic
1279 1340 1326 1375 rei
1339 1351 1393 1384 per
1408 1338 1644 1386 Apostolatum
1656 1339 1796 1375 vestrum
1807 1364 1815 1372 .

1188 1441 1312 1476 Hilarus
1333 1439 1493 1484 Episcopus
1515 1441 1617 1475 dixit:
1643 1438 1797 1476 Percurre
1822 1452 1893 1486 quae
1910 1451 2068 1486 coeperas.

1388 1492 1503 1526 Paulus
1530 1495 1681 1525 Notarius
1706 1497 1864 1526 recitavit.
1932 1498 1936 1503 ·

1235 1589 1404 1633 Siquidem
1418 1590 1528 1627 omnis
1539 1591 1657 1626 Clerus
1676 1591 1710 1626 δι
1721 1591 1810 1636 plebs
1827 1591 1971 1635 ejusdem
1991 1590 2069 1626 civi-

1185 1641 1261 1674 tatis
1290 1665 1301 1682 ,
1326 1641 1361 1676 &
1384 1642 1504 1685 optimi
1533 1641 1568 1675 &
1591 1641 1725 1685 plurimi
1748 1641 1974 1677 provinciales
1996 1666 2008 1683 ‚
2033 1650 2073 1675 ut

1187 1689 1275 1724 idem
1287 1691 1322 1724 in
1335 1691 1405 1734 ejus
1416 1691 1529 1726 locum
1548 1691 1750 1732 observaret,
1775 1691 1901 1726 anobis
1927 1693 2071 1736 sperave·

1187 1750 1263 1775 runt
1273 1740 1351 1775 dato
1363 1742 1541 1776 consensu.
1569 1740 1645 1775 Nos
1664 1741 1848 1786 cogitantes
1869 1741 2036 1776 defuncti
2026 1751 2075 1785 Ju-

1171 1791 1335 1848 dicium,
1360 1792 1394 1826 &
1406 1791 1579 1834 probantes
1597 1791 1664 1834 ejus
1680 1792 1806 1833 vitam,¹
1816 1790 1865 1824 -&
1877 1802 1994 1828 eorum
2014 1802 2075 1825 no·

1171 1830 1353 1875 'bilitatem
1379 1851 1478 1885 atque
1499 1838 1749 1875 multitudinem
1775 1864 1788 1881 ‚
1810 1841 1868 1885 qui
1895 1841 2072 1885 petebant,

1189 1891 1282 1925 simul
1315 1892 1350 1926 &
1374 1891 1551 1926 utilitatem
1576 1889 1725 1925 Ecclesiae
1749 1900 1964 1931 memoratae,
1989 1891 2076 1935 opti-

1191 1952 1281 1975 mum
1292 1941 1445 1976 duximus
1458 1965 1469 1982 ,
1497 1951 1533 1975 ut
1549 1950 1644 1975 tanto
1655 1940 1822 1976 Sacerdoti
1840 1966 1852 1982 ‚
1879 1942 1936 1985 qui
1958 1941 1999 1975 ad
2011 1940 2075 1976 Di-

1190 1992 1264 2025 vina
1287 1991 1505 2036 migraverat,
1532 2002 1600 2025 non
1626 1991 1764 2025 minoris
1785 1991 2076 2026 meritisubstitue-

1191 2051 1280 2075 retur
1292 2042 1462 2076 Antistes:
1488 2040 1668 2074 Ptaesertim
1690 2052 1766 2074 curn
1789 2039 1965 2074 Ecclesiam
1987 2039 2079 2074 illius

1193 2088 1386 2133 municipii,
1412 2091 1449 2123 in
1460 2099 1524 2133 qua
1544 2097 1640 2122 antea
1664 2089 1768 2122 suerat
1778 2088 1971 2130 ordinatus,
1997 2091 2077 2124 sem·

1192 2151 1247 2183 per
1260 2138 1355 2181 hujus
1378 2138 1519 2173 civitatis
1532 2136 1683 2171 Ecclefiae.
1699 2139 1794 2172 suiffe
1813 2139 1974 2174 dioecefim
1995 2137 2076 2176 con}

1191 2189 1251 2222 stet
1263 2212 1271 2219 .
1299 2186 1390 2231 Er'go
1414 2187 1600 2229 suppliciter
1619 2185 1828 2227 deprecamur
1840 2188 2074 2230 Apostolarum

1192 2236 1328 2271 vestrum
1341 2257 1352 2274 ,
1379 2244 1415 2268 ut
1429 2234 1637 2268 Humilitatis
1648 2234 1763 2269 nostrae
1775 2238 1931 2270 Decretum
1942 2262 1953 2278 ,
1981 2240 2073 2282 quod

1188 2285 1271 2331 juste
1299 2284 1424 2320 anobis
1444 2284 1572 2320 videtur
1593 2283 1731 2327 fanum,
1760 2285 2073 2325 vestraauthoritate

1191 2337 1346 2371 firmetis.
2064 2364 2068 2368 r

1240 2387 1311 2429 Iam
1331 2385 1456 2420 dudum
1477 2385 1551 2420 sane
1573 2386 1676 2431 questi
1697 2387 1861 2423 fueramus
1882 2388 2001 2424 litteris
2013 2401 2070 2425 no-

1189 2436 1259 2470 stris
1280 2436 1320 2471 de
1344 2438 1588 2480 praesumptione
1603 2436 1737 2481 Sylvani
1763 2440 1939 2482 Episcopi,
1965 2440 2072 2475 &mi-

1188 2496 1295 2521 ramur
1318 2487 1406 2530 quod
1430 2486 1520 2520 nulla
1547 2488 1760 2530 Apostolatus
1784 2488 1878 2523 vestri
1902 2488 2070 2533 Responsa

1188 2537 1400 2581 suscepimus.
1429 2537 1531 2570 Nunc
1543 2535 1611 2571 haec
1631 2537 1744 2573 eadem
1766 2539 1973 2583 suggerentes
1993 2540 2072 2584 peti·

1167 2597 1278 2633 3mus,
1306 2584 1432 2629 utquid
1457 2587 1550 2630 super
1576 2586 1627 2620 his
1640 2586 1734 2622 rebus
1757 2587 1995 2624 observandum
2007 2589 2068 2632 fit,

1187 2636 1391 2681 Apostolicis
1402 2635 1604 2671 sermonibus
1617 2649 1678 2672 nos
1688 2639 1873 2683 dignemini
1884 2640 2069 2676 informare

1186 2686 1230 2721 Et
1256 2699 1296 2722 ne
1307 2687 1436 2721 forsitan
1462 2698 1519 2730 per
1546 2688 1783 2737 negligentiam
1792 2690 1982 2732 portitoris,
2009 2700 2066 2725 aut

1184 2748 1240 2782 per
1258 2737 1464 2782 longinqui
1456 2738 1582 2771 itineris
1602 2734 1829 2779 difficultatem
1853 2739 2069 2775 Humilitatis

1185 2787 1301 2823 nostrae
1322 2788 1363 2822 ad
1376 2788 1570 2831 vosScripta
1596 2798 1663 2822 non
1687 2788 1852 2831 potuerint
1873 2788 1915 2822 de
1928 2788 1993 2823 hoc
2014 2801 2066 2824 ne

1182 2838 1278 2883 gotio
1301 2837 1503 2882 pervenire,
1528 2838 1629 2872 etiam
1656 2837 1897 2882 suggestionem
1922 2838 2064 2873 nostram

1183 2888 1344 2922 malumus
1357 2888 1470 2921 iterate
1484 2910 1505 2920 ,η
2033 2884 2035 2887 ’

1233 2938 1277 2972 Et
1290 2937 1500 2981 subscriptio:
1523 2938 1590 2971 Ora
1603 2947 1661 2981 pro
1675 2935 1793 2971 nobis.
1810 2937 1962 2972 Sanctum
1976 2935 2065 2982 Apo·

1183 2987 1336 3022 stolatum
1348 2986 1509 3022 vestrum'
1500 2988 1570 3031 Jugi
1585 2999 1653 3021 aevo
1664 2986 1791 3026 Divina
1804 2989 1971 3024 conservet
1981 2999 2064 3023 aeter·

1182 3039 1266 3072 nitas
1280 3038 1376 3072 nobis
1394 3036 1571 3076 omnibus,
1596 3038 1630 3071 δι
1644 3037 1793 3073 Ecclefiae
1803 3039 1862 3074 suoe
1873 3061 1886 3079 ‚
1912 3038 2063 3104 Domine

1182 3089 1255 3123 vere
1265 3089 1371 3123 noster
1383 3112 1395 3129 ‚
1421 3087 1454 3121 &
1467 3085 1661 3130 Apostolice
1673 3087 1784 3131 Papa.

1182 3188 1317 3225 Hilarus
1331 3187 1511 3233 Episcopus
1531 3186 1637 3222 dixit.
1666 3188 1732 3221 Alia
1745 3151 1877 3231 Epistola
1898 3194 2036 3226 recitetur
2049 3213 2058 3223 .

1380 3237 1499 3273 Paulus
1517 3237 1675 3281 Notarius
1695 3238 1860 3277 recitavit,

1556 3389 1590 3423 K
1613 3387 1642 3425 k
1687 3400 1711 3428 2
1911 3390 2011 3421 Domi-
