2320 3730
584 200 899 258 Scironis,
938 206 1006 245 rr
1037 199 1238 251 Norts‘
1265 205 1655 249 utusrRAr‘AE.

213 284 423 333 suhfflentiaer‘s
434 285 489 331 seu
499 286 677 332 pessimam,
702 300 793 332 quam
819 289 900 323 nobis
920 286 1094 324 veneranda

215 337 457 380 Chalcedonensis
468 340 597 377 synodus
607 341 753 380 tradidit,
767 340 876 374 nullius
886 340 1009 375 ulterius
1022 361 1033 378 ,
1045 334 1098 374 nist

219 393 276 424 Dei
281 387 369 422 Verbi
378 393 529 423 incarnati
537 389 716 431 confitemur.
731 392 855 432 Propter
863 387 942 430 quod
954 398 1005 420 nec
1014 386 1097 419 illam

215 437 409 483 finientium,
435 450 527 482 quam
546 439 631 487 quast
646 445 826 478 contrariam
847 438 953 476 synodo
970 438 1097 478 quidam

216 487 412 531 existimant,
436 489 539 530 idest,
563 501 658 527 unam
669 498 812 523 naturam
828 491 884 521 Dei
905 485 1096 522 Verbimcar·

216 547 346 581 natam,
368 545 556 579 avertimus:
584 542 668 583 ,Quia
692 538 771 573 nibil
787 539 894 577 aliud,
920 534 976 577 m'fi
980 540 1095 567 unicam

213 587 445 632 ⁸subsistentium,
462 588 527 630 five
532 588 689 633 personam
709 594 741 622 in
759 587 873 627 duabus
885 585 1037 619 naturalis
1047 586 1096 617 do-

216 647 264 672 cet
283 644 404 677 unitas.
423 638 601 674 Consonat
631 639 809 683 Imperator
842 636 1042 680 Iustinianus
1061 635 1095 667 in

209 689 280 722 >suo
300 689 417 727 Edicto
428 699 543 724 contra
564 689 625 724 tria
636 687 789 732 Capitula
803 699 811 719 ε
836 690 927 728 super
937 686 1014 718 alias
1023 686 1097 717 San-

216 738 259 771 δέ
272 740 375 778 cyrilli
396 739 568 780 dominas,
593 740 627 773 ὁ*
651 738 703 771 boc
723 737 762 770 ab
783 734 845 780 ipso
856 733 1098 779 didumsufiipi-

216 798 306 833 mus,
330 800 426 827 unam
444 799 585 823 naturam
612 791 670 822 Dei
681 787 770 822 verbi
780 793 989 826 incarnatam.
1010 783 1097 829 ’,ρεισ-

215 843 273 871 ties
290 837 353 882 ,ipse
368 848 458 882 pater·
487 838 564 878 istud
582 838 664 871 dixit
675 863 686 879 ,
714 846 833 873 naturae
855 842 968 870 nomine
981 834 1049 878 usus
1059 831 1097 874 est

208 886 471 931 prosubfistentia.
500 888 654 922 Edictum
667 887 770 928 istud,
797 887 872 921 licet
882 885 939 924 sub
949 883 1096 928 Iustinia-

213 936 253 971 ni
266 932 402 979 nornine
421 938 599 982 prodierit,
625 948 828 981 nequaquam
851 946 960 970 tamen
972 934 1040 977 ipse
1052 932 1097 967 est

215 986 286 1030 :Jus
295 986 427 1028 author,
438 988 490 1022 sed
502 986 654 1021 authores
664 986 759 1020 habet
766 984 998 1024 eruditiffirnos
1008 982 1098 1016 Grae-

216 1036 561 1077 commistotempore
571 1034 774 1082 Episcopos,
801 1034 941 1078 ideoque
963 1033 1010 1068 est
1030 1043 1097 1072 non

214 1084 354 1122 modicae
367 1082 574 1119 authoritatis
583 1109 590 1116 .

265 1132 463 1177 Respondeo
475 1135 628 1172 Sanctum
640 1134 806 1178 Cyrillum
818 1145 946 1174 vocem,
959 1139 1098 1172 Natura,

214 1183 398 1229 :liquando
421 1185 578 1234 accepisse
599 1196 657 1227 pro
685 1183 849 1228 hypostafi
870 1183 1102 1218 autsubsistem

215 1233 283 1268 tia.
310 1233 349 1267 In
370 1234 468 1272 tertio
493 1235 536 1269 de
558 1234 624 1274 fide
644 1230 874 1269 libro'sanctus
884 1234 1025 1277 Joannes
1036 1233 1101 1265 Da-

217 1283 386 1318 mascenus
406 1284 492 1324 istud
513 1284 713 1319 demonstrat
737 1295 777 1318 ex
803 1283 854 1319 his
878 1283 947 1327 ejus
974 1281 1101 1323 verbis,

213 1333 254 1367 in
298 1333 433 1374 secundi
472 1334 620 1378 Capituli
659 1335 810 1369 adversus
844 1333 1099 1368 Theodoretum

215 1381 410 1428 Apologia:
437 1384 563 1423 Verbum
586 1384 638 1417 hoc
654 1384 830 1425 secundum
845 1384 1077 1418 subsistentiam
1089 1407 1100 1423 ‚

216 1431 312 1465 Nihil
332 1434 422 1465 aliud
442 1433 622 1473 demonstrat
634 1457 645 1472 ,
672 1434 727 1475 nifi
735 1433 829 1476 solum
841 1435 929 1467 Verbi
940 1442 1100 1474 naturam,

209 1481 278 1524 five
294 1480 504 1525 subfistentiam
524 1506 535 1523 ,
561 1484 643 1525 quod
657 1482 695 1521 est
717 1481 813 1525 ipsum
836 1482 961 1517 Verbum
974 1507 981 1514 .
1007 1481 1100 1516 Idem

215 1531 366 1575 Cyrillus
376 1555 387 1571 ,
398 1532 446 1566 uti
459 1543 559 1573 unam
570 1533 636 1565 Dei
649 1531 751 1567 Verbi
764 1542 911 1567 naturam
926 1554 937 1570 ,
947 1530 990 1566 ita
1003 1542 1101 1574 quan-

215 1581 328 1623 doque
346 1580 433 1613 dixit
453 1593 553 1615 unam
575 1582 640 1617 Dei
663 1580 764 1615 Verbi
777 1581 978 1615 incarnatam
997 1579 1100 1624 hypo-

215 1629 312 1664 {infin
323 1642 335 1663 .-
362 1629 411 1664 Ita
424 1630 544 1674 scripsit
560 1631 594 1663 in
608 1631 673 1673 ipsa
684 1630 858 1671 duodecim
871 1629 1100 1673 Capitulorum

216 1679 259 1714 ad
269 1678 460 1715 Nestorium
482 1677 637 1723 epistola:
665 1678 775 1727 Voces,
799 1692 866 1723 quae
890 1687 921 1714 in
932 1681 1101 1724 Evangelio

215 1731 375 1773 leguntur,
399 1737 452 1767 uni
477 1733 534 1768 Dei
556 1730 643 1764 Verbi
668 1736 819 1768 incarnati
840 1729 977 1773 hypostasi
989 1730 1101 1763 tribua-

217 1790 303 1814 mus.
332 1780 416 1827 Qae
435 1778 552 1829 phrasis
572 1780 697 1823 placuit
715 1781 815 1814 etiam
826 1782 944 1821 Sansto
957 1780 1098 1815 Proclo.

216 1830 259 1865 ln
271 1830 331 1864 suo
351 1831 440 1869 enim
463 1831 504 1864 ad
518 1829 695 1864 Armenios
706 1830 825 1869 Tomo
838 1831 978 1873 scripsit:
1004 1833 1102 1862 Unam

216 1884 371 1913 incarnati
383 1883 438 1913 Dei
450 1879 539 1918 Verbi
550 1880 682 1920 confiteor
697 1879 851 1922 hypostasin
861 1905 868 1912 .
895 1879 1022 1919 Eadem
1031 1879 1101 1918 uti-—

217 1939 273 1964 tur
282 1930 416 1963 Sanetus
429 1929 541 1963 Abbas
559 1931 593 1964 ὅ(
619 1930 746 1973 Martyt
759 1930 926 1968 Maximus
937 1930 971 1964 in
983 1930 1102 1964 oratio-

217 1990 263 2014 ne
282 1978 452 2013 adversum
474 1980 580 2018 Severi
601 1979 758 2023 dogmata
767 1980 881 2023 scripta
891 1980 932 2014 ad
944 1979 1100 2013 illustrem

217 2030 328 2064 virum
337 2027 491 2069 Petrum.
518 2030 558 2063 In
580 2029 694 2063 litteris
713 2030 753 2064 ad
774 2030 983 2075 Jovinianum
993 2030 1102 2071 Impe-

217 2088 359 2114 ratorem
378 2081 512 2114 Sanctus
533 2077 729 2112 Athanasius
758 2089 931 2122 utramque
961 2077 1101 2125 phrasim

215 2128 394 2172 conjungit
408 2141 415 2160 :
443 2128 559 2167 Scribit
571 2138 670 2162 unam
688 2138 837 2163 naturam
851 2140 889 2162 ac
901 2126 1102 2172 hypostasim

215 2178 284 2214 Dei
296 2178 462 2212 Sermonis
472 2179 685 2217 incarnatam.
713 2180 873 2213 Attamen
889 2178 924 2211 in
938 2177 1050 2212 libello
1062 2177 1104 2211 de

215 2229 285 2263 Dei
307 2227 413 2262 Verbi
427 2228 655 2261 incarnatione
665 2227 792 2262 omittit
805 2239 920 2261 vocem
933 2251 944 2267 ,
971 2227 1103 2269 hyposta-

211 2277 254 2320 fis
266 2302 276 2318 ,
302 2278 336 2311 δε
349 2276 482 2311 adducit
507 2278 610 2315 solam
622 2288 737 2311 vocem
751 2301 762 2317 ,
790 2281 918 2310 Natura
929 2300 936 2308 .
966 2277 1011 2310 Et
1022 2275 1102 2309 hinc

215 2328 353 2362 sanstus
376 2327 516 2370 Joannes
538 2327 805 2362 Damascenusin
820 2326 1046 2370 praefatolibro
1060 2336 1105 2359 re-

216 2377 265 2411 ἂὲ
283 2374 421 2411 affirmat
442 2378 593 2417 Sanstum
615 2377 781 2419 Cyrillum
795 2375 902 2411 bacin
914 2387 948 2410 re
967 2375 1104 2410 fuiffea-

217 2426 311 2470 perte
331 2426 478 2460 locutum
493 2450 504 2465 ,
530 2427 564 2460 δε
583 2437 722 2466 vocem,
748 2430 897 2465 Natura,
922 2425 1028 2468 palam
1048 2436 1106 2458 ac·-

218 2474 337 2518 cepiss'e
356 2487 416 2518 pro
436 2475 569 2509 essentia
587 2487 656 2509 non
668 2486 728 2517 pro
739 2474 902 2518 hypostasi
919 2499 926 2507 .
954 2474 1027 2512 Effe
1038 2485 1106 2508 rna-

217 2524 374 2559 nifestum
385 2535 426 2558 ex
437 2523 503 2567 ejus
515 2524 631 2563 litteris
641 2523 681 2561 ad
691 2524 875 2561 successum
889 2523 1087 2568 Episcopum
1097 2548 1104 2555 .

217 2574 369 2613 Adducit
377 2584 488 2610 earum
501 2572 597 2607 verba
611 2573 646 2607 δε
658 2573 829 2609 concludit
843 2586 851 2606 z
878 2574 1005 2607 sanun:
1017 2579 1106 2618 igitm

216 2624 345 2663 cyrillus
371 2623 421 2662 bic
446 2622 535 2660 Verbi
559 2631 704 2656 naturam
727 2628 758 2659 in
784 2631 897 2656 natura
930 2625 1083 2656 collocavit
1096 2649 1103 2662 ‚

217 2678 307 2708 Nam
324 2672 352 2714 fi
352 2681 409 2715 pro
425 2671 550 2716 persbna
560 2682 704 2706 naturam
714 2672 859 2717 accepiffet
874 2696 886 2714 ,
911 2672 996 2706 haud
1003 2672 1105 2717 absur-

217 2726 292 2758 dum
296 2723 398 2767 fuisset
409 2729 501 2761 etiam
510 2729 588 2757 citra
597 2723 647 2757 boc
656 2723 830 2762 vocabulum
841 2747 852 2764 ‚
879 2723 1084 2757 lucarnatam
1096 2747 1106 2763 ,

217 2775 256 2807 id
276 2775 371 2808 dicere
391 2784 503 2807 unam.
532 2777 630 2806 Unam
638 2779 714 2806 enim
725 2775 779 2810 Dei
790 2772 879 2808 Verbi
888 2772 1046 2816 personam
1055 2773 1107 2806 ab·

216 2823 311 2868 solut?
320 2824 450 2860 dicentes
462 2822 694 2866 haudquaquam
704 2824 876 2858 aberramus
887 2850 895 2856 .
922 2823 1105 2866 consimilem

218 2878 311 2908 etiam
324 2878 356 2906 in
367 2874 487 2911 modum
498 2877 639 2913 Leontius
661 2875 846 2911 Byzantinus
856 2876 895 2908 de
905 2883 1018 2908 natura
1029 2873 1105 2907 hunc

217 2927 311 2958 iocum
321 2923 471 2958 intellexit
487 2948 498 2964 ,
522 2935 579 2957 non
604 2924 642 2957 de
650 2922 795 2966 perfhnae·
821 2925 906 2972 Qae
925 2925 1039 2959 omnia
1051 2924 1104 2958 ad·

219 2973 348 3008 versum
362 2972 591 3023 Eutychianos
611 2973 784 3009 confirmat
794 2974 828 3008 in
839 2975 925 3010 libro
935 2975 977 3016 de
990 2984 1102 3009 natura

218 3022 398 3064 compofita
409 3048 417 3055 .

272 3071 421 3119 Qaestio
432 3073 547 3117 quinta
575 3073 621 3109 est
631 3098 642 3115 ,
667 3072 725 3108 An
738 3073 847 3109 nullus
859 3075 931 3120 post
943 3086 1101 3120 magnum

222 3120 464 3163 Athanasium,
489 3136 528 3158 ae
548 3125 625 3160 ante
643 3125 796 3159 Sanctum
816 3126 980 3169 Cyrillum
993 3126 1101 3160 nullus

218 3171 371 3206 Ecclefiae
383 3171 479 3207 Pater
493 3175 590 3208 fuerit
609 3173 682 3209 usus
693 3174 761 3210 istis
773 3176 931 3211 vocibus?
958 3177 1013 3211 An
1027 3184 1100 3210 toto

218 3222 334 3257 medio
356 3232 502 3267 tempore
512 3234 609 3262 voces
631 3223 694 3261 istm
713 3225 926 3262 dormierint?
953 3226 1102 3270 Respon·

217 3272 285 3306 deo
306 3284 375 3307 non
397 3272 580 3308 dormiisse.
607 3274 742 3313 Etenim.
762 3275 904 3312 deistius
913 3277 1100 3320 propositio-

219 3322 272 3356 nis
293 3321 469 3366 Patronis,
495 3324 598 3368 ipsam
622 3325 742 3363 Sanan
752 3325 880 3372 Cyrillo
892 3327 1098 3362 vetustiorem

219 3372 431 3410 afferentibus
454 3399 466 3417 ,
498 3375 604 3422 pergit
628 3375 665 3410 in
690 3375 833 3421 superius
856 3376 997 3412 adducto
1022 3376 1099 3411 loco

1871 219 1965 268 235

1160 285 1548 328 Leontiusssyzantinus:
1577 287 1887 325 Producuntesaiiam
1900 299 2033 337 ‚praeter
2053 289 2209 334 AdmNpr.

1161 334 1442 377 Athanafianam,
1465 333 1676 370 authoritatem
1698 347 1736 368 ex
1765 340 1923 383 Εηᾱῇὶο,
1947 345 2034 385 cujus
2089 332 2124 361 In
2154 331 2210 359 nne

1159 390 1235 419 inter
1246 389 1356 419 Patres
1376 396 1430 423 nec
1448 386 1588 419 auditum
1596 384 1635 425 est
1657 395 1790 428 unquam
1808 398 1910 422 nomen
1922 415 1929 422 .
1954 394 2034 429 Adeo
2052 369 2208 405 Ast'vm'

1158 436 1278 477 quidem
1289 460 1300 476 ,
1326 445 1361 469 ut
1382 447 1446 469 cum
1466 434 1636 469 Timotheus
1646 436 1758 469 Elurus
1772 445 1872 469 contra
1882 438 2037 478 Chalcedo-

1158 483 1271 527 nensem
1281 487 1423 530 §synodum
1429 484 1580 532 scripstffet
1589 486 1622 519 et
1634 485 1766 519 EreHhii
1776 485 1986 522 authoritatem
2000 495 2037 526 ei-

1158 536 1260 577 tasset‚
1286 540 1377 574 Cyrus
1410 541 1463 579 qui
1479 537 1566 578 apud
1582 534 1675 579 ipsum
1697 536 1864 575 Presbyteri
1885 537 1942 570 Ioco
1952 548 2037 580 erat,

1157 583 1206 618 bis
1229 586 1275 617 ad
1294 597 1360 619 eum
1380 586 1483 620 verbis
1489 584 1712 630 perftripserit:
1740 587 1862 621 Mallem
1885 586 1936 621 hoc
1945 597 1974 621 te
1982 600 2039 623 cor-

1158 641 1253 677 rigere
1262 659 1270 666 .
1297 639 1383 675 Nam
1393 636 1530 675 Erec‘lhii
1550 647 1655 671 nomen
1664 641 1744 670 inter
1755 641 1865 671 Patres
1878 648 2039 681 numquam

1150 683 1218 725 fuit
1245 685 1400 718 auditum.
1429 690 1500 720 Haec
1519 684 1728 727 consideranda
1748 688 1912 727 veniebant
1933 712 1941 720 .
1968 688 2042 722 Ho-

1157 734 1381 767 norificentius
1400 734 1442 773 de
1459 734 1609 770 Eresthio
1631 736 1776 783 loquitur
1803 738 1838 771 in
1862 736 1977 772 Photii
1990 738 2043 772 Bi·

1157 781 1323 817 bliotheca
1344 783 1476 816 Sanetus
1494 784 1690 826 Ephremius
1711 785 1898 821 patriarcha
1922 787 2044 822 Antio*

1157 831 1299 866 chenus:
1328 836 1485 876 Gregorius
1511 834 1815 878 NeoCaesaraeenfis,
1841 836 2043 879 Afflmafius,

1150 882 1283 927 Julius,
1308 883 1460 924 cyrillus,
1486 881 1648 916 Erecthius
1670 895 1760 922 unam
1771 890 1829 921 Dei
1849 892 2046 921 naturamin·

1154 933 1311 971 vcen-natam
1327 931 1480 975 sentiunt.
1510 931 1701 973 Erecthius,
1727 935 1803 972 licet
1828 936 1912 972 intet
1935 937 2046 972 Patres

1159 981 1271 1026 paffim
1294 993 1364 1016 non
1384 984 1575 1024 censeatur,
1590 983 1665 1017 ‘fuit
1691 993 1802 1017 tamen
1823 995 1891 1020 uon
1915 987 2047 1022 obscuri

1161 1032 1306 1069 nominis
1327 1033 1522 1078 Episcopus.
1553 1033 1687 1067 Etenim
1707 1042 1906 1068 memoratus
1929 1048 1966 1071 ac
1986 1039 2050 1072 sce·

1162 1083 1280 1118 letatus
1298 1081 1478 1119 Timothei
1491 1083 1584 1117 Eluri
1606 1081 1686 1117 liber
1695 1081 1809 1117 habuit
1826 1084 1860 1117 ὅτ.
1871 1083 1959 1120 hunc
1971 1087 2053 1122 titu-

1164 1134 1231 1167 lum
1252 1144 1260 1164 :
1289 1132 1478 1166 Authoritate
1512 1132 1684 1173 sanctorum
1706 1135 1837 1166 Parrum
1860 1142 1962 1167 contra
1984 1147 2052 1176 eos,

1162 1189 1212 1226 qui
1223 1183 1370 1216 dividunt
1378 1187 1411 1216 in
1428 1183 1506 1216 duas
1517 1192 1650 1221 naturas
1661 1193 1753 1216 unum
1764 1186 1928 1217 Dominum
1934 1187 1966 1230 J
1968 1182 2050 1227 esum
2093 1218 2097 1221 μ

1163 1232 1311 1274 Christum
1317 1232 1380 1274 post
1399 1238 1536 1266 unionem
1550 1258 1558 1266 .
1585 1234 1630 1273 Et
1647 1232 1716 1267 haec
1727 1232 1793 1268 fuit
1815 1233 1919 1277 prima
1934 1232 2054 1270 autho·

1162 1283 1257 1317 ritas:
1285 1284 1377 1316 Beati
1387 1283 1526 1317 Erec‘lhii
1537 1282 1679 1326 Episcopi
1689 1282 1849 1318 Antiochiae
1859 1289 1891 1318 in
1906 1283 2022 1326 Pisidia
2037 1308 2050 1325 ,

1161 1344 1198 1366 ex
1208 1332 1327 1371 homilia
1339 1339 1466 1373 recitata
1477 1339 1508 1367 in
1519 1334 1630 1367 Sancta
1644 1333 1823 1376 Epiphania
1833 1359 1845 1375 ,
1872 1339 1905 1367 in
1919 1333 2049 1376 Ecclefia

1163 1382 1487 1426 constantinopolitana
1496 1408 1507 1425 ‚
1527 1383 1652 1431 sedente
1664 1387 1762 1418 Beato
1777 1385 1877 1419 Proclo
1890 1382 2045 1427 Episcopo.

1162 1433 1252 1467 Istud
1277 1433 1544 1475 &Timotheani
1555 1434 1631 1469 libri
1646 1459 1658 1476 ‚
1683 1435 1718 1471 ἀ
1730 1432 1929 1474 Eresthianae
1940 1432 2048 1469 homi·

1162 1482 1214 1521 iiae
1226 1484 1450 1525 fragmentum
1462 1483 1557 1520 nobis
1570 1483 1745 1524 custodivit
1757 1485 1824 1528 ipse
1838 1479 1999 1519 Leontius
2011 1484 2049 1518 in

1163 1530 1358 1574 Appendice
1378 1531 1538 1568 librorum
1560 1535 1675 1567 contra
1694 1534 1910 1568 Nestoriauos
1935 1544 1974 1567 ac
1988 1532 2056 1566 Eu·

1162 1579 1338 1623 tychianos
1351 1606 1358 1614 .
1386 1582 1430 1615 Et
1451 1594 1491 1616 ex
1515 1581 1566 1616 his
1585 1581 1740 1617 omnibus
1759 1581 1914 1616 discimus
1937 1582 2031 1625 plura
2044 1606 2053 1614 .

1162 1630 1277 1664 Primo
1288 1654 1299 1670 ‚
1326 1630 1416 1674 quod
1431 1631 1599 1669 Erecthius
1623 1633 1720 1666 fuerit
1733 1631 1952 1673 Metropolita
1975 1629 2057 1663 Pifi-

1162 1679 1239 1719 diae,
1266 1680 1460 1715 Anteceffor
1471 1680 1670 1715 Candidiani
1685 1704 1696 1721 ,
1722 1681 1779 1724 qui
1792 1679 1898 1714 adfuit
1922 1678 2057 1723 Ephesi—

1163 1742 1209 1765 no
1220 1729 1434 1765 Latrocinio.
1461 1729 1635 1772 Secundo,
1660 1729 1751 1776 quod
1772 1730 2059 1774 Constantinopo-

1163 1779 1258 1814 litani
1272 1779 1425 1824 Episcopi
1441 1783 1529 1815 suam
1540 1782 1688 1824 rapinam
1701 1779 1821 1815 affidue
1837 1780 2054 1815 continuave-

1162 1830 1227 1867 rint
1239 1852 1249 1869 ,
1276 1830 1309 1862 ὅ(
1322 1830 1411 1872 quod
1422 1831 1529 1874 plures
1543 1830 1679 1864 Asiatici
1704 1830 1859 1873 Episcopi
1884 1830 1982 1864 istum
1995 1830 2055 1864 Pa-

1163 1876 1375 1913 triarchatum
1388 1876 1502 1914 contra
1515 1880 1563 1913 sui
1575 1878 1729 1922 Ephesini
1752 1878 1892 1913 Exarchi
1909 1890 2056 1915 mentem

1162 1929 1256 1972 &jus
1268 1930 1483 1973 agnoverint.
1511 1931 1605 1963 Hinc
1617 1930 1708 1963 enirn
1721 1929 1893 1966 Eresthius
1905 1929 1961 1963 sub
1972 1932 2053 1965 San-

1162 1981 1213 2012 sto
1224 1977 1364 2019 Proclo,
1391 1979 1438 2013 uti
1451 1977 1618 2019 subditus,
1642 1979 1688 2017 est
1700 1979 1920 2012 concionatus
1934 1979 1975 2013 ad
1990 1980 2058 2013 Re-

1163 2029 1223 2072 giae
1234 2028 1375 2061 civitatis
1388 2029 1523 2062 Clerum
1534 2029 1567 2062 δε
1579 2029 1746 2072 Populum
1757 2050 1764 2058 -
1792 2027 1917 2062 Tertio
1928 2052 1939 2069 ‚
1961 2027 2052 2072 quod

1165 2076 1335 2111 Erecthius
1346 2077 1463 2118 fuerit,
1489 2078 1868 2121 &quideminfigniter,
1895 2077 2057 2113 orthodo-

1165 2138 1244 2161 xus.
1273 2126 1368 2161 Hinc
1392 2127 1482 2161 enim
1502 2139 1709 2172 nequaquam
1733 2128 1889 2163 Nestorio
1901 2127 2030 2163 adhaefit
2045 2153 2058 2171 ,

1164 2177 1217 2211 sed
1228 2176 1425 2212 validiffimo
1436 2178 1505 2220 ejus
1518 2177 1714 2217 Adversario
1727 2202 1738 2217 ‚
1764 2180 1884 2212 Sansto
1907 2179 2030 2214 Proclo
2046 2204 2055 2213 .

1165 2224 1267 2259 Haud
1275 2224 1374 2260 dubie
1385 2227 1484 2260 etiam
1497 2225 1591 2267 hujus
1602 2226 1810 2261 Anteceffori
1823 2227 2050 2263 Maximiano.

1165 2273 1317 2321 Qarto,
1344 2275 1435 2318 quod
1446 2275 1564 2309 Sansto
1576 2275 1707 2319 Cyrillo
1729 2287 1935 2320 nequaquam
1961 2287 2053 2312 ante·
2104 2289 2108 2293 ⁴

1164 2324 1230 2363 rior
1243 2324 1339 2358 fuerit
1351 2347 1362 2363 ‚
1387 2323 1441 2364 sed
1451 2336 1532 2360 coeta
1538 2338 1615 2360 neus
1626 2351 1633 2358 .
1660 2326 1792 2361 Interim
1807 2326 1881 2361 istas
1892 2339 1988 2362 voces
1998 2340 2055 2362 ne-

1165 2385 1329 2418 quaquam
1340 2374 1380 2408 ab
1390 2375 1460 2418 ipso
1470 2377 1594 2419 accepit
1604 2402 1611 2409 .
1642 2376 1777 2411 Etenim
1787 2376 1829 2411 de
1841 2377 1906 2411 illis
1920 2379 2046 2413 moveri

1165 2435 1233 2457 non
1244 2426 1344 2467 coepit
1354 2425 1486 2468 quaestio
1499 2451 1509 2467 ‚
1537 2427 1595 2460 nifi
1607 2426 1677 2469 pest
1696 2427 1814 2461 initam
1828 2438 1939 2470 pacem
1959 2429 2046 2462 inter

1167 2474 1326 2519 AEgyptii
1352 2485 1389 2508 ac
1399 2476 1550 2512 Orientis
1564 2476 1740 2510 Ecclefias:
1767 2477 1800 2510 δε
1820 2487 1901 2511 tunc
1924 2488 2047 2520 nequa·

1165 2535 1264 2568 quam
1277 2533 1343 2558 erat
1355 2534 1483 2569 ternpus
1493 2550 1504 2566 ‚
1531 2526 1565 2559 in
1587 2538 1655 2569 quo
1675 2528 1787 2561 alienae
1799 2527 1953 2561 Dioecefis
1968 2527 2047 2571 Epi-

1166 2576 1279 2618 scopus
1301 2574 1460 2617 inciperet
1480 2576 1529 2608 uzi
1549 2577 1719 2617 suspectis,
1745 2577 1830 2610 acin
1843 2576 1934 2611 litem
1948 2588 2046 2612 voca·

1166 2625 1207 2659 tis
1221 2622 1369 2658 vocibus.
1399 2624 1545 2659 Proinde
1558 2623 1723 2659 Erecthius
1735 2625 1800 2660 illis
1811 2627 1859 2660 uti
1872 2636 1967 2662 antea
1981 2639 2047 2662 coe-

1167 2684 1253 2721 perat
1265 2687 1276 2707 :
1303 2674 1457 2709 videlicet
1469 2685 1597 2718 propter
1615 2675 1849 2710 authoritatem
1870 2677 1978 2710 Sancti
1998 2677 2045 2710 A·

1166 2722 1320 2763 thanasii,
1346 2734 1402 2759 aut
1414 2725 1555 2759 aliorum
1566 2724 1745 2759 istiusmodi
1759 2724 1901 2760 patrum.
1927 2725 2043 2762 Proin-

1166 2775 1206 2815 de
1216 2775 1271 2810 ille
1281 2775 1354 2809 usus
1364 2785 1532 2819 nunquam
1541 2775 1637 2821 plene
1648 2775 1846 2812 dormiverat
1859 2800 1868 2811 .

1366 2977 1679 3092 ΞΞΕΞΞΦΕΞ
1693 2977 1849 3093 ΕΞΕΞ

1364 3070 1848 3170 &erupisse

1821 3422 1993 3464 CAPUT
