2320 3730
378 187 484 239 περ

459 331 558 380 CA
572 331 607 380 P
622 330 670 378 U
682 327 723 379 T
758 328 1014 378 CXXVIII.
1049 343 1121 374 --2
1134 338 1195 374 16

305 469 479 519 Ireneus
503 471 566 519 ait
590 490 604 517 ε
631 469 687 514 Et
709 462 785 514 haec
807 464 985 534 Epistola
1018 463 1189 515 Theodo-

372 545 448 590 reti
476 540 530 588 ad
552 535 758 586 Meletium
782 534 1079 604 Neo-Caefhreae
1110 537 1189 590 dag.

371 608 429 658 his
453 645 467 670 ,
502 626 582 675 quae
605 614 767 663 Joannes
791 611 829 655 in
851 605 1006 675 divezfis
1043 610 1188 660 vicibus

367 676 487 747 inique}
513 678 692 742 commsst
706 712 720 728 .
953 678 957 680 ’

413 804 515 838 Emor
527 804 743 846 fumeorum,
768 815 840 849 quae
851 803 933 840 mihi
944 804 1054 841 locuta
1075 804 1121 840 est
1146 804 1181 839 in

435 853 610 898 Hierapoli
621 854 830 900 Religiofitas
841 865 896 891 tua
908 880 920 897 ‚
944 856 1078 901 quando
1097 854 1180 890 mihi

295 903 509 940 Antiocheni
521 905 741 951 intentionem
753 906 914 942 nunciasti
925 932 936 948 ‚
962 907 1075 942 dicens
1090 906 1180 951 quod

291 966 406 998 pacem
429 953 621 997 defideraret
643 979 655 996 ,
691 962 875 1000 promittens
904 955 991 991 nihil
1010 968 1180 1003 unquam,

290 1005 383 1050 quod
405 1015 468 1040 nos
488 1004 694 1041 contristaret
711 1030 724 1047 ,
747 1005 780 1041 se
799 1009 863 1042 effe
885 1009 1062 1049 facturum.
1090 1006 1179 1042 Vide

289 1055 394 1101 igitur
410 1078 421 1096 ,
448 1055 526 1090 Deo
544 1054 770 1098 Amiciffime,
797 1058 1083 1092 Sacramentorum
1095 1055 1180 1090 veri·

288 1115 412 1141 tatem.
441 1103 532 1140 Vide
557 1105 659 1140 vineae
685 1105 850 1141 Nabuthae
868 1105 1105 1149 direptionem:
1134 1105 1180 1140 Et

285 1155 423 1198 injustas
435 1164 551 1190 contra
574 1155 681 1198 legem
692 1155 945 1194 Ordinationes.
976 1154 1067 1195 Vide
1077 1156 1177 1190 trans-

285 1205 481 1251 greffionem
494 1202 673 1244 Canonum
687 1228 699 1245 ,
708 1204 758 1252 h&
770 1204 972 1240 DIvinarum
985 1204 1099 1251 legum
1110 1205 1177 1242 des-

282 1256 435 1297 peaum.
461 1253 546 1301 Qae
555 1253 586 1287 ei
603 1253 759 1292 concedit
780 1254 934 1300 Regula,
962 1265 999 1290 ut
1013 1257 1050 1290 in
1069 1256 1174 1291 aliena

281 1301 446 1338 Parochia
457 1304 645 1339 consecret?
669 1302 779 1345 Immo
787 1317 859 1349 quae
869 1318 939 1341 non
950 1303 1035 1341 hanc
1046 1306 1174 1351 injusti-

279 1353 363 1387 tiam
376 1354 491 1388 vetat?
517 1353 600 1389 Non
615 1354 645 1389 ei
659 1355 781 1390 suffecit
792 1355 909 1391 illicite
920 1354 1073 1391 ordinare
1087 1381 1098 1398 ,
1118 1357 1170 1391 sed

279 1403 314 1437 δε
335 1401 453 1446 adjecit
478 1404 614 1439 alteram
637 1405 841 1449 impietatem
859 1431 871 1447 ‚
896 1417 934 1441 ut
957 1407 1077 1442 talibus
1096 1407 1171 1441 viris

281 1454 506 1489 committeret
517 1454 744 1495 Sacerdotium
755 1481 764 1488 .
791 1457 835 1490 Et
846 1456 1073 1491 Marinianum
1095 1457 1171 1492 Deo

277 1501 483 1538 Amabilitas
496 1514 552 1539 tua
566 1505 638 1547 plus
648 1505 806 1539 omnibus
818 1506 938 1547 novit,
964 1506 999 1542 ὃ(
1014 1508 1050 1540 de
1060 1505 1171 1541 Atha-

277 1554 369 1588 nasio
391 1552 478 1589 clare
489 1554 602 1588 audis.
631 1554 738 1590 Unde
759 1557 939 1600 cognoscat
960 1556 1171 1601 Religiofitas

278 1610 336 1637 tua
347 1627 358 1643 ,
383 1603 477 1646 quod
489 1603 507 1637 a
520 1604 762 1639 communione
773 1606 851 1640 talia
869 1606 1092 1650 praesumentis
1110 1618 1171 1641 nos

278 1650 368 1696 ipsos
377 1651 578 1698 abscidimus
592 1677 604 1694 ‚
631 1652 955 1699 timentesjudicium
967 1656 1052 1692 Dei.
1076 1657 1171 1699 Simi-

279 1702 357 1737 liter
369 1702 447 1737 νει-ὀ
460 1702 495 1737 δε
506 1713 621 1738 eorum
632 1727 646 1744 ,
668 1705 729 1747 ,qui
739 1702 798 1740 has
819 1707 1085 1749 consecrationes
1102 1706 1172 1740 ini—

274 1761 356 1795 quas
370 1753 552 1797 suscipiunt
566 1775 579 1794 ,
605 1755 878 1800 communionem
901 1757 1063 1791 vitamus.
1087 1757 1171 1791 Haec

274 1801 356 1836 vero
378 1803 415 1836 in
438 1802 590 1847 praesenti
606 1803 744 1839 scribere
764 1806 834 1838 sum
854 1808 983 1848 coaetus
1013 1830 1026 1846 ‚
1046 1816 1172 1841 mernor

274 1862 348 1896 quae
370 1861 434 1887 tuae
458 1852 499 1886 {it
513 1851 653 1888 charitas
662 1853 873 1896 Sanffltatis,
897 1855 933 1890 ὅτ.
946 1855 1057 1890 volens
1078 1865 1116 1890 ut
1137 1858 1172 1890 in

273 1901 432 1938 omnibus
446 1900 598 1938 eminens
607 1903 702 1939 nulla
719 1902 968 1948 reprehensione
981 1905 1154 1944 maculeris
1168 1932 1175 1939 .

273 1952 423 1988 Omnem
444 1964 517 1996 quae
538 1960 647 1988 tecum
662 1954 732 1994 est,
757 1956 1006 1992 Fraternitatem
1023 1967 1112 2001 ego,
1137 1958 1172 1993 &

274 2001 333 2045 qui
344 2012 475 2042 mecum
499 2003 576 2036 sunt
585 2025 598 2043 ,
625 2002 802 2039 salutamus
810 2028 819 2038 .

430 2152 971 2204 ‚ScuoL10N.

388 2297 458 2332 AEc
477 2296 637 2340 epistola,
664 2305 779 2340 utpote
800 2307 869 2331 non
894 2293 976 2331 nihil
988 2295 1145 2340 posterior
1157 2321 1169 2339 ,

411 2346 541 2382 videtur
565 2358 636 2381 non
655 2348 719 2382 effe
734 2345 842 2390 >posita
865 2347 925 2381 suo
945 2346 1080 2388 ordine.
1109 2347 1167 2381 Est

274 2398 368 2434 enim
380 2397 497 2442 scripta
522 2396 693 2442 postquam
707 2398 848 2442 Joannes
859 2395 1048 2440 Patriarcha
1060 2398 1168 2440 praefa-

276 2457 346 2485 tam
370 2449 501 2484 Sacram
521 2447 734 2488 obtinuerat,
760 2448 991 2491 &eoeperatin
1003 2447 1170 2482 executio-

275 2510 357 2543 nem
379 2498 530 2533 mittere:
556 2498 729 2542 Expellere
741 2496 800 2532 fibi
812 2497 945 2546 rebelles
969 2497 1166 2541 Episcopos,

277 2549 312 2584 δε
333 2549 369 2583 in
381 2559 496 2583 eorum
516 2547 697 2584 Cathedras
707 2557 857 2591 potenter
866 2550 1051 2582 consecrare
1064 2548 1165 2582 alios.

277 2599 346 2636 His
365 2599 469 2644 igitur
491 2597 533 2633 de
554 2598 649 2633 rebus
670 2597 906 2638 Theodorerus
916 2596 958 2631 ad
969 2597 1166 2640 Meletium,

277 2660 352 2683 non
374 2648 583 2692 Mopsuestiaz
603 2647 639 2680 in
659 2646 801 2681 secunda
823 2646 946 2682 Cilicia
959 2671 971 2689 ,
997 2648 1051 2682 sed
1076 2648 1166 2683 Neo.

278 2698 437 2741 Caesaraeae
458 2697 495 2730 in
518 2695 726 2739 Euphratesia
748 2698 802 2731 sua
824 2695 1002 2732 Provincia
1024 2698 1167 2742 Co-Epi·

278 2747 438 2790 scopum,
466 2745 501 2780 &
521 2745 632 2780 scribit
659 2747 762 2781 varia.
790 2745 928 2788 Primo,
954 2748 1044 2792 quod
1070 2749 1166 2791 Joan-

280 2807 338 2833 nes
360 2792 548 2831 Patriarcha
571 2794 736 2837 meletio,
761 2806 859 2840 atque
878 2795 954 2835 ideo
973 2798 1046 2832 aliis
1067 2799 1165 2832 etiam

278 2845 452 2891 Episcopis
464 2869 476 2886 ,
501 2843 570 2889 quo
590 2845 667 2880 illos
687 2845 826 2880 suaviter
847 2846 884 2880 in
908 2858 1022 2891 pacem
1033 2848 1167 2883 induce*

280 2905 330 2931 ret
343 2920 354 2936 ‚
381 2894 565 2941 promiserit
586 2894 682 2936 nihil
695 2906 842 2940 unquam
860 2895 879 2928 a
899 2897 931 2931 se
941 2898 1143 2933 trastandum
1155 2924 1166 2942 ,

281 2944 373 2990 quod
395 2946 584 2990 quempiam
603 2945 809 2980 contristaret
831 2970 839 2978 .
867 2945 996 2990 Nempe
1016 2949 1167 2992 promise-

281 3005 332 3030 rat
342 3021 354 3037 ,
381 2995 472 3041 quod
485 2995 652 3030 nerninem
664 2995 706 3030 ad
726 2994 960 3039 acceptandam
969 3007 1024 3031 aut
1036 2998 1168 3033 subscri-

283 3044 424 3081 bendam
436 3044 581 3081 Nestorii
591 3044 837 3080 damnationem
857 3045 1019 3080 violenter
1029 3048 1169 3092 compel-

285 3094 362 3129 leret
373 3120 385 3136 ‚
410 3095 464 3131 sed
473 3094 562 3142 quod
573 3096 660 3131 circa
671 3095 769 3130 istum
781 3093 955 3130 articulum
967 3097 1168 3139 permitteret

285 3145 466 3187 quemlibet
486 3144 653 3181 abundare
673 3146 710 3180 in
732 3146 789 3179 suo
812 3144 952 3188 judicio.
978 3146 1074 3193 Qin
1101 3147 1169 3182 imo

287 3192 345 3226 illa
366 3204 440 3228 cum
473 3194 656 3237 juramento
680 3195 895 3240 spoponderat
920 3208 929 3229 2
951 3195 1044 3230 Hinc
1063 3196 1167 3240 ipsum

287 3243 562 3287 praevaricationis
582 3247 710 3279 accusat
731 3244 968 3280 Theodoretus
981 3269 995 3286 ,
1019 3246 1052 3280 δε
1064 3248 1168 3283 excla-

288 3301 376 3327 mat:
403 3292 478 3325 Vide
497 3295 717 3328 Sacramentum
739 3301 919 3330 veritatum.

338 3342 438 3388 Illum
450 3341 593 3379 secundo
602 3345 745 3384 accusat,
772 3345 862 3391 quod
879 3346 954 3383 suos
965 3343 1142 3393 Episcopos
1153 3372 1166 3391 ,

729 171 1058 220 VARIORUM
1093 171 1248 217 PArR
1272 183 1350 214 υΜ
1382 169 1731 234 EplsroLAE53

1257 265 1296 288 ac
1316 253 1365 289 eis
1386 255 1703 295 creditasDivinitus
1713 259 2064 307 Cathedrastraaarit‚
2089 267 2138 302 uti

1259 303 1380 339 Achab
1404 306 1438 339 &
1451 305 1580 349 Iezabel
1591 310 1765 349 tractarunt
1776 313 1961 354 innocentis
1973 315 2139 351 Nabuthae

1256 355 1387 389 vineam
1400 368 1412 388 .-
1439 355 1544 404 Qiod
1563 366 1622 390 eos
1643 356 1686 391 de
1697 358 1994 407 fictiserimin'ibus,
2021 366 2137 410 utique

1253 403 1296 439 de
1306 404 1485 441 rebellione
1497 416 1573 451 erga
1584 402 1780 451 Ephefinam
1792 411 1963 454 Synodum
1974 428 2012 450 ac
2024 417 2138 451 Eccle-

1253 455 1300 491 fiae
1309 467 1443 500 pacem,
1469 457 1652 492 traduceret
1662 482 1674 499 ‚
1699 469 1738 492 ac
1750 458 1808 493 sub
1825 460 1887 494 isto
1900 463 1975 502 suco
1986 466 2137 511 degrada-

1250 515 1317 547 ret,
1344 506 1378 541 δε
1397 507 1445 541 eis
1469 507 1726 551 superordinaret
1747 509 1847 545 alios.
1875 509 2020 557 Tertio,
2044 517 2135 559 quod

1251 554 1330 590 huic
1341 557 1508 592 violentiae
1520 558 1705 593 accumulet
1716 559 1779 595 alia
1789 556 1936 596 crimina:
1946 562 2138 607 Despestum

1248 605 1282 640 &
1303 606 1485 649 Canonum
1505 609 1540 643 δε
1564 609 1765 645 Divinarum
1777 610 1910 656 legum.
1937 613 2135 658 Camenam,

1248 657 1338 699 quod
1348 658 1383 691 in
1393 658 1500 698 aliena
1511 658 1672 694 Parochia
1680 685 1692 702 ,
1710 660 1998 697 Divinarum'vero
2009 662 2133 709 legum,

1248 706 1338 749 quod
1356 707 1514 753 indignos
1545 707 1699 745 homines
1724 710 1982 756 superordinaret
2001 713 2037 749 in
2059 714 2136 759 Epi-

1246 757 1362 801 scopos
1375 782 1383 790 .
1410 759 1456 801 Et
1475 760 1559 794 inter
1579 761 1688 805 plures
1709 761 1892 803 istiusmodi
1912 763 2136 808 superordina-

1245 816 1297 841 tos
1315 808 1521 854 singulariter
1542 820 1637 845 notat
1659 812 1888 847 Marinianum
1912 824 1950 848 ac
1984 812 2133 856 Athana-

1244 856 1324 892 s1um
1338 883 1346 891 .
1367 858 1459 906 ‘Qis
1479 859 1578 896 fuerit
1595 861 1827 905 Marinianus,
1852 863 1994 909 ignoro.
2021 861 2134 899 Atha-

1245 907 1348 942 nasius
1359 908 1487 944 videtur
1497 910 1591 945 fuiffe
1611 911 1667 946 ille
1679 912 1714 946 in
1728 912 1936 956 Euphratesia
1954 912 2134 949 Provincia

1244 956 1438 1002 Episcopus,
1466 971 1564 1003 quem
1575 961 1712 1004 Ioannis
1722 963 1890 1005 Successor
1899 964 2056 1005 Domnus
2077 964 2133 999 de·

1240 1007 1408 1051 gradavit,
1434 1008 1469 1050 ἃ.
1490 1011 1526 1052 in
1547 1010 1616 1054 ejus
1639 1011 1753 1046 locum
1774 1013 1947 1050 ordinatus
1965 1013 2031 1048 fuit
2040 1013 2132 1049 Sabi·

1241 1057 1358 1098 nianus
1371 1058 1542 1101 .·E.t9nim
1570 1059 1768 1104 Athanasius
1789 1063 1853 1098 fuit
1878 1060 1983 1098 homo
2003 1062 2131 1099 modici

1241 1106 1409 1150 ponderis.
1434 1108 1530 1143 Licet
1551 1110 1643 1150 enim
1666 1122 1721 1154 per
1754 1112 1956 1156 Ephefinum
1980 1113 2132 1154 Latroci-

1240 1156 1332 1194 nium
1350 1156 1450 1190 fucrit
1470 1165 1653 1200 raparum,
1677 1161 1774 1198 causa
1797 1170 1907 1201 tamen
1923 1162 1993 1205 ‚ejus
2004 1164 2069 1203 fuit
2081 1174 2131 1199 re·

1239 1206 1364 1250 sumpta
1383 1205 1470 1250 apud
1481 1205 1749 1250 Chlalcedonem,
1776 1209 1811 1245 δε
1828 1211 2102 1251 manlitindecisa
2117 1237 2127 1246 .

1239 1256 1349 1292 Multa
1371 1256 1508 1297 suadent
1531 1254 1785 1300 Theodoretum
1808 1258 1864 1299 hic
1886 1272 1981 1306 agere
2000 1260 2042 1300 de
2063 1263 2128 1299 isto

1237 1304 1439 1349 Athanasio.

1286 1356 1333 1391 Et
1351 1354 1433 1391 hinc
1442 1355 1599 1399 discimus
1606 1357 1864 1403 *fundamentum
1874 1372 1916 1395 ex
1926 1372 1997 1405 quo
2008 1360 2127 1397 Theo·

1235 1405 1367 1441 doretus
1387 1407 1551 1449 Ioannem
1571 1408 1698 1453 arguit,
1724 1408 1813 1451 quod
1834 1411 1869 1444 in
1895 1411 2003 1451 aliena
2025 1410 2129 1452 Paro*

1234 1453 1307 1498 chia
1318 1480 1329 1497 ‚
1357 1456 1391 1491 id
1413 1455 1459 1490 est
1473 1482 1484 1498 ‚
1510 1456 1687 1493 Provincia
1707 1459 1908 1501 ordinaverit
1921 1461 2104 1505 Episcopos
2116 1486 2127 1496 .

1234 1505 1323 1553 Qia
1347 1517 1464 1550 nempe
1486 1507 1578 1543 istius
1590 1507 1761 1549 Athanasii
1772 1510 1917 1546 Ecclefia
1926 1520 1994 1550 erat
2011 1512 2047 1551 in
2059 1512 2127 1553 Eue,

1234 1555 1388 1598 phratefia
1399 1556 1573 1597 Provincia
1584 1582 1597 1598 ,
1618 1558 1708 1600 cujus
1719 1559 1871 1599 omnium
1884 1561 2126 1605 Episcoporum

1234 1604 1506 1641 Consecrationes
1527 1618 1568 1641 ex
1599 1608 1838 1646 consuetudine
1862 1609 2048 1652 speeiabapt
2077 1608 2124 1652 ‚ad

1236 1655 1487 1699 Metropolitarn
1500 1680 1509 1688 .
1537 1656 1627 1697 Nam
1637 1657 1755 1701 &ipse
1766 1657 2124 1699 PatriarchaDomnDs

1235 1706 1375 1751 agnovit
1386 1704 1474 1748 istud
1483 1705 1533 1748 jus
1544 1731 1556 1747 ,
1582 1705 1724 1751 ideoque
1735 1707 1901 1742 sententiae
1912 1732 1924 1749 ,
1943 1719 2008 1753 qua
2019 1706 2128 1749 Atha·

1236 1756 1358 1789 nafium
1371 1753 1562 1800 degradavit
1574 1780 1585 1797 ‚
1595 1756 1746 1799 adjunxit
1760 1770 1767 1789 :
1795 1759 1939 1801 Praecipio
1949 1760 2008 1792 Det
2018 1770 2127 1792 aman·

1235 1806 1334 1845 tiffimo
1359 1803 1505 1848 Episcopo
1519 1806 1642 1848 Joanni
1650 1808 1880 1849 Metropolitano
1890 1807 2125 1852 Euphratefiae‚

1235 1855 1270 1888 &⁶
1279 1853 1365 1897 ipfius
1378 1857 1550 1889 Provinctae
1563 1856 1783 1900 Religiofiffimis
1794 1857 1950 1902 Epifiopis
1961 1860 2053 1892 altum
2066 1866 2127 1900 pro

1234 1914 1263 1937 eo
1281 1904 1399 1938 511chae
1425 1909 1478 1938 Dei
1502 1905 1633 1947 Ecclest‘ae
1644 1905 1824 1949 Episcopum
1835 1903 1993 1942 ordmitre.
2019 1906 2125 1942 Plena

1235 1954 1364 1988 Domni
1383 1955 1539 1997 Synodus
1554 1956 1658 1990 exstat
1669 1955 1704 1995 in
1716 1966 1830 2000 quarta
1843 1957 1971 1992 decima
1992 1957 2124 1992 actione

1235 2003 1514 2040 Chalcedonenfis
1537 2005 1684 2040 Concilii
1703 2030 1711 2038 .
1738 2007 1828 2049 Dico
1850 2007 1924 2043 istas
1945 2007 2126 2049 Consecra-

1234 2053 1342 2086 tiones
1363 2053 1406 2086 ad
1427 2054 1678 2097 Metropolitam
1689 2058 1836 2098 speciaffe
1846 2069 1903 2100 per
1914 2057 2124 2100 consuetudi·

1235 2110 1327 2134 nem.
1352 2099 1510 2135 Nicaenus
1534 2103 1625 2136 enim
1645 2104 1681 2143 «St
1700 2104 1915 2147 Apostolicus
1933 2105 2054 2145 Canon
2068 2116 2123 2139 eas

1233 2149 1331 2184 dabat
1343 2149 1537 2193 Patriarchae
1548 2176 1555 2183 .
1583 2151 1747 2194 Videatur
1755 2152 1892 2197 epistola
1906 2154 2013 2196 Sanffl
2023 2154 2126 2196 hmo·
2142 2170 2227 2210 Epist.
2251 2175 2296 2205 18,

1233 2198 1333 2233 centii
1346 2200 1444 2242 primi
1458 2200 1633 2235 Pontificis
1640 2201 1681 2235 ad
1691 2203 1846 2243 Sanstum
1857 2202 2047 2245 Antiochiae
2059 2203 2121 2246 Pan

1233 2246 1410 2291 triarcham
1432 2246 1661 2291 Alexandrum
1682 2274 1689 2282 .
1717 2251 1763 2293 Et
1786 2260 1867 2286 tunc
1890 2253 2034 2296 Joannes
2051 2252 2120 2294 ‹Pav

1235 2294 1376 2341 triarcha
1404 2297 1596 2334 invadendo
1629 2299 1723 2334 istam
1753 2302 2118 2345 consuetudinemnon

1233 2346 1296 2381 fuit
1309 2346 1548 2391 praevaricatus.
1576 2349 1664 2391 Eum
1676 2359 1910 2394 permoverunt
1921 2354 2120 2397 graviffimae

1232 2395 1372 2431 rationes
1382 2422 1389 2429 .
1417 2397 1552 2432 Etenim
1571 2397 1620 2433 hae
1629 2400 1868 2441 Ordinationes
1878 2402 1953 2442 sunt
1962 2402 2052 2441 factae
2059 2415 2119 2437 an·

1232 2456 1265 2481 te
1286 2446 1423 2490 ejeCium
1444 2448 1696 2491 Metropolitam
1708 2449 1957 2493 Alexandrum,
1982 2452 2120 2493 manife-

1232 2495 1316 2531 stum
1337 2495 1530 2541 Rebellem,
1555 2498 1590 2532 δε
1609 2500 1930 2542 contumaciffimum
1948 2501 2038 2546 pacis
2057 2500 2117 2542 hof

1232 2546 1332 2593 stem.
1357 2547 1541 2583 Hinclicet
1552 2548 1671 2583 Canon
1690 2559 1765 2588 non,
1782 2550 1938 2592 dedisset,
1964 2551 2116 2593 devoluti

1229 2597 1309 2641 juris
1325 2598 1413 2640 ,ratio
1435 2597 1555 2639 Joanni
1577 2597 1677 2632 dabat
1702 2609 1838 2639 omnem
1866 2597 2115 2641 Authorita'tem

1232 2647 1322 2681 istius
1341 2645 1448 2690 operis
1467 2670 1476 2678 .
1510 2647 1556 2680 Et
1577 2645 1658 2680 hinc
1677 2645 1834 2687 discimus
1848 2671 1861 2689 ,
1887 2649 1978 2692 quod
1996 2660 2113 2692 paoem

1229 2694 1324 2741 plen&
1346 2704 1540 2738 executurus
1562 2695 1705 2738 Joannes
1725 2697 1850 2732 venerit
1874 2697 1911 2738 in
1933 2698 2113 2742 Euphrate·

1229 2747 1305 2791 snam
1327 2746 1558 2784 Provinciam,
1580 2744 1614 2778 δε
1634 2745 1720 2780 solus
1741 2744 1837 2781 isthic
1846 2756 1997 2790 potenter
2008 2747 2114 2794 dispo-

1231 2796 1344 2831 suerit.

1280 2844 1411 2894 Qarto
1436 2843 1670 2889 Theodoretus
1697 2845 1835 2888 affirmat
1853 2871 1867 2888 ,
1891 2847 1983 2892 quod
2009 2849 2110 2889 etiam

1231 2897 1301 2941 ipse
1315 2897 1373 2930 has
1392 2895 1527 2939 Ioannis
1543 2895 1766 2937 Executiones
1788 2897 1887 2931 fuerit
1905 2897 2081 2937 detestatus
2096 2923 2111 2940 ,

1230 2946 1369 2990 ideoque
1390 2946 1422 2980 se
1434 2944 1475 2980 ab
1486 2945 1581 2989 ipsius
1592 2945 1830 2981 communione
1846 2946 1981 2981 tandem
1990 2947 2112 2992 separa-

1230 2998 1290 3032 rit.
1316 2996 1390 3030 Nec
1411 2996 1644 3032 tantummodo
1662 2996 1681 3030 ὲ
1703 2997 1862 3040 Joannis,
1888 2997 1943 3031 sed
1969 2997 2069 3031 etiam
2090 2997 2112 3031 a.

1230 3045 1464 3082 communione
1485 3045 1619 3082 istorum
1646 3047 1800 3081 omnium
1832 3046 2112 3090 Super-ordinato·

1230 3106 1300 3131 rum
1312 3120 1324 3136 ,
1349 3097 1605 3141 cunctorumque
1627 3096 1678 3130 illi
1698 3096 1880 3131 faventium
1889 3106 1946 3131 aut
1961 3108 2111 3132 commu⁴

1232 3145 1429 3181 nicantium.
1455 3146 1560 3193 Qod
1582 3144 1818 3181 Theodoretus
1840 3156 1921 3181 tune
1941 3158 2018 3181 cum
2039 3148 2112 3182 Me-

1231 3195 1384 3240 tropolita
1405 3195 1598 3231 Alexandro
1620 3208 1659 3230 ac
1678 3195 1749 3231 aliis
1761 3197 1822 3230 suae
1843 3196 2023 3232 Provinciae
2033 3196 2111 3240 Epi·

1230 3245 1357 3290 scopis,
1381 3245 1529 3281 adversus
1552 3245 1777 3282 Patriarcham
1796 3247 1958 3290 Ioannem
1980 3244 2108 3281 iniverit

1229 3296 1403 3331 fastionern
1415 3319 1427 3336 ,
1451 3295 1583 3331 docebit
1600 3308 1662 3331 nos
1683 3297 1818 3340 sequens
1837 3295 2002 3339 Epistola.
2029 3293 2108 3350 Ejus

1230 3344 1415 3383 stomachus
1434 3345 1581 3384 Nestorii
1603 3345 1850 3384 damnationem
1859 3345 2022 3393 digerere,
2042 3354 2107 3401 311¹·

1998 3401 2057 3430 mo
