2320 3730
352 178 461 211 '200

290 247 397 290 feepi:
424 246 469 279 Et
491 249 610 287 putans
635 252 697 278 nec
723 251 815 278 tuam
825 240 1049 276 contradicere
1059 235 1177 272 Sancti·

287 308 391 332 tatem
404 320 412 327 .
440 296 524 329 Harc
545 293 622 328 vero
643 294 676 327 δε
696 293 732 327 in
753 291 936 326 Antiochia
956 314 968 329 ,
994 289 1026 321 &
1048 288 1082 320 in
1101 286 1176 320 Ber-

285 346 371 382 xhaea
394 371 406 387 ‚
431 346 464 380 &
485 346 519 379 in
541 344 715 387 Hierapoli
740 344 849 376 sumus
864 340 976 383 saepius
995 336 1153 371 collocuti
1167 357 1174 364 -

286 397 370 432 Haec
384 397 418 431 δε
429 394 584 435 Domino
603 406 678 428 meo
699 390 923 429 Sandiiffimo,
949 388 983 421 δε
995 388 1071 423 Deo
1084 385 1175 420 Ami-

284 447 413 481 eiffimo
426 445 592 490 Episcopo
605 441 744 478 Andreae
765 451 820 484 per
841 436 1173 473 Honorandiffimum

286 498 320 531 &
354 494 671 532 Reverendiffimum
699 492 891 525 Diaconum
926 488 1172 522 fortissimorum

284 547 383 583 tertio
415 545 699 581 Stabilistanorum
722 566 733 582 ,
760 541 839 575 dum
874 537 953 572 illuc
985 536 1173 581 adveniret,

285 598 409 643 scripsi.
432 598 475 631 Et
497 594 572 641 quia
596 604 665 628 non
685 593 726 627 de
736 588 885 635 quolibet
897 588 995 623 nobis
1006 599 1171 623 certamen

282 648 329 683 est
342 672 355 688 ,
381 645 433 682 sed
455 646 496 681 de
515 646 583 689 ipsa
593 646 646 688 spe
660 641 765 676 nostra
778 665 790 681 ,
816 639 969 674 veniffem
985 639 1121 683 utique,
1147 641 1169 674 fi

282 697 367 732 mihi
389 697 455 732 hoc
470 706 588 740 corpus
609 692 728 728 infelix
753 689 947 724 concederet
961 715 972 731 ,
997 689 1039 723 ad
1050 690 1171 724 Saneti-

281 758 385 783 tatem
408 757 498 781 tuam
512 770 523 785 ‚
548 753 585 778 ut
605 740 723 785 majori
744 741 937 776 discuffione
957 741 1168 775 &communi

281 797 452 842 colloquio
487 791 818 838 comprehenderetur
854 791 1014 832 sententia
1049 791 1170 828 littera·

281 856 371 884 rum.

278 998 461 1067 Ubique
496 997 736 1050 notandum
769 1032 782 1058 ,
837 1013 1051 1066 quantum
1101 996 1167 1043 di-

346 1070 427 1120 stet
457 1069 727 1123 Theodoreti
762 1071 953 1119 intentio
987 1067 1045 1118 ab
1069 1067 1165 1125 hss,

343 1143 423 1207 qui
470 1159 553 1209 pro
602 1158 654 1189 ea
701 1138 834 1207 usque
884 1136 943 1186 ad
987 1136 1165 1186 finem-s

342 1228 443 1259 cum
503 1209 714 1262 Nestorio
769 1206 1117 1277 ‘permanserunt
1150 1243 1162 1255 .

342 1285 456 1331 Item
504 1281 563 1329 ab
609 1278 862 1331 Alexandro
907 1283 951 1328 &
1000 1279 1164 1328 Euthe-

339 1353 409 1400 rio
444 1389 458 1413 ,
506 1352 577 1401 vel
627 1352 726 1400 aliis
782 1349 991 1399 fimilibus
1039 1387 1052 1399 .
1104 1353 1162 1397 Et

339 1437 557 1488 quantum
592 1420 803 1470 consonet
838 1422 931 1482 his,
969 1422 1049 1486 qui
1083 1437 1161 1487 pa-

338 1509 435 1540 cem
510 1490 854 1540 Ecclefiasticam
929 1489 1111 1540 afferunt
1148 1529 1160 1539 .

340 1566 451 1611 Item
490 1564 657 1626 Joanni
703 1599 715 1621 ‚
763 1566 806 1611 δε
853 1563 1022 1612 Acacio
1057 1599 1069 1622 ,
1118 1567 1160 1613 &

338 1630 522 1688 Andreae
556 1667 569 1698 ‚
606 1636 650 1684 &
685 1631 921 1686 fimilibus.

453 1850 954 1895 Sen0L10N.

269 1994 569 2081 MEtropolita
583 1994 792 2034 Alexander,
819 1994 955 2029 audiens
967 1990 1159 2029 Theodore-

409 2055 480 2080 turn
495 2047 528 2080 in
542 2047 690 2089 praefatos
701 2046 791 2088 pacis
803 2044 972 2077 Articulos
985 2041 1160 2076 descendis·

267 2098 302 2132 se
324 2119 335 2136 ‚
360 2106 435 2131 eum
460 2097 606 2138 increpat
627 2095 662 2128 ἀ
684 2094 792 2139 arguit
816 2093 857 2127 de
880 2092 976 2125 variis
999 2115 1006 2122 .
1033 2089 1161 2127 Primo,

267 2146 359 2191 quod
372 2146 439 2180 fine
452 2147 508 2180 sua
521 2144 769 2187 Metropolitica
782 2142 996 2176 Authoritate
1005 2152 1043 2174 ac
1054 2139 1161 2183 juffio-

267 2208 311 2232 ne
322 2195 554 2239 praesumpserit
566 2193 687 2236 Cyrilli
702 2193 829 2227 litteras
841 2202 1006 2234 exponere
1025 2190 1060 2224 δε
1072 2201 1160 2223 com-

267 2245 437 2281 mendare.
465 2245 614 2280 Locutus
623 2243 668 2276 est
689 2253 729 2276 ex
742 2243 879 2286 antiqua
891 2239 1041 2276 Ecclefiae
1061 2250 1160 2284 regu—

265 2297 299 2330 la
311 2320 323 2337 ‚
349 2307 391 2329 ex
411 2306 478 2339 qua
501 2295 536 2328 &
558 2292 793 2327 Beronicianus
814 2316 825 2333 ‚
853 2291 942 2326 Sacri
966 2289 1161 2324 Confistorii

269 2345 464 2381 Secretarius
474 2369 483 2384 ‚
496 2343 582 2378 dixit
595 2343 636 2378 ad
648 2342 955 2379 Chalcedonensem
967 2339 1140 2384 Synodum
1153 2351 1160 2371 ι

271 2397 386 2441 Singuli
398 2393 540 2439 Episcopi
549 2394 641 2436 fidem
659 2391 745 2436 suam
759 2402 817 2436 per
836 2391 922 2436 suum
941 2391 1162 2433 Metropolitum

271 2445 449 2488 constituant
461 2444 647 2487 manifestam
660 2468 671 2484 ,
697 2451 729 2477 ut
741 2445 824 2477 nulla
835 2443 974 2477 dubietas
991 2450 1044 2475 aut
1058 2438 1162 2484 difhor-

269 2499 323 2532 dia
350 2498 535 2540 relinquatur
547 2520 555 2528 .
591 2494 780 2529 Alexander
800 2492 943 2528 secundo
962 2491 1162 2526 Theodore-

269 2558 344 2582 tum
357 2548 464 2593 arguit
479 2573 489 2588 ‚
516 2546 606 2590 quod
628 2557 670 2579 ex
683 2543 915 2587 persecutionis
927 2553 1015 2576 metu
1029 2567 1040 2582 ‚
1066 2553 1104 2575 ac
1113 2552 1158 2575 re·

270 2598 401 2633 tinendi
426 2597 643 2640 Episcopatus
663 2593 803 2627 libidine
823 2594 973 2626 mutasset
996 2602 1158 2631 mentem,

270 2660 310 2682 ac
321 2646 503 2681 deflexisset
523 2646 541 2679 ὲ
552 2642 723 2679 communi
733 2641 892 2686 synodali
904 2641 1032 2676 Placito
1042 2666 1050 2674 .
1078 2641 1159 2674 Ter·

271 2696 324 2731 tio
338 2721 349 2737 ,
378 2694 468 2740 quod
480 2695 689 2738 Hierapolim
702 2693 744 2728 ad
765 2704 850 2727 nova
860 2693 995 2727 confilia
1005 2701 1161 2726 evocatus

272 2758 345 2782 non
370 2745 543 2781 obediisset
559 2770 565 2778 .
593 2746 638 2779 Et
657 2743 858 2778 deomnibus
878 2741 980 2777 tribus
1000 2742 1056 2776 ille
1066 2742 1097 2776 se
1107 2753 1162 2775 ex-

271 2806 392 2841 purgat
402 2808 456 2841 per
466 2797 648 2839 praesentem
661 2794 841 2838 Epistolam
852 2818 861 2827 .
888 2791 943 2828 Ad
963 2794 1105 2837 primum
1115 2802 1162 2826 re-

273 2846 388 2892 ponit:
417 2851 491 2880 Non
501 2850 580 2879 enlm
602 2858 647 2880 me
653 2844 802 2889 scribente
814 2870 825 2886 ‚
852 2845 992 2887 quomodo
1012 2844 1161 2877 intellexe-

274 2903 338 2931 rint
350 2896 491 2940 Epistolae
500 2896 603 2936 Cyrilli
613 2897 756 2940 dogmata
766 2897 800 2930 (9*
810 2893 917 2939 discere
928 2896 1046 2928 volente
1051 2894 1163 2936 siquid

274 2946 312 2993 {it
326 2953 372 2981 eis
394 2947 478 2981 aliud
494 2948 590 2980 latens
613 2971 626 2988 ‚
651 2948 730 2990 quod
747 2945 895 2981 baereticis
920 2946 986 2986 ejus
1006 2946 1161 2986 Capitulis

275 2996 444 3039 conferatur
454 3023 465 3039 ,
490 2997 555 3032 five
574 2997 803 3036 consentiant,
829 2996 1025 3030 admonuerat
1037 2996 1160 3038 Religio·

273 3046 347 3088 fitas
359 3057 412 3081 tua
418 3047 543 3092 scribere
550 3046 638 3091 fitper
653 3047 704 3081 boc
718 3074 725 3080 .
753 3046 868 3081 Exstat
881 3046 1022 3089 superius
1035 3045 1164 3088 Episto-

277 3095 309 3129 la
319 3119 329 3135 2
354 3109 416 3141 qua
426 3097 511 3142 apud
523 3098 778 3133 Theodoretum
790 3095 976 3132 Alexander
986 3095 1107 3138 Cyrilli
1119 3094 1160 3129 ad

277 3143 439 3181 Acacium
452 3148 572 3182 litteras
584 3149 670 3183 varie
681 3149 808 3183 accusat
821 3172 832 3188 ,
860 3145 1032 3191 prasertim
1055 3145 1097 3179 de
1108 3157 1162 3179 ne-

278 3204 444 3237 quaquam
461 3196 608 3240 depofito
620 3222 631 3238 ‚
659 3199 714 3234 sed
734 3199 906 3233 dumtaxat
923 3196 1092 3230 occultato
1102 3196 1164 3229 Ca-

132 3246 262 3284 Cap.66.
281 3244 461 3288 pitulorum
477 3257 624 3287 veneno,
650 3249 685 3281 ἃ.
705 3249 758 3282 cui
779 3247 1015 3283 Theodoretus
1036 3247 1164 3289 respon-

283 3292 355 3329 dit:
383 3295 491 3328 Vellem
495 3294 640 3336 fiquidem
660 3296 787 3339 disi-ere,
813 3298 887 3340 quid
910 3297 976 3341 effer
988 3300 1021 3328 in
1034 3301 1164 3330 veritate

285 3346 453 3380 occultatum
474 3349 505 3377 in
524 3349 587 3385 eis,
614 3347 694 3387 quod
714 3346 752 3379 ab
773 3349 962 3393 Evangeiica
980 3350 1108 3380 veritate
1126 3346 1165 3388 fit

720 158 1056 205 Vnaionum
1091 153 1336 200 Pinum
1370 153 1689 212 Epis-rom,

1236 235 1381 267 alienum.
1408 237 1491 271 Haec
1505 250 1593 274 nunc
1605 239 1797 276 Alexandro
1804 239 1933 277 reducit
1943 240 1979 277 in
1995 251 2119 276 memo-

1236 285 1340 324 riam,
1367 294 1466 328 a-tque
1484 288 1529 321 ita
1547 290 1685 324 affirmat
1705 293 1783 326 sein
1805 293 1872 337 ejus
1895 291 2118 336 Metropoliti-

1235 345 1307 368 cam
1329 334 1529 380 dignitatem
1553 361 1565 377 ,
1590 341 1789 381 exponendo
1821 342 1943 386 Cyrilli
1974 343 2118 383 litteras,

1237 396 1306 418 non
1327 385 1541 420 exorbitasse.
1571 387 1707 424 Etenim
1723 389 1764 422 ab
1783 389 1853 433 ipso
1866 393 1981 427 doceri
2011 394 2119 437 postu-

1235 435 1305 472 lans
1317 447 1384 470 non
1408 437 1473 470 fuit
1483 436 1617 472 edoctus
1627 462 1638 478 ,
1666 450 1727 473 nec
1748 440 1868 474 vetitus
1886 443 2114 487 soz-metipsum

1234 496 1291 520 aut
1301 487 1385 523 alios
1394 485 1530 526 docere,
1556 487 1699 532 ideoque
1711 490 1818 524 censet
1829 490 1859 523 se
1869 490 1985 526 docere
2006 493 2118 528 omni-

1234 534 1279 569 ιιὸ
1292 537 1431 580 potuisse
1441 563 1448 570 .
1477 536 1533 573 An
1547 550 1602 582 per
1613 539 1713 573 varias
1723 539 1892 575 dumtaxat
1902 539 2024 577 litteras
2035 566 2047 583 ‚
2072 555 2116 577 an

1232 586 1332 621 etiam
1355 598 1407 631 per
1428 586 1548 625 librum
1578 590 1762 632 exposuerit
1782 590 1902 634 Cyrilli
1922 591 2115 635 epistolam,

1233 636 1354 681 ignoro
1369 662 1375 669 .
1401 637 1457 672 Ad
1469 640 1648 674 secundum
1660 641 1833 685 respondet
1847 643 1878 675 se
1889 653 1958 676 non
1979 642 2043 676 esse
2055 642 2113 676 fir-

1233 698 1290 721 mo
1300 699 1436 732 corpore
1447 714 1457 730 ,
1483 690 1624 735 ideoque
1635 702 1703 726 non
1717 691 1855 735 potuiffe
1872 692 2024 726 accedere
2034 691 2116 726 Hie-

1230 738 1385 781 rapolim.
1417 739 1509 773 Dum
1521 742 1616 775 sanus
1627 743 1748 782 fuerit,
1776 743 1898 785 semper
1908 742 1971 776 esse
1992 755 2031 777 ac
2043 743 2114 777 fore

1233 789 1521 831 promptiffimum.
1550 790 1604 826 Ad
1616 792 1748 826 tertium
1768 793 1900 836 reponit
1925 803 1962 826 ac
1972 792 2117 827 demon-

1233 838 1306 872 strat
1328 839 1448 880 Cyrilli
1470 840 1591 875 litteras
1600 842 1663 875 esse
1674 841 1815 876 omuino
1834 842 2055 883 orthodoan,
2081 842 2115 877 δε

1232 889 1382 933 adjungit
1397 902 1404 921 z
1431 893 1477 925 Et
1494 890 1558 924 baec
1575 899 1677 926 tamen
1687 898 1720 925 in
1730 893 1842 926 litteris
1858 899 2034 936 comperiens
2054 897 2116 925 mi·-

1231 942 1310 973 nime
1321 949 1418 973 tutum
1431 941 1483 983 effe
1489 947 1605 983 putavi
1615 966 1626 982 ,
1651 952 1684 975 ut
1694 940 1843 985 superbis
1856 941 1929 986 soils
1952 948 2115 976 communio

1226 988 1309 1030 fieret
1321 1015 1332 1030 ‚
1354 988 1414 1033 sed
1420 1000 1453 1023 ut
1465 993 1634 1025 evidentius
1640 992 1726 1033 fieret
1737 1017 1748 1033 ,
1776 995 1811 1028 (9⁶
1820 993 1930 1027 clarius
1941 992 2045 1027 horum
2055 1003 2112 1026 ex-

1226 1046 1408 1081 primeretur
1426 1042 1610 1076 intelledlus.

1281 1090 1364 1123 Haec
1386 1091 1504 1130 verba,
1530 1094 1608 1124 sicut
1629 1093 1663 1125 Θ
1683 1093 1752 1125 olim
1772 1094 1881 1127 litteris
1901 1118 1913 1134 ,
1938 1106 2014 1136 quas
2036 1102 2112 1127 ante

1233 1137 1415 1181 basscripfi,
1443 1141 1685 1182 mandaveram,
1711 1143 1886 1184 respiciunt
1896 1145 2035 1178 eandem
2045 1144 2114 1187 jam

1231 1199 1442 1226 memoratam
1465 1189 1677 1225 Theodoreti
1697 1191 1868 1235 epistolam
1896 1193 1937 1228 ad
1959 1194 2114 1228 Alexan-

1229 1239 1347 1279 drum,
1374 1239 1409 1272 in
1427 1250 1491 1281 qua
1515 1240 1671 1284 legimus:
1701 1243 1748 1275 Et
1766 1241 1924 1283 baecdico‚
1951 1255 2009 1277 non
2033 1242 2118 1286 quafi

1229 1296 1274 1323 cui
1285 1291 1330 1323 ad
1337 1292 1610 1324 communicandum
1619 1302 1684 1324 cum
1694 1303 1726 1325 eo
1736 1291 1789 1331 ista
1793 1291 1820 1335 s
1813 1294 1944 1336 afficiant
1956 1319 1963 1327 .
1989 1297 2114 1336 Oportet

1231 1346 1309 1374 enim
1323 1341 1402 1373 clare
1415 1341 1468 1374 illa
1477 1346 1583 1383 exponi
1593 1352 1658 1374 cum
1664 1341 1727 1383 fide
1738 1346 1772 1374 N
1775 1348 1869 1375 icaena
1878 1368 1890 1384 ,
1916 1345 1950 1377 (ἐν
1966 1342 2113 1387 subscribi

1227 1390 1268 1423 ab
1287 1402 1338 1430 eo,
1367 1391 1401 1424 (9·
1422 1390 1461 1423 ab
1484 1391 1619 1424 omnibus
1639 1416 1650 1432 ,
1677 1402 1920 1434 quorumcumque
1937 1391 2116 1436 suscipimus

1227 1445 1472 1475 communionem.
1501 1441 1584 1476 Haec
1597 1440 1691 1476 verba
1702 1466 1712 1482 ‚
1741 1447 1847 1475 vitans
1859 1446 1974 1477 omnino
1986 1444 2111 1476 damna-

1231 1489 1593 1534 tionisficbscriptionem,
1623 1491 1900 1535 affirmantipsum
1921 1505 1990 1528 non
2010 1493 2117 1528 defle-

1228 1541 1270 1577 sti
1292 1541 1309 1574 a
1332 1540 1510 1583 rejicienda
1522 1541 1736 1576 damnatione
1760 1542 1926 1577 Nestorii.
1954 1544 2116 1579 Notanda

1227 1592 1302 1625 sunt
1316 1591 1349 1625 &
1363 1589 1431 1624 haec
1443 1590 1539 1624 verba
1554 1604 1561 1623 :
1588 1595 1759 1633 Etputans
1769 1603 1821 1625 nec
1832 1602 1916 1625 tuam
1926 1594 2114 1627 contradice-

1226 1653 1258 1675 re
1269 1641 1470 1674 sanctitatem
1481 1666 1488 1673 .
1517 1641 1685 1675 Videntur
1696 1641 1849 1685 respicere
1861 1642 2003 1685 superius
2014 1642 2115 1678 adda.-

1227 1693 1310 1725 &am
1336 1689 1476 1724 Andreae
1498 1690 1725 1726 Samosatenfis
1746 1691 1919 1734 epistolam
1941 1705 1949 1725 ε
1979 1693 2116 1727 Arbitror

1229 1743 1312 1785 quod
1324 1742 1449 1780 cyrillus
1475 1740 1760 1785 &subscriptionem
1771 1743 1868 1775 modis
1890 1743 2024 1776 omnibus
2045 1749 2116 1778 exi·-

1226 1802 1282 1835 gat
1297 1791 1482 1833 depositionis
1493 1815 1501 1823 .
1531 1792 1629 1835 Aliqui
1642 1793 1712 1826 vero
1741 1794 1775 1826 ά*
1787 1791 1839 1824 hoc
1841 1792 1969 1835 forsitan
1976 1794 2096 1835 facient
2105 1819 2113 1827 .

1225 1845 1272 1875 Et
1290 1841 1418 1875 arbitror
1429 1846 1520 1876 etiam
1533 1844 1674 1881 cyrillum
1685 1865 1696 1882 ‚
1721 1841 1775 1884 etfi
1779 1854 1877 1875 omnes
1897 1846 2020 1878 minime
2037 1843 2112 1886 sub·-

1220 1889 1387 1935 scribamus
1407 1915 1416 1931 ‚
1453 1891 1571 1925 illorum
1587 1891 1657 1933 foro
1687 1891 1901 1936 subscriptione
1925 1903 2114 1927 contentum.

1229 1944 1288 1977 Scit
1301 1952 1354 1977 tua
1367 1941 1541 1982 sanilam,
1569 1949 1642 1984 quia
1660 1942 1723 1976 baec
1749 1945 1783 1977 &
1796 1952 1866 1976 ante
1890 1948 1922 1976 in
1944 1946 2116 1978 locutionem

1224 2000 1366 2027 venerint
1380 2018 1390 2034 ,
1417 1994 1536 2035 quando
1549 1998 1581 2025 in
1595 1993 1748 2026 Antiochia
1766 2001 1958 2027 convenimus
1977 2000 2095 2036 pariter
2106 2020 2114 2026 .

1222 2042 1279 2074 Ob
1312 2042 1375 2073 hoc
1389 2041 1642 2077 Antiochenum
1654 2043 1859 2086 colloquium
1881 2043 2118 2079 Theodoretus

1226 2088 1367 2124 omnino
1378 2089 1508 2122 credere
1519 2093 1629 2132 potuit
1639 2113 1650 2129 ‚
1679 2094 1768 2132 quod
1779 2095 1831 2125 sua
1844 2093 2034 2129 Deliberata
2048 2104 2117 2128 non

1226 2139 1431 2183 displicerent
1443 2138 1634 2174 Alexandro
1645 2165 1652 2173 .
1679 2140 1760 2174 Haec
1772 2140 1867 2174 verba
1881 2167 1888 2174 .
1916 2146 1961 2174 Et
1971 2149 2003 2176 in
2019 2148 2120 2175 Antio-

1222 2189 1290 2223 chia
1309 2191 1386 2224 &in
1412 2188 1582 2229 Berrbaea,
1607 2191 1686 2223 &in
1705 2192 1856 2232 Hierapoli
1876 2189 1981 2233 sumus
2000 2191 2118 2234 sapius

1223 2240 1373 2279 collocuti,
1398 2237 1624 2273 demonstrant
1637 2240 1810 2282 Synodum
1823 2240 1915 2275 illam
1928 2265 1939 2281 ,
1966 2253 2065 2285 quam
2076 2240 2118 2277 ad

1224 2288 1383 2324 Aristolai
1414 2288 1592 2323 adventum
1625 2289 1702 2323 fecit
1730 2290 1874 2333 Joannes
1906 2291 2118 2333 patriarcha,

1224 2340 1318 2374 fuisse
1357 2337 1547 2374 Antiochiae
1591 2349 1729 2383 coeptarn
1756 2365 1768 2381 ,
1805 2342 2006 2385 completam
2042 2342 2119 2376 Ber·

1225 2388 1334 2424 rhaeae.

1273 2436 1473 2473 Stabilistani
1482 2447 1574 2473 erant
1588 2439 1748 2475 Romanae
1758 2440 1885 2474 militiae
1895 2440 2014 2484 species
2025 2465 2036 2482 ‚
2048 2453 2118 2486 quae

1223 2489 1372 2529 laudatur
1395 2488 1542 2522 etiamin
1554 2491 1688 2534 septima
1711 2491 1893 2526 collatione
1904 2493 2013 2536 quinti
2025 2491 2119 2526 Con.

1223 2540 1313 2574 cilii.
1339 2538 1468 2573 Milites
1488 2539 1529 2572 de
1550 2541 1648 2573 tertio
1672 2552 1810 2574 numero
1831 2541 2118 2577 Stabilistanorum

1226 2589 1398 2623 laudantur
1420 2587 1608 2621 Antiochiae
1626 2590 1711 2631 apud
1727 2590 1825 2623 Gesta
1836 2591 1960 2625 dedisse
1975 2592 2119 2626 testimo-

1222 2639 1316 2673 nium
1325 2638 1410 2671 circa
1421 2636 1585 2679 quendam
1598 2639 1757 2672 exceffum
1768 2640 2028 2684 SergiiCyrenfis
2040 2641 2116 2686 Epi-

1221 2688 1330 2732 scopi.
1356 2686 1394 2720 In
1408 2687 1589 2721 orientalis
1599 2686 1732 2731 Imperii
1745 2690 1866 2724 notitia
1881 2690 1979 2725 habet
1992 2692 2115 2735 duplex

1224 2748 1365 2773 nomen·
1394 2735 1451 2770 Ad
1474 2736 1609 2771 titulum
1618 2739 1658 2772 de
1669 2738 1804 2773 Comite
1817 2740 1936 2774 limitis
1951 2741 2114 2787 AEgyptii
2136 2760 2196 2791 Pol.
2209 2771 2274 2797 140·

1222 2787 1425 2834 appellantur
1446 2786 1583 2829 Equites
1604 2789 1825 2824 Stabilafiani.
1854 2791 2033 2835 Degebant
2056 2792 2114 2827 Pe·

1224 2840 1293 2874 lusii
1305 2863 1316 2879 ,
1341 2845 1497 2881 erantque
1515 2849 1556 2870 ex
1577 2838 1691 2873 decern
1715 2840 1981 2876 vexillationibus
2002 2842 2115 2877 Comi·

1222 2887 1396 2926 tatenfibus
1417 2886 1571 2932 Magistri
1588 2889 1735 2924 militum
1756 2902 1813 2934 per
1836 2891 2027 2926 Orientem.
2056 2891 2113 2926 Ad
2133 2877 2197 2910 l²01·
2228 2887 2274 2914 51.

1222 2939 1355 2975 titulum
1374 2937 1417 2972 de
1441 2937 1606 2981 spectabili
1628 2940 1726 2975 Duce
1748 2940 1890 2984 Schytiae
1907 2942 2112 2986 appellantur

1224 2989 1359 3035 Equites
1370 2987 1557 3024 Stablefiani
1572 3014 1583 3030 ,
1609 3001 1752 3034 quorum
1763 3003 1849 3026 unus
1859 2991 1946 3036 apud
1957 2992 2089 3027 Bircam
2097 3014 2110 3032 ‚

1223 3042 1305 3077 alius
1315 3049 1438 3074 cuneus
1448 3038 1588 3082 degebat
1600 3040 1685 3084 apud
1698 3041 1811 3076 Cilum
1823 3066 1836 3082 ‚
1863 3042 2012 3077 secundae
2025 3042 2112 3078 Μω-

1223 3093 1272 3126 fiae
1279 3089 1410 3134 Oppida
1426 3089 1468 3123 ad
1482 3089 1675 3125 Danubium
1689 3117 1697 3124 .
1725 3091 1769 3125 Et
1781 3092 1895 3127 Guido
1906 3092 2111 3128 Pancirollus

1224 3143 1265 3176 de
1288 3140 1354 3175 hoc
1376 3138 1545 3183 posteriori
1570 3153 1677 3176 cuneo
1701 3141 1811 3177 scribit
1832 3155 1840 3174 :
1868 3148 1927 3179 Hic
1947 3154 2053 3177 cuneus
2072 3141 2112 3183 eff

1224 3202 1300 3226 unus
1322 3193 1339 3225 ἒ
1356 3191 1453 3224 decem
1465 3191 1710 3225 vexillationibus
1722 3192 1964 3235 comitatensibus
1976 3193 2112 3237 Magistri

1223 3244 1351 3276 miiitum
1368 3249 1423 3283 per
1444 3245 1595 3274 Orientem
1613 3267 1624 3283 ,
1650 3247 1702 3285 qui
1711 3246 1838 3286 Equites
1854 3241 1977 3285 secundi
1998 3243 2110 3276 stabic-

1219 3291 1297 3337 fiani
1318 3291 1502 3330 dicebantur,
1530 3303 1652 3333 quorum
1664 3302 1742 3335 pars
1765 3297 1874 3326 Comiti
1884 3295 2011 3337 AEgypti
2020 3289 2111 3333 inser·

1226 3343 1329 3379 vicbat
1341 3365 1353 3383 ,
1379 3343 1481 3376 &duo
1503 3349 1585 3379 cunei
1607 3347 1684 3378 Daci
1708 3342 1851 3384 Schytiae.
1880 3345 1964 3378 Unde
1984 3340 2112 3386 vexillaef

1970 3395 2062 3425 tiones
