2320 3730
581 196 889 251 Scu0t113,
926 205 990 237 nr
1025 188 1213 237 Norrs
1248 185 1648 234 titusraArAE.

201 288 299 327 fidem
318 284 480 321 reducere.
507 281 568 318 Per
592 282 775 327 juvenilem
798 280 1080 331 Qaestionemin-

203 338 322 383 telligit
332 335 513 368 novitatem
535 345 672 373 vocum,
700 333 854 368 &firmat
875 331 940 374 jam
961 330 1080 364 distant

203 385 469 435 prascriptionem
492 397 499 415 :
526 381 696 430 Qidquid
719 385 754 418 in
777 381 966 417 Christiano
989 382 1080 428 Dog-

203 446 291 474 mate
311 434 356 470 est
381 434 522 478 juvenile
533 444 589 470 aut
601 445 726 469 novum
739 457 751 475 ,
774 431 820 468 est
847 431 983 467 falsum.

445 647 698 698 CAPUT
743 649 841 696 CC.
920 646 1084 699 a--289

206 798 327 849 Pars,
362 788 533 854 inquit,
568 783 746 854 Epistolae
758 783 943 844 Rabbulae
969 782 1089 849 Ede]-

262 860 373 924 seni,
396 857 553 925 firiptae
588 856 641 904 ad
667 861 912 925 AEgyptum‚
940 850 1090 920 fignifi-

274 946 364 975 cans
377 926 475 993 quod
487 932 549 993 qui
574 929 624 975 ab
646 931 694 974 eis
708 926 1009 994 oppugnabatur,
1051 920 1090 968 id

275 997 350 1061 est,
389 998 601 1061 Nestorius
633 1017 688 1042 eos
718 1000 780 1059 qui
806 999 905 1040 circa
929 997 1091 1040 Beatum

279 1065 518 1111 Theodorum
520 1063 672 1129 secutus
683 1099 697 1125 ,
721 1064 782 1127 stc
793 1062 880 1131 usus
892 1063 941 1129 est
965 1081 1092 1111 coram

277 1132 446 1198 Ecclesia
476 1132 670 1180 doHriuis.

292 1261 447 1305 Piscopus
465 1259 555 1295 enim
573 1258 705 1305 quidam
729 1259 909 1295 Provinciae
925 1261 1070 1296 Cilicum
1084 1285 1094 1301 ,

316 1312 366 1346 vir
377 1310 556 1346 verisimilis
566 1311 653 1345 distu
665 1336 676 1352 ‚
701 1311 734 1344 &
747 1311 906 1345 sufficiens
919 1311 960 1346 ad
973 1311 1094 1356 persua·

207 1361 377 1400 dendum,
402 1361 501 1396 altera
522 1360 656 1405 quidem
679 1371 737 1404 pto
752 1360 931 1396 Tribunali
956 1363 1097 1405 praefere-

208 1411 267 1446 bat
286 1409 326 1445 ad
348 1410 544 1455 placendum
566 1411 697 1455 Populo
708 1436 718 1452 ,
749 1411 848 1445 altera
863 1412 940 1446 vero
954 1423 1008 1455 per
1020 1412 1097 1445 Doe-

208 1461 322 1496 monis
343 1471 489 1504 capturas
513 1461 634 1496 ferebat
657 1462 691 1495 in
715 1462 849 1504 Scriptis
865 1486 872 1493 .
900 1461 993 1508 Qin
1021 1472 1100 1505 quo-

209 1510 360 1545 rumdam
383 1512 515 1545 suorum
535 1510 693 1545 librorum
717 1511 888 1555 principiis
902 1510 1100 1546 Anathema-

211 1562 348 1595 tismum
367 1561 488 1605 legenti
509 1560 796 1603 circumponebant,
824 1572 865 1594 ne
890 1561 962 1594 aliis
992 1561 1102 1603 prode-

211 1620 263 1645 ret
284 1611 428 1652 Scripta.
458 1610 521 1643 Iste
543 1610 668 1652 primus
685 1610 836 1652 exposuit
862 1621 930 1642 non
952 1610 1015 1644 effe
1036 1610 1101 1643 Dei

217 1658 425 1695 Genitricem
449 1659 624 1693 secundum
647 1658 814 1693 veritatem
840 1659 990 1694 Sanctam
1030 1659 1105 1693 Ma-

218 1709 302 1744 riam
314 1732 326 1750 ,
351 1718 519 1751 tamquam
529 1709 606 1743 Deo
617 1708 732 1743 Verbo
745 1720 813 1743 non
824 1709 1002 1752 recipiente
1012 1721 1085 1744 eam
1096 1734 1106 1749 ,

219 1770 294 1803 quae
313 1756 496 1792 secundum
507 1768 566 1791 nos
587 1757 655 1799 est,
683 1758 891 1803 genituram.
921 1759 1000 1793 Hoc
1019 1771 1107 1794 nunc

221 1809 323 1852 usque
334 1808 435 1842 latent
448 1831 459 1847 ,
486 1819 527 1841 ne
539 1818 687 1853 tempore
699 1808 903 1842 diuturniore
917 1808 1107 1843 roboratum

222 1858 348 1893 firmius
376 1867 543 1901 putaretur
568 1882 580 1899 ,
618 1858 795 1894 secundum
833 1858 1108 1902 dispensationem

223 1908 293 1943 Dei
305 1907 429 1942 oblitus
441 1908 638 1950 Nestorius,
662 1919 755 1943 nova:
778 1909 947 1943 incisionis
969 1908 1107 1951 author,

225 1959 262 1992 in
274 1956 442 2002 publicum
454 1958 592 2002 protulit
602 1983 610 1990 .

228 2058 332 2099 Idem
352 2057 511 2098 Irenaeus
540 2060 636 2100 &ad
648 2059 720 2100 hoc
731 2060 789 2100 his
810 2057 959 2100 testibus
981 2061 1114 2104 utitur,

284 2126 324 2154 ut
337 2113 437 2168 quali
450 2115 561 2155 talem
586 2114 694 2156 faciat
715 2114 999 2171 Syllogismum.

229 2222 325 2263 Ecce
337 2220 396 2259 his
407 2220 525 2260 tribus
536 2219 685 2260 testibus
697 2219 748 2260 est
758 2221 981 2260 credendum
990 2247 1002 2264 ,
1015 2218 1117 2271 quod

286 2274 482 2318 Nestorius
494 2276 785 2318 Theodorumin
806 2274 866 2315 sua
888 2275 1118 2329 praedicatio-

288 2347 336 2374 ne
356 2331 494 2373 secutus
522 2333 583 2373 fit.
614 2332 749 2374 Rursus
771 2333 875 2388 quod
894 2331 1116 2372 Theodorus

289 2404 335 2430 ea
354 2387 429 2443 ipsa
449 2391 640 2437 docuerit,
671 2405 752 2445 quae
775 2403 903 2430 omnes
920 2384 1118 2429 Clariffimi

290 2448 416 2487 Patres
427 2475 439 2494 ,
467 2444 566 2487 testis
578 2445 628 2486 est
642 2448 817 2501 Synodus
829 2448 992 2486 Orientis
1005 2476 1014 2485 .
1044 2444 1120 2498 Igi-

289 2516 348 2544 tur
358 2532 370 2550 ,
399 2510 528 2557 inquit,
548 2501 742 2545 Nestorius
754 2504 884 2546 eadem
895 2501 1118 2556 praedicavit,

291 2573 376 2614 quae
387 2563 508 2600 cunffl
522 2559 717 2601 Clariffimi
730 2563 854 2602 Patres
865 2592 874 2600 .
904 2560 948 2599 In
962 2559 1019 2599 his
1031 2557 1119 2598 ideo

293 2620 428 2657 erravit
438 2645 450 2663 ,
480 2620 569 2671 quia
580 2621 858 2672 temperantiam
869 2630 945 2657 non
966 2614 1121 2656 attendit

291 2672 463 2714 Ecclefiae
474 2674 570 2721 Dei,
600 2687 673 2727 qua
687 2674 748 2715 usa
761 2674 938 2729 Synodus
959 2673 1122 2713 Orientis

292 2730 343 2769 acl
361 2731 623 2782 Imperatorem
635 2730 886 2773 Theodosium
907 2732 944 2769 in
962 2727 1124 2782 Epistola

293 2798 364 2840 pro
392 2786 600 2828 Theodoro
636 2790 674 2828 &
701 2789 875 2830 Diodoro
904 2784 1093 2840 Episcopis
1113 2813 1125 2831 ,

297 2856 411 2897 quarn
440 2841 568 2897 &ipse
590 2845 750 2886 Irenaeus
769 2844 910 2899 posuit,
940 2846 1034 2883 inter
1053 2841 1125 2882 alia

297 2902 421 2954 inquit
451 2919 460 2939 :
490 2905 528 2940 Si
547 2908 620 2955 quis
640 2904 721 2942 ‘uero
741 2930 754 2948 ,
783 2909 964 2955 Imperator
984 2903 1125 2945 Samae,

296 2956 557 3007 immanifestum
584 2961 624 2998 de
644 2960 706 2999 tali
727 2960 812 2999 dicat
822 2965 969 3000 inveniri
988 2964 1023 2997 iu
1034 2958 1125 3010 qius,

301 3016 491 3054 aliorumve
500 3015 723 3068 Confiriptis,
752 3019 871 3056 nechoc
881 3018 958 3070 jam
978 3029 1064 3055 nunt
1083 3013 1126 3062 cst

301 3068 512 3121 neceffizrium
523 3074 703 3112 retraHare
714 3103 722 3112 .
752 3078 909 3127 Qorum
918 3079 1005 3113 em'm
1017 3077 1052 3112 iu
1065 3075 1089 3110 S
1091 3084 1126 3108 a-

301 3127 442 3167 cerdotio
483 3128 520 3168 (θ’
540 3134 648 3169 Sacris
669 3131 820 3182 operibus
847 3136 1010 3182 optimum
1021 3127 1127 3179 finem

302 3181 549 3236 vitasufiepit,
578 3188 628 3225 his
643 3188 823 3238 pristinam
839 3189 981 3238 gloriam
1001 3186 1128 3225 dedica-

302 3253 378 3279 mus
390 3268 401 3286 ,
431 3240 468 3280 &⁵
487 3256 553 3281 non
574 3257 625 3281 eos
644 3242 702 3295 ‘ff'
720 3245 915 3297 judicamus
933 3246 973 3283 ab
993 3249 1058 3289 eis,
1087 3256 1129 3281 ex

301 3297 421 3351 quibus
430 3312 482 3337 eos
491 3301 651 3340 audaHer
659 3302 795 3353 quidam
818 3302 1048 3352 reprehendere
1068 3314 1131 3338 vo·-

304 3359 404 3397 lunt.
433 3354 575 3407 Aperte
597 3357 773 3410 Synodus
793 3359 956 3399 Orientis
982 3357 1129 3397 Dicta...»

348 3409 454 3452 christ.
467 3415 547 3457 Lupa·
557 3419 654 3457 opera
665 3418 765 3449 T.V11.

1857 198 1945 248 361

1197 273 1391 315 Theodori
1403 268 1466 312 sub
1478 269 1562 311 sana
1572 275 1786 325 exceptione
1794 285 1834 314 ut
1843 273 2018 322 laudavit,

1200 334 1249 372 ita
1277 333 1315 371 &
1328 327 1544 375 Clariffimis
1553 327 1711 368 ostendit
1723 329 1922 374 consonare
1936 333 2017 372 Do-

1200 388 1363 429 &Oribus
1385 415 1396 434 ,
1426 386 1571 427 dicens:
1600 389 1656 425 Ex
1676 386 1792 438 quibus
1812 390 1941 439 quidem
1961 389 2017 427 de·-

1192 446 1333 493 sunflos
1353 445 1529 497 Magzstros
1552 442 1695 494 Ecclefiae
1714 448 1925 492 temperantia
1946 446 2019 483 lau-

1201 505 1277 549 det,
1305 517 1347 542 ex
1356 503 1473 556 quibus
1475 501 1630 554 judicare
1642 513 1707 538 non
1721 499 1831 538 debeat
1847 529 1855 537 .
1884 499 1929 540 Id
1949 499 2022 546 est,

1202 575 1249 601 ex
1273 559 1332 599 his
1350 587 1362 606 ,
1395 571 1476 613 quae
1499 557 1707 597 communia
1737 557 1902 595 omnium
1924 553 2025 602 sunt,

1205 630 1282 657 non
1293 630 1339 656 ex
1351 616 1409 656 his
1419 644 1431 663 ,
1461 613 1486 654 fi
1498 627 1570 668 qua
1582 626 1659 654 non
1670 614 1905 653 inveniuntur
1924 608 2027 653 effe..

1207 675 1413 714 communia
1425 704 1433 712 .
1463 673 1651 727 Qoniam
1662 668 1754 710 vero
1765 666 1933 722 praefatus
1955 667 2030 707 Ire.-

1207 743 1306 771 naeus
1317 730 1426 776 dicit,
1455 729 1722 784 quodJoannes
1751 721 2032 778 &Co-Episco-

1208 790 1247 840 pi
1272 790 1345 834 ejus
1356 787 1504 833 eadem,
1533 798 1616 840 quae
1634 783 1851 829 Nestorius,
1877 779 2034 821 sentien-

1209 856 1264 886 tes
1275 872 1287 891 ,
1315 842 1380 886 sub
1391 841 1579 898 hypocrisi
1590 845 1663 888 eius
1675 841 1873 887 dejectioni
1882 834 2036 879 consen-

1210 899 1342 948 serint,
1370 900 1540 954 quaedam
1557 898 1762 939 testimonia
1780 911 1827 939 ex
1847 895 1946 936 libro
1956 895 2030 934 Eu-

1210 956 1342 1003 therii,
1369 956 1687 1002 cohaeretieiejus,
1714 967 1843 995 contra
1854 954 2038 996 unitivam

1209 1016 1313 1055 Beati
1328 1012 1469 1067 Cyrilli
1481 1011 1704 1064 Epistolam,
1733 1010 1796 1050 ubi
1823 1012 1862 1050 ὃς
1882 1006 2039 1056 eiusdem

1210 1070 1376 1112 Nestorii
1398 1068 1614 1109 testimoniis
1624 1069 1758 1111 utitur,
1787 1065 1851 1105 hic
1873 1063 2040 1105 transcri-

1210 1127 1333 1169 benda
1343 1123 1533 1180 prospexi,
1565 1136 1631 1178 per
1642 1135 1724 1177 quae
1736 1123 1847 1162 etiam
1857 1133 1953 1160 nunc
1963 1122 2043 1160 Ca-

1212 1184 1437 1225 tholicorum
1465 1184 1502 1222 &
1526 1180 1781 1221 haereticorum
1800 1175 2046 1219 differentia-³

1214 1238 1448 1297 dignoscatur
1467 1268 1480 1287 ,
1511 1240 1548 1279 δε
1577 1234 1736 1279 maxime
1756 1236 1854 1275 circa
1885 1233 2045 1282 fidem,

1215 1299 1263 1342 de
1280 1311 1354 1355 qua
1364 1310 1460 1341 nunc
1475 1294 1677 1350 specialiter
1697 1290 1813 1334 sermo
1833 1289 1905 1333 est.

1356 1469 1843 1516 SCHOLION.

1248 1614 1370 1650 Pistola
1395 1614 1463 1650 haec
1484 1623 1556 1650 tota
1576 1613 1679 1648 exstat
1695 1613 1729 1646 in
1741 1610 1833 1645 Aeris
1843 1608 1951 1654 quinti
1962 1605 2056 1643 Conss

1273 1665 1340 1700 cilii
1351 1691 1358 1698 .
1387 1667 1467 1699 Hoc
1488 1667 1709 1709 fragmentum
1733 1661 1779 1695 est
1792 1660 1924 1695 alterius
1937 1671 1974 1693 ac
1986 1668 2055 1692 me·

1168 1715 1258 1750 lioris
1281 1714 1519 1755 translationis,
1546 1715 1581 1748 ὃς
1602 1711 1786 1756 adjunctum
1809 1708 1908 1745 habet
1929 1709 2056 1753 insigne

1169 1764 1327 1800 Scholion
1348 1790 1358 1806 ,
1387 1765 1526 1810 ideoque
1560 1763 1640 1798 duxi
1676 1759 1880 1805 vulgandum
1906 1782 1914 1791 .
1943 1758 2055 1792 Docet

1169 1814 1388 1849 Theodorum
1410 1816 1503 1849 fuiffe
1522 1812 1606 1848 adeo
1637 1812 1763 1845 vafrum
1791 1833 1803 1849 ,
1828 1809 1953 1852 sibique
1972 1805 2060 1846 adeo·

1172 1864 1254 1899 male
1273 1865 1445 1899 conscium
1458 1889 1468 1905 ‚
1493 1873 1530 1898 ut
1552 1873 1620 1897 non
1643 1861 1816 1895 dumtaxat
1837 1860 1912 1893 suos
1922 1862 2066 1893 arcanos·

1172 1914 1380 1958 Discipulos,
1407 1913 1461 1948 sed
1484 1913 1613 1956 quosvis
1633 1910 1731 1946 etiam
1753 1911 1902 1946 Lectores
1914 1906 1972 1941 sub
1982 1915 2059 1941 ana*-

1173 1965 1315 2000 themate
1338 1964 1574 2009 constringeret
1597 1961 1637 1996 ad
1659 1959 1820 1994 silentium
1838 1985 1845 1992 .
1874 1959 1967 1991 Hinc
1989 1955 2060 1989 fieri

1174 2015 1299 2058 potuit,
1328 2024 1364 2049 ut
1388 2014 1493 2057 plures
1517 2024 1572 2057 per
1594 2012 1766 2046 Orientem
1787 2008 1941 2051 Episcopi
1954 2006 2062 2048 ipsum

1174 2062 1365 2107 aliquandiu
1387 2063 1584 2096 crediderint
1606 2063 1836 2093 innocentem.
1865 2054 2064 2099 Epistolavi-

1176 2113 1269 2147 detur
1294 2112 1408 2155 scripta
1430 2111 1506 2145 ante
1528 2109 1688 2153 jactumin
1700 2105 1920 2141 Theodorum
1932 2103 2066 2139 anathe-

1175 2173 1245 2196 ma.
1273 2161 1442 2195 Rabbulas
1465 2160 1593 2193 videtur
1617 2169 1671 2200 per
1695 2157 1796 2197 ipsam
1818 2156 1942 2198 petiisse
1964 2155 2065 2189 confi-

1178 2213 1256 2244 lium
1270 2235 1280 2250 ,
1307 2219 1404 2251 atque
1430 2209 1475 2241 ita
1495 2204 1777 2240 anathematizasse
1794 2214 1835 2237 ex
1859 2203 1985 2246 judicio
1995 2205 2065 2245 Cy·

1177 2260 1240 2293 rilli
1265 2283 1273 2291 .
1300 2258 1500 2300 Adjunctum
1528 2253 1685 2289 Scholion
1707 2252 1818 2287 denuo
1837 2252 1980 2287 ostendit
2003 2253 2065 2286 kre-

1183 2319 1289 2342 naeum
1309 2318 1392 2341 vana
1415 2305 1546 2347 sectari,
1573 2305 1653 2339 dum
1675 2315 1716 2338 ex
1738 2303 1844 2346 priore
1864 2302 2009 2337 Diodori
2030 2303 2066 2337 &

1184 2356 1361 2392 Theodori
1374 2356 1530 2391 Doctrina
1543 2354 1649 2390 studet
1669 2353 1797 2389 abluere
1808 2352 2012 2386 Nestorium.

1183 2453 1272 2490 Huic
1300 2448 1400 2500 hujus
1421 2450 1527 2496 operis
1555 2446 1681 2485 Scholio
1700 2449 1899 2484 immortuus
1916 2443 1960 2491 est
1979 2446 2011 2481 F
2011 2458 2066 2482 ra.-

1241 2518 1289 2546 ter
1317 2505 1646 2544 CHRISTLANUS
1676 2504 1826 2541 LU‘PUS
1838 2528 1849 2546 ,
1879 2502 1988 2541 Anno
2008 2505 2067 2540 In-

1242 2566 1368 2602 carnuti
1394 2560 1490 2601 Verbi
1517 2565 1652 2600 MDC.
1664 2561 1825 2597 LXXXI.
1845 2557 1971 2609 Menfis
1991 2562 2066 2610 Ju-

1246 2621 1286 2659 Iii
1314 2620 1367 2660 die
1394 2619 1539 2656 decima.
1568 2621 1635 2656 Cui
1663 2612 1803 2666 ignofie,
1825 2614 1861 2666 fi
1886 2615 1974 2667 quod
2001 2615 2066 2655 du..

1243 2682 1315 2717 rius
1357 2702 1370 2722 ,
1409 2676 1551 2714 humano
1580 2687 1668 2712 more
1696 2700 1708 2718 ,
1746 2677 1838 2711 iuter'
1853 2668 2067 2721 fhribendum

1243 2733 1398 2774 exciderit
1427 2732 1569 2771 verbum
1599 2745 1608 2770 ε
1649 2726 1830 2780 Censurare
1867 2728 1981 2767 ullum
2008 2741 2068 2767 no-

1244 2793 1310 2831 luit
1331 2801 1341 2826 :
1371 2796 1488 2830 Docere
1506 2801 1614 2827 omnes
1635 2788 1769 2826 voluit:
1797 2781 1926 2835 Dzftere
1945 2785 1966 2822 a
1986 2785 2065 2824 nul-

1245 2849 1278 2886 lo
1306 2847 1457 2887 erubuit.

1939 3397 2020 3436 (ΞΛ-
