2320 3730
343 164 444 210 342
688 148 1022 196 Varnenum
1057 150 1316 195 PATRUM
1349 149 1674 211 Eum-rores,

270 246 324 278 gas
335 259 346 277 ,
369 245 438 277 quae
449 232 490 266 ab
504 233 692 277 Aleffqndqta
704 235 829 270 dtreffl‘ae
846 235 919 280 sunt
930 260 940 275 ‚
957 237 1055 278 legens
1066 257 1077 275 ‚
1101 234 1159 267 cla·
1205 265 1208 281 ,
1220 231 1256 266 in
1268 230 1533 285 Chalcedonenfi
1545 238 1678 274 civitate
1688 239 1882 277 tradidimus
1895 267 1906 283 ,
1918 241 1971 278 his
1979 244 2106 286 acquie-

270 290 373 326 riorem
392 284 461 318 vide
484 286 668 327 impletatem
693 287 846 331 divulgari
869 312 876 319 .
903 283 1050 328 Respicit
1073 283 1159 317 litte·
1205 284 1334 323 scens,
1359 284 1393 318 &
1413 285 1601 329 approbans
1619 299 1683 330 ea,
1707 291 1866 334 similibus
1886 293 2106 334 intellectibus

267 346 318 371 ras
337 357 349 375 ‚
372 345 454 379 quas
478 332 607 375 Acacio
638 335 829 377 Berrhaeenfi
850 337 984 369 Sanctus
1007 333 1157 375 Cyrinus
1217 335 1396 370 contexuit
1407 334 1827 375 nobisidemconfitentem
1847 343 2107 388 fideiApostoli-

265 385 465 429 rescripserat
489 411 500 428 ,
525 386 559 421 δε
581 398 661 432 quas
686 387 767 421 varii
789 385 974 420 Orientales
997 384 1155 428 Episcopi
1216 397 1261 419 cae
1271 385 1485 424 traditionem
1502 410 1511 418 .
1537 386 1683 432 expulsa
1703 389 1749 428 est
1762 388 1863 434 igitur
1885 395 2031 433 universa
2042 394 2106 431 hae-

264 435 469 478 affirmabant
489 439 588 473 reetas
611 462 622 478 ,
649 436 789 479 ideoque
812 435 930 479 dignas
951 446 1031 479 pace
1050 460 1058 467 .
1081 435 1154 470 An·
1216 436 1287 473 refis
1307 447 1406 484 atque
1424 438 1601 473 contentio
1626 463 1639 479 ‚
1665 437 1794 474 Pietate
1819 441 1919 480 vestra
1941 445 2103 483 ineolumi

262 486 356 526 διελς
380 488 520 527 affirmat
531 488 614 532 ipsas
625 487 688 522 effe
698 486 871 531 nequiores
884 484 1066 529 Capitulis.
1095 485 1153 522 Al·
1214 485 1300 523 Orbi
1322 498 1436 530 terrae,
1461 487 1553 532 cujus
1576 486 1708 534 Sceptra
1728 501 1806 524 cum
1828 491 1882 535 pia
1902 495 2101 534 confeffione

261 545 370 573 terum
379 537 631 574 fundamentum
658 535 704 572 est
720 537 753 570 in
775 535 826 571 his
842 536 967 571 verbis:
999 538 1152 578 Tanquam
1215 538 1338 573 nutrita
1359 541 1454 574 sunt:
1482 540 1528 577 Et
1549 539 1637 577 certe
1660 540 1876 577 obtinuerunt
1890 566 1913 583 ,,
1929 543 2099 584 &obtine-

258 589 460 632 peldufflfine
477 586 662 632 ,nesapium
672 588 771 621 νιέὶἑ.
798 587 914 620 Plures
925 587 1150 623 Orientalium
1215 587 1296 625 bunt
1318 590 1353 624 in
1375 601 1592 636 perpetuum,
1619 591 1746 628 Divina
1772 590 1905 629 dextera
1930 595 2101 634 continen-

258 638 415 685 Episcopi
428 637 637 676 affirmabant
650 637 816 681 cyrillum
837 637 856 673 ὲ
871 638 935 674 suis
950 662 962 678 ,
987 638 1065 674 licet
1075 649 1151 675 ana·

257 687 474 727 thematizare
501 689 628 728 nollet,
654 688 809 725 receffiffe
821 687 1009 733 Capitulis,
1035 692 1148 726 aceffe

256 742 438 776 correfflun
450 765 463 781 ‚
490 739 630 780 ideoque
649 740 852 781 pacemcum
873 738 942 784 ipso
957 740 1147 784 ampleuen-

255 786 331 823 dam
344 802 356 822 .-
380 789 534 823 Andreas
553 789 693 827 affirmat
714 790 800 833 ipsos
822 789 929 835 decipi
951 790 986 826 δε
999 791 1146 830 circum-

251 838 350 872 scribi
372 863 380 871 .
409 838 504 875 Hinc
527 839 700 880 concludit
725 840 820 877 istam
839 853 954 888 pacem
974 842 1048 880 fore
1071 853 1143 878 non

251 886 529 926 orthodoxorum
542 890 828 934 communionem,
841 892 896 932 sed
907 894 1052 937 ipsorum
1065 904 1142 929 cum

252 938 502 982 Apollinaristis
515 941 742 978 confufionem
754 966 767 985 ‚
790 942 885 988 iuxta
904 945 996 990 supra
1018 955 1142 985 merno-

249 997 358 1025 tatum
381 991 566 1031 somnium.

1212 648 1245 675 te
1257 665 1264 674 .

1260 690 1306 727 Et
1325 701 1363 726 ur
1383 692 1526 728 vestrum
1542 694 1632 730 nosse
1653 694 1749 738 poffit
1773 693 1949 739 Imperium
1971 694 2071 735 velen
2083 718 2099 736 ,

1208 751 1278 784 quas
1297 741 1423 779 anobis
1445 743 1573 779 adeum
1603 746 1719 788 scripta
1743 745 1840 786 sunt,
1869 745 1920 781 vel
1940 744 1982 780 ab
2005 757 2045 779 eo
2055 746 2098 781 ad

1210 803 1291 832 nos,
1318 792 1354 826 in
1367 793 1487 835 quibus
1503 805 1609 828 uuum
1621 793 1828 842 eundemque
1851 796 1978 829 sensum
1990 795 2098 831 Pater.

1209 853 1288 876 num
1314 841 1348 876 in
1363 843 1581 880 ministrando
1597 846 1779 887 servamus,
1805 846 1889 891 ipsas
1901 844 1940 880 ad
1954 846 2098 883 invicem

1205 891 1331 928 nostras
1342 893 1505 939 Epistolas
1517 893 1569 930 his
1590 895 1707 931 litteris
1727 896 1846 931 nostris
1868 892 2040 932 subdentes
2050 896 2098 931 di-

1204 944 1348 979 reximus
1367 968 1379 984 ,
1416 945 1583 981 tradentes
1602 946 1785 990 Epistolam
1812 946 1998 983 Clariffimo
2018 947 2098 983 Tri-

1204 991 1294 1028 buno
1315 994 1350 1029 &
1361 994 1505 1030 Notario
1520 996 1624 1031 vestro
1638 996 1808 1033 Aristolao
1821 1023 1833 1039 ,
1860 1009 1927 1043 quo
1938 996 2096 1032 Ministro

1202 1043 1248 1077 est
1260 1046 1381 1081 ususiu
1400 1047 1517 1088 causa,
1543 1056 1582 1086 ut
1603 1047 1757 1083 voluntas
1772 1048 1874 1082 vestra
1885 1048 2095 1091 proveniret,

1192 1103 1279 1131 'cum
1302 1095 1356 1138 pia
1378 1095 1533 1131 &sancta
1548 1097 1607 1131 sit.
1634 1097 1700 1131 His
1722 1097 1825 1143 igitur
1837 1097 1882 1132 ita
1906 1094 2098 1132 sehabenti·

1194 1142 1282 1182 bus,
1309 1144 1746 1183 &fideindubitabilitatem
1761 1147 1957 1195 suscipiente
1970 1172 1982 1187 ,
2007 1148 2095 1182 secu-

1191 1193 1227 1227 ‘ti
1244 1192 1356 1228 sumus
1381 1196 1522 1236 omnia,
1547 1207 1619 1240 quae
1640 1196 1854 1240 praecepistis,
1880 1195 2096 1234 Piiffimilm-

1190 1253 1387 1287 potatores,
1416 1256 1473 1290 per
1501 1246 1569 1281 Dei
1591 1246 1860 1282 Colentiffimum
1881 1271 1893 1288 ,
1919 1247 1984 1281 five
2002 1246 2096 1283 Reli-

1201 1294 1414 1339 giofiffimum
1429 1296 1631 1342 Episcopum
1646 1296 1809 1339 Paulum,
1828 1297 1966 1337 Virum,
1992 1307 2092 1342 quem

1190 1344 1301 1379 -nostis
1323 1347 1358 1380 ὅ(
1379 1357 1439 1382 vos
1462 1371 1474 1388 ‚
1510 1357 1548 1385 ut
1570 1346 1710 1382 arbitror
1728 1372 1740 1389 ,
1768 1358 1848 1392 pace
1868 1348 2092 1392 gaudentem,

1196 1394 1231 1428 ὅ(
1243 1395 1414 1430 scientiam
1425 1407 1495 1432 non
1509 1396 1678 1432 modicam
1690 1396 1908 1441 poffidentem
1929 1397 1964 1430 in
1980 1396 2094 1432 Eccle-

452 1302 751 1352 «CAPUT
788 1305 916 1359 XCI.
986 1319 1130 1366 --179

1188 1421 1330 1479 ffiafflczs
1354 1445 1469 1478 rebus.
1499 1445 1700 1490 Suscipimus
1721 1446 1822 1492 igitur
1843 1447 1878 1480 ὃς
1897 1446 2092 1482 Ordinatio-

1187 1501 1271 1541 ¹{nem
1297 1494 1490 1529 Sanctiffimi
1513 1495 1828 1541 &Religiofiffimi,
1853 1495 1918 1531 five
1937 1496 2002 1531 Dei
2016 1497 2091 1532 Co-

1187 1543 1367 1581 {lentiffirni
1399 1545 1557 1588 Episcopi
1596 1546 1800 1583 Maximiani
1821 1571 1833 1587 ,
1860 1545 1937 1582 Viri
1957 1571 1969 1588 ,
1989 1546 2091 1590 cuitu

1197 1593 1358 1634 virtutem
1382 1595 1732 1640 conversationemque
1751 1595 1793 1633 ab
1807 1595 1890 1630 olim
1914 1596 2088 1634 novimus.

1186 1643 1239 1683 *Et
1260 1643 1444 1688 depolitum
1465 1644 1529 1679 five
1553 1644 1750 1685 damnatum
1776 1644 1935 1683 habemus
1959 1645 2091 1685 Nesto·

1192 1693 1299 1734 rium,
1325 1694 1382 1738 qui
1403 1694 1487 1729 olim
1508 1695 1574 1733 suit
1592 1697 1678 1737 apud
1695 1696 1812 1740 magni
1834 1695 1983 1732 nominis
1995 1695 2087 1734 Con·

1193 1744 1445 1788 staminopolim
1458 1743 1641 1788 Episcopus
1652 1769 1665 1785 ,
1691 1743 1979 1783 Anathematismo
1989 1744 2086 1789 subji-

234 1488 651 1614 Ep}stolaJcc>la1}nis
698 1493 992 1611 Αηῑίοεῑιςὲἰὶι
1018 1493 1130 1614 ξάρὶ-

302 1578 424 1684 ῑῗιῗὲἶ
445 1577 502 1680 d}
537 1578 920 1698 paTss’essac‘ssieeHJe.
994 1580 1017 1611 e
1078 1580 1126 1611 ⁰'

1192 1795 1317 1829 cientes
1327 1805 1542 1839 quaecumque
1565 1794 1660 1831 abeo
1670 1794 1779 1832 aliene
1800 1807 1839 1831 ac
1850 1794 2084 1841 peregrinedi—

1191 1845 1241 1879 &a
1257 1845 1333 1881 suut
1348 1855 1463 1880 contra
1475 1844 1706 1889 apostolicam
1716 1846 1914 1883 Doarinam
1922 1869 1930 1877 .

1240 1894 1467 1938 Supplicamus
1487 1906 1598 1932 autem
1618 1896 1739 1933 Pietati
1765 1896 1895 1939 vestrae,
1924 1904 1961 1932 ut
1982 1897 2086 1941 perst-

1182 1941 1275 1980 'Ciam
1295 1946 1506 1983 festivitatem
1531 1947 1685 1991 praestetis
1707 1947 1843 1983 Mundo
1866 1971 1880 1989 ,
1918 1946 2082 1991 quatenus

1190 1996 1281 2030 nulla
1292 1997 1409 2031 civitas
1430 1996 1472 2031 ab
1484 1995 1547 2032 hac
1558 1997 1745 2032 celebritate
1761 1999 1950 2032 communis
1961 1997 2085 2037 festini-

1179 2045 1266 2084 ,tatis
1286 2047 1425 2078 extorris
1441 2047 1477 2079 fit
1490 2060 1501 2078 :
1528 2047 1719 2088 Etjubeatis
1736 2072 1747 2087 ,
1776 2058 1813 2082 ut
1826 2049 1903 2083 Deo
1916 2046 2082 2082 Amicim-

1179 2092 1235 2127 .mi
1250 2092 1405 2137 Episcopi
1418 2117 1429 2133 ,
1455 2094 1514 2137 qui
1527 2094 1614 2128 inter
1626 2096 1840 2137 praecedentes
1852 2096 1961 2130 turbas
1971 2097 2082 2139 expel-

1187 2142 1211 2176 li
1224 2143 1379 2177 Ecclefiis
1401 2144 1456 2177 vifi
1478 2144 1576 2184 sunt,
1600 2144 1642 2179 ad
1654 2145 1796 2188 priorem
1815 2144 1967 2180 habitum
1990 2144 2080 2179 redu·

1187 2203 1305 2227 cantur
1324 2218 1335 2234 ‚
1361 2193 1397 2226 δε
1419 2193 1462 2227 ab
1483 2193 1579 2227 omni
1602 2194 1851 2237 importunitate
1869 2196 1933 2228 fint
1955 2195 2076 2238 liberi,

1180 2250 1224 2275 ·ut
1235 2242 1331 2276 nullae
1370 2242 1648 2285 pusillanimitatis
1669 2244 1834 2288 Reliquiae
1844 2244 1994 2282 Ecclefiis
2007 2245 2077 2279 refi-

1187 2291 1304 2327 deant.
1332 2290 1442 2326 Facile
1461 2293 1538 2332 vero
1558 2293 1605 2327 est
1618 2318 1630 2334 ‚
1655 2302 1695 2327 ur
1716 2293 1750 2332 id
1772 2295 1791 2329 a
1805 2294 1910 2329 vestro
1929 2295 2076 2339 Imperio

1186 2341 1244 2377 fiat
1262 2366 1275 2383 ,
1300 2342 1344 2381 eo
1365 2342 1456 2386 quod
1477 2341 1667 2387 hujusmodi
1696 2345 1936 2380 correctionum
1964 2355 2075 2382 vetera

1182 2390 1476 2438 quoquehabeatis
1487 2393 1639 2438 exempla
1649 2418 1662 2435 ‚
1689 2406 1761 2439 quae
1771 2397 1926 2439 antiquos
1936 2396 2075 2438 quidem

1185 2444 1261 2478 Deo
1274 2442 1497 2479 Amiciffimos
1504 2443 1687 2488 Episcopos
1700 2446 1838 2489 propriis
1858 2444 1996 2480 Sedibus
2005 2446 2078 2480 red·-

1183 2493 1339 2529 diderunt
1351 2518 1363 2535 ,
1387 2506 1445 2529 eos
1457 2495 1555 2535 vero,
1584 2495 1643 2538 qui
1665 2495 1751 2529 inter
1766 2494 1988 2530 turbationem
2005 2496 2075 2530 fue-

1184 2553 1255 2580 rant
1265 2544 1434 2584 ordinati,
1460 2555 1573 2579 vacare
1582 2545 1730 2579 fecerunt
1740 2568 1752 2584 ,
1778 2545 1813 2579 ὅ(
1825 2546 1979 2581 sustinere
1998 2545 2073 2580 illo·

1183 2607 1256 2632 rum
1267 2595 1311 2630 de
1322 2596 1389 2628 vita
1400 2594 1548 2637 praesenti
1567 2594 1722 2627 recessum
1734 2619 1741 2626 .
1761 2621 1766 2624 .

1231 2644 1298 2679 His
1306 2643 1397 2678 enim
1408 2666 1420 2683 ,
1446 2643 1528 2678 ficut
1538 2642 1683 2677 diximus
1695 2669 1704 2684 ,
1731 2644 1809 2679 Deo
1819 2642 2070 2685 favente‚bene

1181 2708 1220 2731 ac
1231 2692 1314 2731 reste
1325 2691 1593 2737 provenientibus
1605 2717 1616 2732 ‚
1643 2693 1812 2729 orationes
1824 2705 1863 2729 ac
1869 2694 2075 2737 deprecatio-

1183 2757 1239 2784 nes
1251 2756 1311 2790 pro
1327 2744 1469 2788 Imperio
1481 2742 1585 2777 vestro
1596 2743 1677 2777 fient
1687 2743 1705 2777 a
1716 2745 1842 2779 cunetis
1856 2743 2068 2781 horninibus.

1181 2797 1245 2830 Per
1255 2806 1315 2831 vos
1323 2795 1414 2831 enim
1423 2819 1435 2835 ,
1459 2794 1493 2833 ὅς
1506 2804 1562 2837 per
1578 2794 1713 2829 vestram
1726 2794 1892 2831 Pietatem
1913 2794 2068 2831 Ecclefiis

1179 2846 1315 2892 quidem
1327 2845 1416 2890 prior
1423 2843 1469 2879 est
1481 2843 1628 2879 restituta
1639 2845 1862 2889 tranquillitas
1871 2869 1883 2886 ‚
1909 2844 2067 2881 Christia-

1181 2909 1230 2932 nae
1249 2896 1327 2932 vero
1346 2895 1471 2932 salvata
1492 2895 1567 2930 sunt
1577 2903 1626 2929 res
1639 2921 1647 2927 .
1673 2894 1713 2928 In
1729 2907 1808 2939 pace
1819 2895 1862 2931 de
1875 2895 2003 2939 reliquo
2011 2896 2067 2930 de-

230 1823 313 1875 Deo
346 1819 600 1889 Amicffmis
641 1826 701 1870 &⁴
734 1821 924 1890 Piiff'zmz's
956 1827 1128 1893 hvpera-

298 1895 440 1942 tort'bus
474 1895 608 1944 nostris
639 1931 652 1956 ,
699 1898 764 1961 qui
797 1893 906 1962 dign&
930 1893 1028 1962 firm
1063 1893 1129 1942 ho-

293 1969 425 2014 norati
463 1964 492 2010 d
527 1971 608 2011 Deo
642 1965 709 2012 vel
742 1964 906 2015 ordinati
938 2002 952 2027 ‚
999 1965 1128 2014 Theo-

297 2031 395 2097 doſsa
443 2037 504 2079 (9⁴
555 2033 810 2082 Valentiniano
844 2070 858 2094 ,
908 2036 1085 2099 Augustis
1105 2072 1119 2094 ,

300 2109 468 2157 Joannes
535 2101 744 2174 Episcopus
804 2101 1010 2156 Antiochia:
1056 2124 1125 2152 ve-

286 2173 381 2238 strae
413 2209 429 2233 ,
476 2171 632 2225 devexae
665 2179 698 2220 S
683 2177 787 2238 yriae
807 2209 822 2234 ‚
870 2182 910 2221 in
962 2178 1124 2223 Domino

290 2242 482 2311 gaudium
495 2278 508 2290 .

321 2392 532 2438 Pportunum
555 2403 649 2428 nunc.
658 2391 720 2427 illo
733 2391 871 2435 eloquio
884 2390 1060 2436 Prophetae
1074 2390 1121 2425 di-

349 2455 421 2479 cere
433 2457 445 2477 :
471 2445 559 2489 ,Quia
580 2452 666 2477 erum
674 2451 781 2486 prava
803 2447 834 2476 in
844 2441 958 2477 dereda
970 2468 977 2475 .
1005 2443 1120 2491 Qan-

225 2496 372 2531 doenim
386 2495 481 2529 Deus
503 2494 631 2538 aliquid
643 2494 744 2534 facit,
768 2493 979 2537 consequitur
999 2494 1033 2526 in
1045 2493 1096 2527 his
1107 2517 1119 2534 ,

226 2559 300 2591 quae
319 2547 427 2584 fiunt,
450 2545 594 2583 facilitas
614 2545 783 2584 nominis,
807 2543 963 2582 &nullus
985 2543 1119 2581 Divinae

225 2597 344 2632 resistit
364 2596 551 2631 voluntati.
579 2593 702 2628 Voluit
724 2603 837 2637 nunc,
862 2593 896 2629 &
916 2593 1117 2637 complacuit

224 2649 258 2682 ei
275 2671 287 2688 ,
308 2658 352 2681 ut>
367 2657 424 2689 per
442 2644 666 2682 intentionem
687 2643 825 2680 vestram
846 2643 936 2686 piam
959 2668 972 2684 ,
996 2644 1031 2678 δε
1059 2642 1116 2678 has

224 2697 339 2733 beatas
349 2705 463 2735 curae,
497 2704 578 2737 quas
600 2704 659 2737 pro
671 2693 816 2730 Ecclesia
826 2693 954 2729 Chnisti
973 2695 1116 2731 uestrum

224 2746 367 2791 suscepit
378 2744 559 2789 Impenium
569 2768 580 2785 ‚
607 2743 648 2778 ad
660 2755 772 2787 pacem
781 2744 1115 2790 conjungerentbem

224 2807 387 2834 terrarum
401 2819 414 2836 ‚
438 2793 561 2834 &dare
574 2793 762 2830 unitionem
774 2818 786 2834 ,
814 2796 848 2829 in
859 2807 926 2839 qua
943 2807 1012 2831 non
1031 2796 1116 2834 alius

224 2846 319 2883 aliud
346 2844 430 2890 quid
452 2845 534 2888 sapit
554 2844 597 2878 de
621 2844 851 2880 Ecclefiasticis
870 2846 1115 2890 Dogmatibus,

223 2897 283 2935 „sed
296 2907 381 2931 unus
392 2896 501 2930 sensus
513 2894 654 2929 salvatur
675 2894 809 2932 &idem
830 2895 873 2929 de
883 2895 1115 2932 Humanatio-

1178 2956 1265 2994 gunt
1282 2946 1430 2982 civitates
1455 2970 1467 2986 ‚
1492 2945 1526 2979 δε
1553 2945 1677 2989 Populi
1698 2970 1710 2988 ‚
1736 2956 1835 2990 atque
1860 2944 2066 2982 Provincia>-

1177 2996 1373 3043 Superdecet
1381 2996 1506 3031 etenim
1527 2995 1636 3031 vestro
1649 2996 1793 3040 Imperio
1805 3021 1816 3037 ‚
1843 3006 1881 3030 ut
1889 2997 1955 3031 fine
1969 2996 2066 3032 turba

1178 3050 1232 3089 sit.
1257 3048 1302 3084 Bt
1313 3046 1424 3092 quales
1444 3057 1502 3081 vos
1523 3046 1621 3088 estis,
1647 3047 1817 3092 tranquilli
1838 3047 2068 3090 &mansueti,

1178 3100 1279 3138 talem
1301 3095 1460 3133 convenit
1483 3097 1547 3134 effe
1566 3097 1667 3132 etiam
1687 3103 1797 3134 rerum
1818 3096 1936 3133 statum
1948 3122 1960 3139 ‚
1985 3097 2067 3132 dum

1176 3149 1319 3186 debeant
1335 3148 1369 3187 &
1403 3148 1439 3182 in
1460 3158 1639 3185 commune
1684 3159 1802 3184 omnes
1821 3171 1833 3188 ,
1868 3149 1903 3183 &
1937 3146 2068 3193 proprie

1177 3199 1400 3245 unusquisque
1427 3198 1602 3242 complesti
1624 3197 1713 3235 hanc
1736 3199 1923 3235 unitionem
1947 3222 1959 3238 ,
1993 3209 2075 3242 qua>

1175 3260 1290 3296 praeter
1308 3259 1444 3285 omnem
1454 3250 1536 3287 faita
1546 3247 1593 3283 est
1606 3249 1693 3294 spem
1705 3274 1713 3284 .
1739 3247 1931 3284 Laudabilis
1951 3248 2067 3287 enim,

1174 3302 1211 3340 ἃς
1224 3299 1311 3346 apud
1321 3300 1434 3336 Deum
1451 3299 1590 3344 quisque
1599 3298 1712 3339 beatus
1721 3299 1767 3334 est
1781 3323 1794 3340 ,
1819 3298 1877 3342 qui
1887 3298 1989 3336 etiam
2010 3306 2068 3340 pet

1174 3352 1321 3400 singulas
1329 3359 1435 3401 partes
1445 3374 1459 3399 2
1483 3361 1555 3394 quae
1570 3351 1703 3391 fuerant
1712 3349 1849 3390 confusa
1863 3373 1877 3390 ,
1901 3346 2065 3433 telligit.

225 2959 271 2985 ne
292 2946 438 2982 Domini
461 2944 564 2983 nostri
585 2945 656 2989 Jesn
675 2943 802 2986 Christi
822 2970 831 2978 .
859 2944 953 2982 ldem
973 2946 1115 2991 sapimus

225 2998 330 3043 igitur
354 2995 493 3033 universi
514 3020 522 3029 .
562 2995 608 3030 Et
627 2993 817 3035 communis
847 2995 947 3031 nobis
967 2995 1013 3030 est
1035 2998 1115 3031 facia

226 3047 407 3088 confeffio,
432 3046 668 3082 convenientia
689 3046 914 3091 complectens
940 3043 991 3079 his
1007 3071 1019 3087 ‚
1045 3059 1116 3091 quat

225 3098 313 3133 oum
332 3098 366 3132 &
378 3098 396 3133 a
409 3097 573 3144 principio
582 3098 806 3142 exposuerunt
823 3096 937 3135 Pares
949 3121 961 3139 ‚
986 3097 1116 3135 satisfa-

225 3144 392 3183 cientibus
407 3146 504 3186 nobis
513 3147 556 3185 ad
566 3148 713 3185 invicem
724 3148 761 3184 in
770 3144 823 3185 his
831 3170 844 3189 ‚
869 3147 913 3183 de
923 3146 1044 3192 quibus
1054 3159 1116 3183 nos

226 3195 479 3241 ambigebamus
501 3222 513 3243 ‚
547 3198 748 3235 decertando
775 3206 898 3234 contra.
924 3198 1113 3235 Dominum

227 3257 341 3284 meum
361 3269 374 3286 ,
398 3246 467 3283 Dei
498 3248 767 3286 Colentiffimum
787 3249 986 3295 Epiffiopum
1007 3248 1114 3296 Cyril-

228 3298 317 3335 luuh
343 3297 415 3341 lpse
427 3294 600 3334 veronunc
610 3309 648 3333 ea
660 3322 673 3338 ‚
697 3310 769 3342 quae
788 3299 809 3336 ὲ
831 3299 1013 3337 nobismet
1031 3299 1112 3335 dire-

229 3349 282 3386 &
297 3372 312 3392 ³
324 3346 520 3397 ffiseirkmo
545 3348 579 3387 ἃ
590 3358 660 3392 ‘1¹³ae
671 3359 910 3396 componentes
916 3349 1041 3391 Pietati
1051 3360 1113 3388 tuae
