2320 3730
598 141 910 197 Senot-115,
947 152 1011 182 ετ
1044 133 1246 180 Nous
1282 147 1677 180 ILLVSTRATAE.
1795 138 1812 159 s

1903 152 1966 196 27

216 230 259 264 Et
272 227 304 263 id
319 225 404 270 quod
417 224 482 259 est.-
509 224 609 261 Filius
631 222 801 257 &ominatur
824 221 938 266 Israhel
952 225 1030 262 Dei,
1057 219 1096 262 fi-
1155 215 1287 269 scripsisse
1298 215 1459 258 Ifidorum,
1484 227 1572 260 atque
1594 224 1626 252 in
1635 220 1682 252 his
1704 223 1840 257 termille
1850 223 2033 264 scripturam

215 281 272 312 Iius
282 281 447 311 nominatur
458 280 548 308 etiam
561 279 705 307 Dominus
714 299 721 305 .
751 273 794 307 Et
808 273 840 306 id
855 272 944 317 quod
958 272 1002 306 est
1017 284 1024 304 ι
1042 273 1096 302 Di-

215 335 289 362 citur
309 327 385 359 Saul
391 324 525 364 christus
537 349 547 365 ‚
573 326 607 358 (9⁸
620 325 730 358 David
743 323 878 363 Christus
891 348 898 355 .
923 326 970 355 Et
987 320 1095 354 deinde

212 376 413 414 Babylonius.
441 378 488 408 Sic
498 378 567 419 erga·
578 376 702 408 dicimus
713 378 738 419 C}
741 374 863 415 hristum
884 377 976 406 etiam
995 373 1097 402 Domi-

211 438 288 460 num
297 423 464 467 Christum.
493 426 575 459 Haec
587 426 689 469 igitur
709 426 754 459 ita
765 432 990 466 componens,
1016 417 1098 453 &ab

217 476 289 510 aliis
299 475 491 510 abscindens
504 501 514 517 ,
541 486 576 509 ut
589 474 732 508 diximus
744 499 754 514 ,
780 471 953 507 contexuit
972 481 1027 513 per
1039 469 1098 502 ista

218 525 416 560 calumniam
429 550 439 566 ,
465 536 622 567 tanquam
645 526 667 558 si
692 524 769 568 quis*
782 534 823 556 ex
847 522 943 556 Pauli
969 518 1073 554 verbis
1089 542 1099 558 ‚

219 587 274 620 per
287 587 357 620 quae
373 575 572 609 contestatur
584 575 741 613 scribens,
768 575 852 616 ,Quia
871 570 902 613 st
917 570 1099 604 circumcida-

221 631 293 659 mini
306 650 316 664 ‚
345 626 478 666 Christus
491 626 576 659 vobis
592 624 668 658 nihil
673 624 808 665 proderit
816 644 830 664 ›‚
855 621 1030 664 ‘abrumpat
1043 616 1076 653 id
1091 642 1101 659 ,

222 675 312 719 quod
324 676 369 709 ait
380 676 467 719 prins
478 702 488 716 ,
499 679 529 709 51
539 675 784 709 circumcidamini
798 698 808 712 ‚
830 673 864 706 &
877 672 1005 706 accuset
1019 670 1101 703 Pau·

222 727 292 759 lum
302 727 390 768 quasi
406 726 643 770 praedicantem:
669 725 758 766 ,Quia
770 721 903 763 christus
927 720 1007 756 nibil
1015 718 1100 754 vobis

219 775 337 820 prodest
350 802 357 808 .

277 827 320 860 Et
342 826 421 868 quid
445 828 574 869 oportet
589 849 600 865 ,
627 834 664 859 ut
687 834 742 867 per
755 822 876 868 singula
898 822 943 858 ita
958 820 1104 857 dicendo

224 876 458 920 prolongemus
469 875 675 909 natationem
688 877 700 908 ?
726 874 923 917 Simpliciter
936 873 1047 907 multis
1059 881 1105 905 ta-

226 926 312 962 libus
326 925 552 961 &latrociniis
573 924 852 960 &additamentis
865 949 875 965 ,
901 925 983 958 ficut
1004 923 1034 957 ei
1061 922 1107 955 vi-

223 975 294 1009 sum
307 975 351 1009 est
365 1000 376 1016 ‚
404 986 518 1021 utente
529 974 659 1018 Cyrillo
670 999 680 1014 ,
691 973 932 1015 seductionibus
944 973 1011 1017 ejus
1025 983 1106 1007 mox

224 1033 291 1059 tarn
303 1024 384 1067 alii,
411 1037 509 1071 quam
521 1026 618 1063 etiam
633 1025 818 1060 Ceiestinus
836 1022 1038 1072 abreptusest
1049 1047 1057 1055 -

226 1136 321 1179 Ecce
354 1139 412 1180 his
450 1140 577 1182 verbis
607 1138 718 1195 usque
751 1138 848 1185 adeo
873 1140 1026 1193 negavit
1050 1135 1110 1177 sua

283 1195 387 1238 fuisse
397 1198 590 1238 Nestorius
600 1226 616 1247 ,¹
641 1211 724 1252 quae
745 1197 843 1251 ap'ud
855 1197 1029 1237 sanciam
1040 1195 1112 1248 Sy-

284 1255 424 1296 nodum
441 1253 661 1308 Ephefinam
681 1255 728 1294 ab
748 1267 799 1294 eo
812 1254 912 1293 dicia
929 1251 1112 1310 leguntur,

283 1323 323 1353 ut
356 1310 402 1351 fic
431 1309 467 1352 se
495 1311 595 1352 dicat
630 1311 699 1351 has
729 1312 935 1366 impietates
961 1306 1112 1349 minime

282 1366 494 1424 praedicasse
511 1396 526 1415 ,
554 1367 640 1408 ficut
661 1368 794 1410 Paulus
806 1366 1011 1421 Apostolus
1033 1365 1114 1420 post

257 1438 260 1442 ’
283 1424 565 1467 conversionem
579 1425 712 1466 docere
736 1438 813 1466 non
832 1425 954 1480 potuit
975 1453 991 1472 2
1015 1426 1114 1477 Qa

285 1482 458 1522 Christus
496 1481 591 1521 nihil
640 1480 824 1535 prodesset
868 1481 1084 1522 hominibus
1105 1512 1114 1520 .

284 1539 389 1592 Qid
406 1550 499 1594 ergo
519 1537 620 1579 aliud
643 1537 898 1593 Orientalibus
922 1536 1115 1594 Episcopis

284 1597 335 1637 ad
363 1598 625 1652 purgationem
652 1592 751 1639 suam
770 1624 783 1644 ,
812 1594 899 1642 ficut
928 1595 1083 1649 putabat
1104 1624 1116 1642 ,

284 1651 415 1698 dixisse
435 1652 641 1697 credendus,
666 1652 720 1694 est
738 1682 750 1701 ,
779 1651 847 1693 nisi
875 1654 979 1708 quod
1007 1655 1117 1694 etiam

285 1713 326 1751 in
354 1725 397 1752 ea
416 1740 428 1759 2
468 1724 580 1766 quam
607 1713 757 1752 vocavit
778 1740 791 1759 ,
833 1710 985 1752 historia
1016 1709 1116 1765 quasi

286 1781 358 1824 pro
387 1767 447 1810 sua
476 1766 723 1821 satisfactione
752 1766 999 1827 conscripsit?
1038 1767 1116 1809 Aut

287 1828 373 1879 quis
412 1828 446 1866 ei
478 1828 629 1881 neganti
659 1840 735 1867 non
775 1824 883 1866 facile
913 1827 1077 1867 crederet
1105 1854 1117 1872 2

289 1883 377 1922 dum
415 1883 540 1922 videat
579 1896 656 1921 non
695 1880 813 1921 solum
854 1882 1079 1921 Catholicos
1106 1909 1117 1927 ,

290 1935 357 1979 sed
386 1939 423 1977 δε
443 1936 634 1978 universos
658 1936 850 1985 haereticos
868 1940 955 1978 totis
977 1938 1116 1978 viribus

291 2005 371 2033 non
388 1990 508 2033 solum
528 2006 606 2032 non
627 2006 764 2047 negare
793 1995 944 2047 propria
964 1993 1118 2048 dogma-

292 2062 331 2092 ta
349 2078 365 2099 a
394 2047 458 2094 sed
478 2051 587 2094 etiam
607 2050 797 2097 vindicare
818 2048 834 2089 ?

426 2233 930 2280 ScHOLION.

339 2369 423 2404 Uod
442 2371 576 2405 Sanetus
594 2370 732 2406 Isidorus
752 2371 931 2406 Pelufiotes
953 2372 1022 2407 duo
1046 2371 1119 2415 Epi-

363 2419 518 2454 stolarum
531 2422 636 2454 millia
648 2422 813 2465 reliquerit
826 2422 976 2456 Ecclesiae
992 2448 1003 2463 ‚
1030 2422 1118 2456 testa·

394 2479 445 2501 tur
455 2470 555 2501 etiam
569 2471 601 2501 in
616 2471 672 2502 suo
686 2470 828 2503 secundo
839 2471 880 2503 ad
891 2470 1119 2512 Imperatorem

245 2518 462 2560 Justinianum
483 2517 568 2550 libro
590 2518 763 2552 Facundus
779 2519 1021 2554 Hermianenfis
1046 2519 1121 2562 Epi-

111 2568 184 2605 Cap·
197 2577 224 2602 4·
242 2568 358 2610 scopus
379 2579 389 2599 :
415 2571 469 2599 Vir
491 2567 687 2606 sanfflfflmur
709 2593 719 2607 ‚
748 2569 782 2601 (5
802 2580 920 2612 magnae
941 2575 974 2601 in
995 2568 1121 2609 Ecclefia

243 2615 461 2660 Christigloriae
474 2641 484 2656 ‚
511 2617 636 2658 Isidorus
652 2641 661 2656 ‚
690 2617 842 2656 Prerbyter
854 2621 1016 2660 AEgyptius
1038 2618 1120 2652 Peiu-

239 2666 312 2709 fiota
323 2691 334 2705 ‚
356 2677 442 2709 quem
453 2668 511 2699 duo
519 2667 612 2699 millia
623 2670 653 2698 E
651 2666 823 2709 pistolarum
845 2670 890 2700 ad
898 2668 1120 2710 aedificationem

245 2715 379 2758 Ecclesia
400 2718 486 2749 multi
493 2716 629 2760 scripfiffe
650 2726 814 2758 noverunt,
841 2723 893 2760 qui
906 2725 1061 2761 etiampro
1073 2724 1118 2753 vi-

246 2777 287 2800 tae
299 2766 559 2809 acsapiemiaesuae
570 2773 684 2800 meritis
698 2776 729 2800 ut
742 2771 835 2801 Pater
855 2771 875 2800 ἁ
888 2768 995 2802 Sant‘lo
1015 2769 1120 2807 cyrillo

247 2819 281 2851 o·
291 2817 445 2850 honoratus
461 2816 498 2857 est
511 2841 520 2856 ‚
547 2819 581 2850 (05
591 2825 725 2858 vocatus,
757 2820 813 2852 &a
827 2817 882 2851 Ad
895 2830 992 2862 quem
1006 2819 1116 2853 locum

248 2865 356 2900 scribit
369 2866 506 2910 Jacobus
516 2866 722 2901 Sirmondus:
749 2870 842 2912 ,Quod
850 2871 1012 2903 Facundus
1033 2869 1118 2911 Ifido·

247 2922 276 2949 rt·
286 2919 315 2948 E
314 2917 432 2958 pisti-las
443 2923 476 2950 in
486 2917 654 2959 universum
666 2929 798 2951 numeret
811 2919 856 2950 bis
869 2920 949 2953 mille
957 2945 966 2960 ,
996 2922 1117 2954 videras

242 2967 364 3010 fortaffe
375 2969 495 3000 Codices
518 2967 713 3009 Aca-metenfis
739 2968 1115 3010 Monasieriiconstantino-

246 3018 324 3057 poli,
348 3017 494 3059 inquibus
517 3019 639 3050 totidem
658 3019 883 3052 continebantur
895 3044 905 3059 ‚
930 3025 1116 3054 utinVetert

252 3068 454 3108 Manu-Sripto
470 3068 644 3100 adnotatum
664 3076 816 3102 invenitur
829 3070 867 3101 ab
876 3076 1000 3112 antiquo
1013 3082 1115 3104 earum

250 3119 409 3156 interprete
429 3141 439 3155 ‚
465 3117 514 3149 bis
534 3116 633 3150 verbis
659 3132 668 3161 ·‚
697 3120 768 3153 Has
788 3131 903 3154 omnes
924 3119 960 3153 Β.
982 3121 1114 3159 Isidori,

251 3163 435 3207 Presbyteri
456 3166 490 3199 δε
510 3163 646 3201 Abbatis
672 3168 841 3203 Pelusiotae
866 3194 877 3210 ,
912 3171 1055 3204 recensui
1081 3171 1115 3204 &

252 3215 401 3248 transtuli
414 3226 454 3247 ex
466 3214 691 3260 Epistolisejus
715 3219 843 3254 duobus
852 3220 997 3254 millibus
1009 3246 1020 3262 ‚
1047 3233 1116 3266 quae

252 3265 326 3298 sunt
337 3275 389 3307 per
400 3264 636 3309 quinquaginta
648 3268 823 3303 distributae
840 3271 872 3303 in
886 3271 1115 3306 Acoemetenfis

251 3314 446 3366 Monasterii
459 3313 638 3350 Codicibus
647 3319 1007 3364 vetustiffimisquatuor
1018 3346 1025 3353 .
1051 3325 1116 3355 Nec

247 3365 350 3407 plures
368 3363 507 3397 haetenus
531 3367 640 3407 triplici
658 3369 784 3403 editione
809 3377 840 3403 in
860 3373 949 3404 lucem
957 3373 1094 3414 prodiere
1105 3397 1114 3413 ‚

251 3426 340 3460 quam
358 3415 405 3447 bis
427 3416 506 3449 mille
525 3417 681 3451 tredecim.
708 3421 854 3456 Caeteeum
863 3423 908 3456 ad
916 3423 1012 3458 decem
1022 3423 1115 3458 miliia

350 3463 456 3506 Christ.
471 3468 550 3510 Lupi
562 3470 660 3509 Opera
668 3470 699 3506 T,
706 3472 731 3502 V
732 3472 770 3503 11.

1160 270 1280 301 sacram
1290 265 1445 310 exposuisse
1456 291 1466 306 ‚
1494 273 1586 301 Autor
1607 268 1644 309 est
1655 272 1766 303 suidas
1779 297 1789 311 ,
1816 274 1868 306 vel
1876 282 1960 315 quem
1973 275 2040 306 Sui-

1159 318 1215 350 aas
1239 316 1390 360 exscripfit
1411 343 1417 350 .
1447 316 1553 351 Vetus
1579 319 1665 353 istud
1687 318 1967 366 Manu-Scriptum
1992 321 2039 356 est

1161 368 1268 411 palam
1278 365 1439 401 diversum
1452 366 1470 400 a
1482 367 1592 402 nostro
1602 392 1609 399 .
1633 370 1768 403 Etenim
1779 370 1894 406 Latina
1906 372 2040 407 transla-

1164 419 1213 451 tio
1235 417 1358 452 nonest
1373 428 1540 460 concepta
1553 418 1675 453 eisdem
1700 419 1822 454 verbis.
1851 421 1894 453 Et
1907 423 2041 465 praesens

1167 467 1275 502 noster
1296 467 1414 502 Codex
1440 479 1508 501 non
1532 468 1669 503 adducit
1692 468 1831 510 omnes,
1858 469 1911 504 sed
1921 471 2043 505 solum-

1164 517 1266 551 modo
1278 518 1429 562 quasdam
1445 542 1456 558 ,
1481 516 1522 551 ad
1540 518 1686 553 Nestorii
1698 520 1831 564 negotia
1844 520 2041 564 spectanteS,

1165 568 1194 600 S.
1210 568 1323 601 Isidori
1342 568 1519 612 Epistolas.
1548 568 1592 603 Et
1614 570 1717 603 nostri
1729 569 1869 605 Codicis
1881 568 2043 604 Scholion

1166 616 1212 651 est
1230 618 1368 660 largius.
1396 618 1530 652 Interim
1552 617 1618 654 haec
1639 621 1809 662 utriusque
1829 620 1967 655 Codicis
1978 631 2047 654 ver·

1167 667 1207 701 ba
1225 690 1236 706 ,
1262 666 1389 700 Abbatis
1403 668 1570 710 Pelufiotae,
1598 670 1743 704 innuunt
1756 670 1916 706 Isidorum
1930 669 2002 714 post
2014 668 2046 703 ei

1170 718 1323 760 impactas
1335 727 1372 749 ac
1383 718 1706 765 revistasTheophili
1720 720 1914 755 patriarcha:
1926 720 2048 755 calum-

1172 766 1243 801 nias
1260 765 1412 800 receffiffe
1422 765 1463 799 ab
1474 768 1699 806 Alexandrina
1712 771 1853 806 Ecclesia
1865 790 1884 813 ,-
1903 781 1942 807 ac
1952 770 2050 804 Pelu-

1169 818 1251 851 fium
1264 815 1391 850 rediisse
1404 815 1446 850 ad
1458 816 1549 849 suum
1561 820 1799 857 Monasterium
1812 847 1819 854 .

1220 866 1300 900 Haec
1311 865 1427 906 verba,
1453 864 1656 905 Testimonium
1678 872 1759 912 quod
1772 868 1904 907 mnaeus
1923 870 2022 915 posuit
2038 893 2050 910 ‚

1169 918 1227 951 erc.
1240 917 1315 950 sunt
1328 916 1420 951 istius
1432 914 1594 964 Authoris
1604 940 1615 956 ‚
1627 918 1683 960 qui
1692 918 1748 952 has
1758 924 1875 956 omnes
1887 921 2051 965 Epistolas

1169 967 1204 1001 &
1217 965 1300 1000 Asta
1312 966 1478 1000 transtulit
1498 966 1516 1000 ὲ
1527 965 1643 1001 Graeco
1667 967 1703 1000 in
1717 967 1887 1003 Latinum.·
1916 972 2054 1005 Docent

1171 1028 1234 1052 nos
1245 1036 1256 1058 ι,
1283 1016 1373 1061 quod
1399 1016 1520 1051 Comes
1547 1041 1559 1056 ,
1578 1027 1635 1052 aut
1658 1016 1768 1061 potius
1790 1017 1968 1062 Episcopus
1991 1021 2055 1055 Ire-

1173 1078 1259 1102 naeus
1273 1091 1285 1107 ‚
1312 1064 1475 1111 Ephesini'
1491 1066 1638 1101 Concilii
1649 1067 1775 1111 juratus
1788 1065 1891 1101 hostis
1906 1092 1917 1108 ‚
1943 1070 1976 1102 ὅς
1987 1080 2055 1105 tam

1172 1116 1382 1162 blasphemiae
1391 1128 1492 1162 quam
1503 1118 1644 1161 personae
1656 1117 1860 1153 NestOrianae
1872 1118 2059 1161 pertinacis:-

1173 1169 1269 1203 sxmus
1280 1168 1453 1209 defensor,
1480 1168 1521 1203 de
1543 1168 1671 1203 laudata
1683 1168 1845 1213 Synodo,
1874 1169 1932 1201 suo
1942 1166 2059 1202 Nesto-

1175 1220 1225 1253 rio
1234 1244 1246 1259 ‚
1254 1219 1287 1253 δε
1301 1219 1424 1254 cunetis
1433 1219 1517 1254 circa
1526 1229 1583 1254 aut
1593 1229 1722 1263 propter
1733 1219 1744 1252 i
1748 1218 1950 1265 psnm‘gestis
1961 1219 2061 1254 Com-

1177 1270 1382 1303 mentarium-
1390 1270 1613 1314 composuerit
1624 1294 1635 1310 ‚
1662 1270 1716 1305 cui
1730 1270 1820 1305 dedit
1833 1279 1955 1304 nomen
1969 1272 2061 1302 :Tra-

1170 1319 1289 1363 goedia.
1320 1320 1483 1354 Occurret
1505 1322 1657 1364 frequens
1676 1321 1768 1355 >illius
1779 1320 1956 1355 memoria.
1984 1319 2062 1354 Fuit

1177 1379 1260 1413 opus
1270 1368 1413 1406 divisum
1423 1370 1458 1404 in
1470 1370 1577 1414 plures
1588 1371 1689 1406 libros
1700 1395 1711 1411 ,
1736 1382 1878 1416 quorum
1901 1381 1986 1405 unus
1995 1377 2063 1404 era-t

1178 1420 1216 1452 de
1231 1419 1357 1460 Historia
1370 1445 1378 1453 .
1404 1420 1611 1456 Continebat
1623 1421 1761 1466 plurima
1775 1436 1782 1455 ε
1810 1421 1973 1465 Epistolas
1987 1446 1997 1461 ,
2007 1421 2065 1463 Sy·

1180 1469 1289 1504 nodos
1310 1494 1322 1510 ,
1348 1470 1460 1506 sacras
1486 1470 1680 1516 Principum
1714 1472 1873 1516 Juffiones
1900 1496 1910 1511 ‚
1936 1471 2065 1514 aliaque

1180 1519 1365 1555 istiusmodi
1378 1545 1387 1553 .
1413 1521 1465 1555 Ex
1477 1522 1547 1566 ipso
1559 1520 1794 1556 Acoemetenfis
1818 1521 1954 1565 Codicis
1966 1522 2067 1555 Com·

1179 1569 1296 1613 pilator
1306 1569 1499 1616 desumpsit,
1524 1571 1607 1606 &ad
1621 1583 1684 1605 nos
1694 1571 1869 1606 transmisit
1892 1571 1948 1604 illa
1959 1592 1970 1607 ,
1996 1580 2067 1613 quae

1179 1619 1368 1663 adjuvanda
1384 1621 1530 1657 Ecclesiae
1538 1632 1576 1655 ac
1593 1619 1788 1655 instruendae
1797 1619 1979 1665 posteritati
1992 1631 2069 1653 cen·
2135 1639 2140 1644 ι

1181 1670 1244 1704 suit
1264 1670 1360 1705 utilia
1383 1671 1577 1716 &congrua
1594 1696 1601 1703 .
1629 1671 1766 1706 Etenim
1786 1680 1855 1705 erat
1868 1669 1982 1705 dolosa
1992 1681 2069 1704 con-

1181 1720 1315 1764 scriptio
1328 1745 1340 1761 ,
1360 1721 1401 1756 ad
1414 1719 1582 1766 Ephesmaef
1592 1722 1721 1765 Synodi
1748 1721 1974 1757 ausioritatem
1990 1733 2072 1755 con-

1181 1770 1388 1812 vellendam,
1414 1770 1455 1806 ad
1481 1773 1510 1807 S.
1536 1772 1658 1815 Cyrilli
1681 1772 1806 1817 Scripta
1823 1773 1858 1806 &
1881 1770 1965 1806 Asta
1989 1770 2072 1805 infa-

1180 1821 1302 1856 manda
1318 1847 1329 1863 ‚
1356 1822 1394 1857 δε
1413 1821 1461 1857 ad'
1477 1822 1626 1857 Nestorii
1648 1823 1856 1867 impietatem
1875 1821 2070 1856 diluendam

1181 1872 1335 1904 consuta.
1368 1872 1463 1904 Hinc
1487 1872 1590 1905 nostri
1609 1872 1757 1913 Major-es
1777 1874 1973 1907 censuerunt
1999 1871 2070 1905 sola

1181 1917 1248 1960 eJus
1260 1919 1353 1954 utilia
1365 1918 1462 1954 nobis
1474 1920 1747 1956 communicanda
1758 1946 1771 1962 ,
1797 1922 1831 1956 ἀ
1841 1921 2070 1966 supprimenda

1180 1976 1292 2001 coetera
1306 1992 1315 1999 .
1326 1966 1372 2000 Et
1383 1968 1459 2001 vide
1469 1968 1646 2003 effrontem
1654 1968 1879 2004 Haerefiarchae
1888 1970 2067 2004 audaciam:

1184 2016 1295 2050 Etiam
1315 2015 1477 2061 Exegeses
1501 2019 1575 2052 suas
1596 2042 1608 2059 ‚
1635 2030 1714 2063 quas
1734 2019 1775 2054 ad
1797 2019 1931 2064 plenum
1953 2019 2069 2064 Regiae

1182 2066 1328 2101 civitatis
1345 2066 1482 2102 Clerum
1495 2079 1534 2102 ac
1546 2069 1711 2113 Populum
1725 2068 1914 2111 blateraret,
1944 2069 1979 2103 δε
1989 2081 2067 2114 quas

1184 2117 1312 2162 propria
1336 2128 1436 2152 manu
1467 2118 1655 2163 subscriptas
1674 2132 1743 2155 non
1766 2120 1980 2157 solummodo
1991 2132 2069 2155 cum

1185 2166 1387 2203 solemnibus
1412 2169 1529 2203 litteris
1556 2194 1567 2211 ,
1592 2170 1647 2205 sed
1670 2171 1797 2215 insuper
1828 2183 1884 2216 per
1908 2171 2069 2205 illustrem

1189 2218 1362 2261 Bajulum‚
1390 2218 1563 2254 Valeri-um
1585 2219 1741 2266 Augustae
1766 2221 1949 2265 Maiestatis
1971 2222 2071 2255 Cubi·

1185 2268 1344 2303 cularium
1370 2293 1380 2310 ‚
1407 2269 1585 2305 destinarat
1607 2272 1648 2306 ad
1670 2272 1788 2307 Sedem
1812 2271 2039 2316 Apostolicam
2059 2296 2071 2311 ,

1184 2319 1312 2360 aliaque
1344 2320 1398 2354 sua
1410 2321 1535 2364 Scripta
1562 2322 1597 2356 &
1619 2322 1716 2357 Dicta
1729 2321 1890 2367 abnegare
1912 2333 1979 2356 non
2001 2334 2072 2356 eru-

1185 2369 1269 2403 buit.
1301 2370 1379 2404 Erat
1400 2370 1524 2405 amicus
1548 2372 1734 2417 &Collega
1749 2373 2071 2416 JulianiEclanensis

1189 2418 1342 2463 Episcopi
1366 2443 1378 2459 ,
1403 2422 1557 2456 adversus
1586 2434 1684 2466 quem
1705 2424 1839 2457 Sandius
1865 2423 2072 2466 Augustinus

1187 2467 1305 2501 merito
1316 2467 1458 2510 scripsit,
1485 2470 1576 2512 quod
1603 2472 1744 2504 frontem
1768 2482 1837 2505 non
1851 2473 1888 2503 in
1911 2473 1994 2506 fascic
2016 2483 2072 2516 ge-

1186 2525 1268 2551 reret
1281 2539 1292 2556 ,
1307 2515 1361 2550 sed
1375 2517 1434 2551 sub
1444 2519 1573 2552 axillis.
1601 2518 1786 2554 istiusmodi
1801 2520 1932 2553 interim
1944 2518 2070 2555 technae

1183 2564 1411 2601 Orientalibus
1425 2567 1595 2611 Episcopis
1606 2568 1730 2602 dudum
1759 2571 1980 2612 persuaserunt
2003 2571 2071 2605 Ne-

1184 2615 1320 2650 florium
1332 2616 1423 2651 fuisse
1435 2617 1547 2662 inique
1558 2617 1749 2653 damnatum
1762 2643 1772 2659 ,
1801 2629 1899 2663 atque
1924 2620 1968 2654 ita
1981 2621 2068 2664 ipsos

1185 2676 1414 2710 permoverunt
1433 2666 1475 2702 ad
1494 2667 1762 2702 recalcitrandum
1775 2681 1812 2703 ac
1825 2669 2067 2708 detrahendum

1184 2716 1350 2760 Ephesmo
1363 2717 1520 2752 Concilio
1533 2743 1540 2750 .
1569 2718 1755 2762 Epistolam‘
1768 2744 1778 2760 ,
1804 2720 1895 2763 cujus
1917 2719 1971 2754 hic
1985 2721 2068 2766 frag-

1183 2778 1332 2801 mentum
1355 2768 1528 2802 adducitur
1550 2792 1560 2807 ,
1587 2769 1759 2804 Nestorius
1778 2770 1819 2804 ad
1840 2771 1948 2804 nescio
1967 2782 2065 2815 quem

1182 2817 1303 2861 scripsit
1316 2817 1385 2862 post
1396 2828 1543 2862 acceptas
1554 2819 1662 2854 Sanni
1673 2820 1828 2855 celestini
1842 2820 1962 2855 litteras
1975 2846 1986 2861 ,
2013 2823 2065 2856 sui

1182 2867 1295 2902 erroris
1305 2879 1343 2902 ac
1354 2869 1567 2912 suae-personae
1577 2894 1587 2909 ,
1616 2870 1673 2904 nisi
1684 2870 1768 2906 intra
1790 2870 1902 2906 decem
1915 2871 1985 2906 dies
1997 2883 2065 2915 poe-

1183 2918 1291 2953 nitens
1301 2917 1481 2954 solemnem
1494 2919 1695 2963 palinodiam
1706 2930 1852 2961 caneret,
1879 2921 2058 2956 damnatri-

1181 2980 1233 3003 ces
1257 2993 1264 3001 .
1291 2969 1357 3003 Eas
1380 2969 1505 3012 accepit
1528 2970 1695 3014 trigesimo
1715 2971 1806 3005 istius
1826 2971 1923 3005 seculi
1941 2972 2057 3017 annm

1181 3019 1235 3053 die
1254 3020 1391 3063 septima
1413 3019 1605 3054 Decembris
1618 3045 1626 3052 .
1654 3021 1701 3055 Et
1720 3021 1756 3055 in
1772 3021 1838 3065 ipsa
1848 3021 1954 3066 pergit
1967 3032 2057 3056 men-

1180 3069 1233 3104 tiri
1253 3069 1488 3104 &calumniari
1502 3095 1508 3102 .
1536 3070 1767 3106 Calumniatur
1782 3072 1935 3106 Sanctum
1947 3071 2059 3114 Cyris·-

1180 3119 1248 3154 lum
1258 3144 1269 3161 ,
1296 3121 1385 3164 quod
1395 3121 1464 3164 ejus
1477 3119 1572 3154 verba
1582 3120 1791 3157 alteraverit':
1816 3121 1918 3170 Quod
1930 3132 1989 3164 pro
2000 3132 2056 3157 vo-

1180 3181 1235 3210 ce,
1265 3173 1367 3211 Deus,
1388 3171 1587 3214 supposuerit
1599 3182 1739 3213 vocem,
1765 3175 1890 3206 Deitas.
1918 3171 2055 3207 Etenim

1180 3219 1264 3261 haec,
1290 3221 1370 3255 teste
1381 3222 1492 3255 Mario
1506 3221 1690 3257 Mercatore
1700 3247 1712 3263 ‚
1737 3221 1772 3255 in
1781 3221 1890 3266 primo
1903 3223 2056 3258 sermone

1178 3271 1309 3305 fuerunt
1320 3270 1387 3313 ejus
1397 3271 1511 3305 verba:
1539 3275 1636 3313 Νοῦς
1659 3278 1709 3306 vir
1731 3276 1861 3315 θρωπε,
1885 3275 1988 3306 Maria
2000 3281 2054 3315 pe-

1176 3326 1254 3362 perit
1270 3324 1367 3355 Deum
1379 3345 1387 3353 .
1416 3326 1488 3354 Non
1500 3325 1619 3364 peperit
1639 3323 1772 3356 creatura
1783 3326 1954 3356 Creatorem
1965 3347 1977 3364 ,
1997 3321 2056 3365 sed

1177 3376 1290 3413 peperit
1300 3371 1445 3405 bominem
1453 3396 1465 3412 ,
1479 3374 1609 3407 Deitatis
1620 3372 1844 3414 instrumentum
1852 3399 1859 3406 .
1890 3372 2052 3407 Attamen

1179 3420 1213 3457 in
1235 3431 1375 3467 quarto,
1398 3422 1457 3467 qui
1472 3421 1516 3458 est
1536 3422 1658 3469 primus
1681 3433 1796 3461 contra
1809 3423 1960 3504 Sanfflim
1976 3419 2054 3454 Pro·

1593 3472 1625 3508 C
1674 3482 1698 3510 2
1895 3481 1913 3506 c
1925 3478 2005 3518 um,
