2320 3730
76 1645 158 1690 Cap».
177 1655 253 1685 ης..

365 170 463 203 212

676 146 1279 205 ¹'VauroauitParati
1299 152 1500 198 M'5EP·1S
1521 158 1732 215 tortas

292 238 358 272 fixit
370 230 625 272 constanti-nime
636 235 808 281 profeffus.
841 238 1023 272 Dumtaxat
1045 233 1181 278 negavit
1243 241 1303 264 nec
1314 240 1354 264 ex
1366 231 1453 266 Filio
1465 256 1476 272 ,
1502 245 1564 270 nee
1583 247 1638 279 per
1651 238 1774 273 Filium
1784 262 1796 280 ,
1822 236 1877 273 sed
1889 249 1931 273 ex
1943 239 2014 275 solo
2025 239 2132 277 Patra

291 289 385 321 suiffe
408 287 520 321 nostro
541 297 634 322 more
657 289 762 321 astum
788 298 824 321 ut
848 295 965 329 purum
988 284 1179 317 hominem.

287 337 435 380 Negavit
457 336 595 378 illustrem
610 339 694 371 illam
705 341 854 380 Unlgem‘tr
860 336 989 377 gloriam
1010 334 1056 365 illl
1066 331 1123 374 ipfi
1133 333 1180 366 ho-

286 391 364 419 min}
375 411 386 428 ‚
414 388 507 420 velun
518 390 607 422 alteri
615 394 753 429 cuiquam
764 388 784 417 ᾶ
795 388 859 417 Deo
869 382 964 417 Verbo
977 407 988 422 ,
1003 383 1174 426 adveniyse.

287 437 369 471 Hoc
390 437 479 476 enim
489 449 556 473 erat
566 431 568 434 ’
580 436 806 480 blasphemum
821 442 1048 468 commentum
1060 433 1176 468 Nesto—

285 486 349 520 rii.
377 488 566 523 Dominicae
588 495 707 521 naturae
729 492 819 519 erant
834 482 922 518 aliud
943 483 1096 523 &aliud‚
1122 483 1175 520 sed

284 547 355 570 non
365 537 449 571 alius
471 538 506 571 &
521 538 625 572 alius:
654 536 758 570 Erant
773 546 843 569 non
857 543 958 567 unum
970 557 981 572 ,
1009 532 1062 567 sed
1074 544 1175 569 unns.

283 586 377 622 Hinc
389 586 494 623 lromo
507 587 660 622 Christus
671 611 684 627 ,
708 597 783 620 cum
796 585 871 617 Deo
888 582 1000 617 Verbo
1012 594 1066 627 per
1080 585 1174 619 unio-

284 647 359 671 nem
372 636 550 673 secundum
573 636 756 681 hypostasin
770 645 855 668 unus
877 634 911 667 &
924 631 1009 668 idern
1021 659 1031 674 ,
1057 635 1171 680 ageba-

281 696 335 722 tur
356 689 569 723 &suscitatus
588 687 651 720 fuit
675 685 782 718 aDeo
809 683 946 733 Verbo>²
972 683 1025 718 sed
1049 697 1118 720 non
1135 695 1171 721 ut

279 735 386 772 homo
398 738 525 772 tantum
538 761 549 777 ‚
576 737 656 769 alter
672 733 713 767 ab
724 734 795 778 ipso
806 758 814 767 .

284 803 285 813 ι
331 785 507 820 Eutherius
520 785 650 819 invadit
673 786 822 818 ostavum
847 785 928 820 item
951 786 1168 830 Capitulum:

280 838 312 869 δι’
323 842 387 878 quis
401 835 547 868 hominem
568 835 746 878 affumptum
766 837 829 870 una
846 831 911 869 cum
925 836 989 878 ipso
1001 841 1059 871 Der·
1073 837 1170 871 Verbo

278 885 463 927 adorandum
486 910 498 926 ‚
526 895 681 928 tamquam
701 885 828 919 alterum
849 897 914 919 cum
937 887 1031 920 altero
1048 887 1169 928 existen—

275 945 337 977 tem
348 960 358 975 ,
385 936 480 969 dicere
501 934 588 978 ausus
605 936 706 978 fuerit
721 960 732 975 ,
757 937 791 969 (τ
803 948 862 969 non
875 947 937 970 una
944 938 1044 978 potius
1057 939 1169 971 adora-

275 991 355 1025 tione
375 987 602 1020 Emmanuelem
626 985 751 1021 honorat
763 1011 774 1027 ,
803 995 951 1030 quatenus
966 988 1094 1021 Verbum
1107 988 1168 1029 fa-

273 1035 351 1068 erum
369 1035 407 1075 est
419 1041 497 1070 Caro
511 1061 530 1077 ‚A
548 1035 710 1071 anathema
723 1036 764 1077 fit
778 1062 785 1069 .
814 1038 860 1071 Et
873 1037 1054 1072 exclamat:
1083 1040 1165 1080 ,Quis

273 1087 344 1118 vero
356 1088 465 1120 incidit
476 1088 497 1119 ai
508 1086 601 1120 Verbo
614 1090 746 1124 Carnem
761 1110 772 1126 ‚
798 1088 832 1121 ὦ·
838 1086 952 1129 ficfhrt
962 1088 1167 1120 adorationem

272 1135 406 1169 debitam
432 1137 445 1170 ?
471 1135 619 1171 Accusat
645 1137 812 1179 Cyrillum
835 1161 846 1176 ‚
886 1137 976 1179 quod
1000 1137 1043 1171 de
1065 1137 1165 1171 incisa

271 1184 415 1219 Domini
439 1188 577 1230 persona
596 1187 815 1221 calumnietur
834 1186 1025 1220 Nestorium
1038 1212 1050 1227 ,
1077 1189 1164 1222 ideo-

271 1235 460 1279 que.&ipse
482 1236 571 1272 hunc
595 1237 729 1272 credens
757 1235 1008 1278 orthodoxum,
1034 1238 1161 1272 &resta

269 1285 476 1322 denomino
501 1288 665 1329 sentiens,
690 1287 820 1322 videtur
840 1298 908 1321 non
933 1287 1080 1332 dogma,
1109 1288 1160 1322 sed

267 1335 370 1370 solam
393 1336 603 1373 haerefiarchae
625 1340 796 1382 personam
819 1337 969 1372 dilexisse
992 1364 998 1370 .

268 1384 467 1422 Nestoriana
484 1389 550 1423 Dei
575 1388 678 1423 Verbi
701 1387 898 1432 &assumpti
923 1386 1070 1422 hominis
1090 1399 1161 1422 coa—

266 1435 583 1473 doratiomanifeste
594 1438 750 1473 fundatur
763 1440 796 1472 in
810 1438 946 1483 gemina
963 1437 1141 1481 Hypostafi
1153 1463 1160 1470 .

266 1485 405 1521 Avitam
420 1488 568 1524 Ecclefiae
590 1489 690 1522 fidem
713 1489 882 1533 insigniter
893 1488 1032 1532 exponit
1050 1487 1161 1523 nescio

265 1537 340 1579 quis
361 1537 506 1572 eruditus
517 1538 769 1582 Anonymusin
790 1539 929 1579 litteris,
955 1538 1161 1572 exstantibus

264 1586 304 1620 in
328 1588 472 1630 praesenti
501 1589 637 1630 codice,
661 1589 702 1623 ad
717 1590 828 1623 nescio
850 1600 949 1632 quem
975 1588 1160 1629 Illustrem,

264 1637 454 1681 cupientem
478 1639 568 1672 noffe
588 1639 623 1671 in
641 1651 709 1682 quo
730 1639 886 1673 deviasset
911 1637 1099 1682 Eutyches:
1127 1641 1160 1671 51

264 1694 333 1731 quis
345 1686 470 1722 nostrum
483 1696 657 1730 purpuram
683 1698 736 1722 aut
751 1690 893 1722 diadema
907 1691 1015 1732 Regale
1020 1692 1159 1732 jacentia

265 1744 409 1774 inveniat
420 1763 431 1779 ‚
456 1741 596 1781 nunquid
606 1751 641 1772 ea
654 1739 808 1775 conabitur
817 1742 944 1773 adorare
957 1740 974 1771 ἒ
1001 1743 1074 1773 Mox
1086 1742 1159 1773 vero

263 1797 299 1824 ut
317 1800 354 1822 ea
366 1791 431 1821 Rex
452 1790 579 1822 indutus
593 1788 691 1830 fuerit
704 1813 715 1828 ,
738 1792 903 1831 periculum
923 1795 1030 1822 morn'r
1064 1796 1156 1822 incur-

264 1843 308 1873 rit
321 1863 330 1878 ‚
351 1839 454 1880 siquis
467 1849 503 1871 ea
510 1838 597 1881 simul
611 1849 674 1871 cum
688 1842 764 1882 Rege
783 1841 910 1872 adorare
929 1838 1139 1881 contempserit
1149 1863 1156 1871 ,

269 1893 320 1921 Ita
334 1887 444 1928 christi
472 1890 595 1921 Domini
617 1888 703 1928 nostri
721 1888 891 1930 perfedam
916 1888 1158 1929 humanitatem,

263 1950 323 1973 non
341 1937 436 1981 solam
461 1940 645 1979 &nudam,
667 1938 725 1981 sed
745 1942 916 1971 Divinitas}
931 1938 995 1980 suae
1020 1946 1135 1971 unitam
1149 1963 1157 1978 ,

263 2000 357 2022 unum
374 1999 407 2019 ac
432 1988 558 2020 eundem
584 1990 640 2019 Dei
653 1989 787 2027 Fulum,
815 1991 916 2021 Deum
937 2000 1042 2020 verum
1065 1988 1156 2022 &ho-

265 2043 377 2072 minem
398 2048 505 2070 verum
521 2060 533 2076 ,
551 2035 654 2078 siquis
676 2039 803 2069 adorare
826 2036 1031 2077 contempserit
1044 2057 1054 2072 ‚
1073 2047 1157 2067 ‹crer-

262 2098 339 2122 nam
349 2095 470 2119 mortem
478 2091 614 2128 patietur
624 2110 631 2116 .
664 2085 833 2118 Nestorius
845 2083 1006 2128 hypostasi
1017 2084 1155 2117 divisum

262 2136 284 2171 ἢ
296 2139 372 2172 Deo
385 2137 499 2171 Verbo
523 2135 694 2169 hominem
717 2133 900 2166 co-adorari
911 2133 1018 2166 voluit
1028 2157 1038 2172 ‚
1070 2134 1156 2167 ideo-

264 2200 331 2231 que
348 2186 483 2220 Sanetus
503 2183 650 2226 Cyrillus
675 2182 770 2216 illum
793 2181 962 2220 restiffime
983 2183 1092 2227 arguit
1115 2183 1157 2218 de

266 2233 554 2278 Anthropo—latria
565 2257 574 2265 -
1027 2230 1030 2233 ’

318 2283 493 2320 Eutherius
505 2282 630 2318 invadit
644 2290 772 2318 nonum
795 2294 927 2327 quoque
939 2282 1155 2327 Capitulum:

267 2341 301 2373 st
318 2343 384 2381 quis
407 2346 498 2369 unum
508 2336 667 2368 Dominum
690 2333 817 2374 nostrum
831 2333 945 2378 Jesum
977 2333 1157 2373 Chrrstuma

267 2392 381 2430 Spiritu
402 2385 508 2419 sam‘lo
525 2395 681 2427 tamquam
702 2390 816 2418 virtute
838 2386 858 2416 ἃ
866 2384 901 2427 se
911 2384 1157 2427 alienaglorifica·

267 2450 332 2473 tum
355 2439 488 2476 dixerit,
515 2437 728 2480 efficaciamque
740 2459 752 2475 ,
777 2446 839 2477 qua
858 2444 962 2467 contra
987 2435 1155 2467 immundos

266 2492 399 2532 Spiritus
412 2495 543 2520 ureretur
556 2511 567 2527 ,
594 2487 628 2520 ό·
640 2489 760 2518 Divina
773 2491 852 2518 inter
876 2484 1008 2517 homines
1031 2489 1157 2518 miracu·

270 2542 302 2574 la
313 2547 481 2581 operaretur
493 2562 503 2578 ,
529 2537 568 2570 ab
579 2535 643 2579 ipso
655 2536 757 2568 eodem
778 2537 910 2575 accepisse
915 2535 1133 2575 praedicaverit
1147 2559 1157 2576 ,

270 2591 304 2623 eb·
316 2601 374 2623 non
398 2593 555 2631 proprium
573 2596 608 2618 ac
631 2585 803 2617 naturalem
823 2585 904 2617 illius
928 2584 978 2625 effi:
988 2586 1155 2625 Spiritum,

266 2648 323 2682 per
347 2650 431 2680 quem
458 2640 576 2669 Divina
593 2633 680 2677 figna
703 2634 820 2673 edidit,
846 2632 1005 2666 anathema
1009 2632 1065 2675 fit.
1093 2636 1155 2668 De-

266 2687 340 2724 nuo
358 2686 552 2721 vociferatur
575 2682 840 2718 anathematizari
864 2695 933 2717 non
947 2683 1088 2718 Paulum
1113 2686 1155 2717 so·

269 2736 447 2773 lummodo
471 2734 693 2779 Apostolum,
720 2731 776 2777 qui
796 2735 986 2769 Dominum
1008 2734 1156 2778 scr-ipfita

269 2788 393 2832 Spiritu
419 2787 537 2820 Sanc-„to
563 2785 773 2828 justificatum
796 2808 807 2824 ‚
835 2785 889 2818 sed
919 2785 1023 2829 ipsum
1056 2785 1155 2818 etiam

269 2837 458 2873 Dominum
472 2861 483 2877 ,
509 2835 614 2881 quiin
630 2837 684 2869 sua
706 2835 934 2878 praedicatione
945 2834 1100 2878 professus
1111 2834 1157 2868 est

269 2889 445 2923 Dat-monia
467 2887 485 2920 ὲ
499 2888 530 2920 se
549 2885 625 2930 ejici
647 2886 681 2919 in
697 2886 817 2930 Digito
831 2886 915 2927 Dei,
943 2885 1009 2919 hoc
1028 2885 1095 2926 est,
1121 2883 1156 2918 in

270 2939 393 2982 Spiritu
417 2938 535 2971 Sancto
559 2962 566 2969 .
610 2936 760 2970 Ermaia.
784 2936 902 2970 iterum
930 2935 1047 2971 fundat
1066 2935 1158 2969 calu-⁹

271 2988 396 3023 mniam
412 3013 418 3020 .
447 2988 580 3022 Etenim
593 2987 786 3030 Capitulum
797 2987 982 3022 nullatenus
995 2985 1158 3020 inficiatur

272 3039 460 3072 Dominum
473 3050 528 3082 per
540 3038 677 3081 Spiritus
699 3037 804 3072 Sancti
817 3037 969 3072 virtutem
981 3036 1074 3071 fuisse
1084 3046 1160 3078 ope·

274 3098 379 3120 ratum
400 3113 410 3128 ‚
436 3100 491 3122 aut
517 3089 550 3121 in
570 3089 641 3131 ipso
674 3089 910 3122 sanctificatum
934 3103 945 3123 .-
973 3089 1157 3123 Dumtaxat

275 3138 441 3170 inficiatur
464 3138 557 3171 illum
578 3137 761 3172 &Domino
774 3139 865 3173 fuisse
875 3139 1036 3172 alienum.
1062 3135 1157 3170 Affir-

276 3194 344 3218 mat
371 3186 464 3219 illum
489 3187 582 3220 fuisse
602 3188 633 3219 ei
646 3190 824 3223 naturalem
844 3200 881 3221 ac
896 3189 1058 3231 proprium
1071 3212 1078 3218 .
1107 3186 1157 3218 Ex

276 3234 346 3278 ipso
357 3257 368 3273 ‚
395 3244 448 3267 aut
461 3247 514 3276 per
524 3236 629 3278 ipsum
640 3248 681 3269 ex
693 3238 788 3272 Patre
799 3238 974 3282 proceffiffe
986 3262 993 3269 .
1021 3237 1159 3279 Propter

276 3285 437 3318 unitatem
452 3283 631 3326 hypostasis
642 3309 649 3316 .
678 3286 728 3318 Ex
741 3287 807 3322 hoc
828 3288 986 3331 Capitulo
998 3284 1158 3319 Theodo-

276 3344 363 3375 εοεαε
374 3334 498 3377 accepit
509 3334 621 3367 ansam
633 3331 812 3372 blaterandi
830 3338 986 3384 Spiritum
1006 3337 1158 3371 Saniium

1027 1338 1161 1372 Etenim
1198 1370 1203 1375 ,

1240 282 1439 323 procedere.
1467 281 1761 343 Erroremmsturn,
1783 289 1862 323 licet
1881 301 1951 324 non
1973 291 2123 326 initiave-

1238 331 1300 372 rit,
1327 341 1435 365 tamen
1449 324 1662 379 propagavit·
1686 335 1862 381 Qiillum
1872 340 2047 382 opinantur
2058 342 2123 376 esse

1238 382 1351 416 erroris
1375 381 1567 427 authorem,
1595 384 1782 420 falluntur.
1809 387 1896 421 Eum
1916 388 2047 426 haufita
2062 393 2121 426 suo

1236 432 1415 477 Magistro
1440 433 1626 469 Theodoro
1656 434 2058 479 Mopsuestienfi.1>2tet
2077 452 2120 476 ex

1236 483 1331 527 hujus
1353 484 1508 519 scelerato
1532 485 1726 528 Symbolo,
1734 484 1895 521 damnato
1916 498 1971 530 per
1990 489 2119 534 Ephefi-

1234 546 1310 569 nam
1333 534 1529 577 Synodum.
1558 535 1615 570 An
1634 536 1700 579 ipse
1721 533 1924 571 Theodorus
1940 538 1977 572 fit
1998 540 2121 582 primus

1234 584 1372 626 author,
1383 596 1450 619 non
1464 585 1509 619 est
1523 586 1618 629 plane
1629 596 1775 620 certum
1803 586 2119 633 Traduxiffeipsum

1235 635 1328 679 poffit
1338 646 1380 669 ex
1391 636 1449 669 suo
1460 636 1620 681 Magistro
1632 636 1786 672 Diodoro
1794 636 2026 674 Tharseufium
2042 635 2125 684 Epi.

1233 688 1331 729 scopo
1344 710 1351 717 .
1380 686 1450 719 Hic
1462 687 1550 720 enirn
1563 711 1574 727 ,
1602 688 1679 730 quia
1701 687 1735 720 in
1748 688 2120 732 Constantinopolitana

1233 736 1372 779 Synodo
1387 736 1451 769 fuit
1463 747 1580 780 potens
1589 749 1688 781 opere
1707 750 1745 772 ac
1757 739 1905 772 sermone
1914 762 1925 778 ,
1953 739 2049 782 poffit
2061 738 2120 775 Pa·

1232 797 1296 820 tres
1311 797 1366 830 per
1376 796 1476 819 artem
1489 787 1672 827 induxisse,
1700 798 1735 822 ut
1747 789 1908 831 Symbolo
1922 789 2098 825 insererent
2108 804 2121 823 z.

1231 839 1391 870 ExPatre
1396 839 1552 878 procedit.
1580 837 1637 871 Est
1664 838 1795 872 alterius
1806 839 1891 873 loci.

1304 885 1480 921 Eutherius
1502 887 1631 922 invadit
1651 888 1685 922 ὃς
1708 888 1874 923 decimum
1902 889 2120 933 Capitulumt

1230 940 1260 971 51
1280 942 1346 980 quis
1369 938 1483 970 dixerit
1495 938 1669 980 Pontificem
1692 939 1897 980 &Apostolum
1920 940 2046 980 nostrum
2058 952 2119 974 non

1228 988 1279 1030 effe
1291 986 1387 1030 ipsum
1406 990 1465 1021 Der
1487 988 1635 1030 Verbum,
1657 988 1810 1030 postquam
1830 1001 1897 1022 caro
1911 989 2034 1031 fabium
2057 989 2098 1030 est
2110 1013 2124 1032 ,

1225 1035 1283 1079 sed
1308 1037 1456 1071 bominem
1481 1039 1564 1071 illum
1592 1063 1604 1079 ,
1641 1044 1693 1081 qui
1726 1050 1765 1072 ex
1790 1041 1912 1073 muliere
1937 1049 2029 1073 natur
2055 1039 2119 1081 est,

1230 1086 1315 1129 quafi
1323 1087 1450 1121 alterum
1461 1093 1630 1129 quempiam
1640 1089 1737 1120 abillo
1748 1087 1903 1132 diversum
1914 1113 1925 1129 ,
1952 1088 2120 1123 anathema

1223 1136 1262 1178 fir
1275 1161 1282 1168 .
1310 1135 1464 1170 Affirmat
1485 1146 1661 1181 repugnare
1682 1137 1848 1180 Apostolo
1868 1161 1880 1178 ,
1906 1139 1964 1182 qui
1984 1139 2026 1173 ad
2049 1139 2119 1174 He-

1231 1187 1331 1221 braeos
1358 1187 1478 1230 scripsit
1501 1198 1570 1220 non
1590 1186 1703 1221 Deum
1726 1186 1876 1222 Verbum
1899 1210 1910 1227 ,
1934 1188 1988 1222 sed
2010 1189 2119 1232 Jesum

1230 1235 1399 1272 Christum
1437 1238 1500 1270 effe
1525 1238 1641 1272 nostrae
1676 1237 1889 1275 confeffionis
1914 1237 2119 1282 Apostolum

1228 1297 1322 1330 atque
1344 1285 1541 1320 Pontificem
1562 1312 1570 1320 .
1598 1287 1754 1322 Affirmat
1776 1288 1897 1332 Cyrilli
1917 1288 2092 1324 articulum
2105 1312 2119 1330 ‚

1229 1340 1307 1370 Deus
1321 1336 1449 1370 Verbum
1461 1336 1499 1377 est
1514 1337 1607 1377 noster
1619 1337 1767 1379 Apostolus
1779 1361 1790 1377 ‚
1817 1349 1851 1371 ac
1864 1339 2006 1380 Pontifex
2017 1364 2028 1380 ‚
2054 1341 2123 1374 effa

1229 1385 1469 1420 intolerabilem
1484 1398 1605 1420 vocum
1617 1389 1802 1422 novitatem
1813 1413 1821 1420 .
1843 1386 1987 1422 Videtur
2007 1387 2120 1432 potius

1228 1435 1389 1480 phrasim,
1416 1437 1471 1471 seu
1484 1435 1643 1480 loquendi
1656 1438 1815 1478 modum,
1841 1434 2122 1481 quamsententia'

1226 1486 1438 1521 substantiam
1449 1486 1603 1522 invadere
1615 1513 1623 1520 .
1651 1487 1790 1522 Perszstit
1812 1489 1847 1522 in
1861 1489 1919 1522 suo
1930 1487 2093 1533 principio
2103 1511 2117 1529 ,

1224 1549 1291 1582 quo
1313 1537 1428 1571 omnia
1453 1537 1656 1572 infirmitatis
1678 1539 1837 1573 idiomata
1872 1537 1942 1572 vult
1975 1537 2124 1574 adscribi.

1226 1599 1292 1621 non
1315 1587 1389 1620 voci
1411 1611 1423 1628 ‚
1449 1588 1532 1620 Deus
1558 1611 1570 1626 ‚
1596 1586 1651 1621 sed
1678 1589 1757 1622 voci
1779 1611 1790 1627 ,
1817 1587 1951 1628 cbristus
1974 1586 1996 1620 .’
2018 1583 2121 1626 Huic„

1223 1638 1313 1672 enim
1329 1637 1493 1680 principio
1508 1635 1664 1671 innititur
1673 1637 1786 1672 omnis
1800 1636 1860 1671 ille·
1870 1635 1982 1678 Liber,
1990 1638 2048 1680 qui
2059 1637 2118 1671 in·-

1223 1698 1269 1722 ter
1292 1686 1412 1732 Magni
1438 1685 1612 1720 Athanafii
1636 1689 1746 1730 Opera
1765 1688 1893 1721 exstans
1915 1686 2011 1721 habet
2022 1685 2120 1725 huno.

1223 1737 1382 1772 titulum:
1412 1734 1598 1779 Disceptatlo
1609 1738 1775 1771 adversum
1797 1747 1864 1777 eos,
1889 1742 1940 1779 qui
1954 1742 1985 1769 in
1999 1734 2118 1771 verita·

1223 1797 1251 1821 te
1262 1788 1463 1825 diiudicanda
1478 1787 1625 1828 seruntur
1642 1788 1756 1828 judicio
1773 1785 1866 1830 solius
1887 1788 2112 1822 multitudinis.·

1224 1836 1280 1870 Est
1293 1836 1376 1871 liber
1395 1837 1491 1880 hujus
1506 1835 1678 1873 Eucherii.

1272 1886 1377 1922 Porro
1402 1887 1472 1921 haec
1489 1886 1671 1931 disputatio
1690 1886 1709 1921 ὲ
1734 1889 1853 1922 Sancto
1878 1888 1999 1923 Proclo
2016 1867 2122 1924 duxiti

1222 1939 1415 1982 originem.
1445 1939 1538 1971 Dum
1560 1937 1783 1972 Nestorium*
1774 1950 1809 1971 in
1834 1939 1942 1983 Regia
1962 1938 2117 1973 civitate

1221 1988 1321 2030 coepit
1355 1988 1394 2021 ad
1423 1987 1589 2030 Populum
1624 1998 1753 2021 vomere
1783 1989 1855 2022 fuas
1876 1988 2116 2032 blasphemias,

1222 2036 1494 2074 Presbyter-orum
1522 2038 1650 2077 plures,
1676 2037 1754 2070 licet
1776 2036 2001 2078 Orthodoxi5
2030 2049 2116 2072 vere·

1221 2082 1339 2116 bantur
1349 2082 1528 2115 declamare
1544 2083 1579 2114 in
1604 2086 1697 2117 suum
1711 2085 1911 2129 Episcopum
1926 2111 1933 2118 .
1961 2088 2009 2120 At
2033 2085 2114 2123 werd

1219 2131 1354 2166 Sanetus
1363 2131 1501 2166 Procius
1521 2135 1588 2167 erat
1599 2132 1617 2165 ὲ
1633 2133 1782 2168 Nestorii
1792 2135 2007 2169 -Anteceffore
2018 2136 2117 2170 Sisin-

1221 2183 1278 2216 nio
1305 2182 1486 2225 Cyzicenis
1522 2183 1690 2216 ordinatus
1711 2191 1725 2224 ¹,
1749 2193 1784 2217 at
1811 2184 1854 2218 ab
1880 2184 1955 2227 ipfis
1980 2180 2115 2227 rejestus

1222 2233 1425 2275 Episcopus,
1453 2231 1593 2275 ideoque
1618 2232 1770 2267 manebat
1794 2233 2116 2278 Constantinopoli3

1220 2282 1389 2316 nemiuem
1417 2291 1580 2316 metuens.
1610 2282 1703 2316 Hinc
1726 2283 1834 2318 statim
1860 2284 1947 2318 foeda
1960 2283 2115 2319 Nestorii

1219 2332 1377 2377 dogmata
1394 2332 1564 2366 insectatus
1578 2332 1622 2366 est
1635 2333 1676 2366 ad
1691 2331 1881 2376 Populum,
1907 2345 1944 2367 ac
1958 2334 1992 2367 in
2005 2334 2113 2385 prima

1220 2382 1386 2417 concione
1408 2382 1495 2415 dixit
1506 2381 1546 2415 de
1559 2380 1692 2415 Christo
1706 2384 1873 2416 Domino:
1903 2388 1929 2416 0
1942 2381 2086 2424 templum
2096 2403 2112 2424 5

1218 2438 1251 2465 in
1275 2443 1333 2475 quo
1354 2436 1438 2465 Deus
1466 2431 1572 2473 sallus
1595 2431 1633 2471 est
1660 2433 1799 2466 sacerdos
1824 2458 1832 2465 .
1868 2432 1913 2466 Et
1936 2431 2114 2467 Nestorius

1220 2482 1362 2517 statim'
1353 2495 1388 2516 in
1413 2482 1520 2525 primo
1547 2482 1695 2516 sermone
1716 2483 1858 2524 reposuit
1880 2496 1891 2516 .-
1919 2484 2005 2525 ,Quia
2023 2485 2111 2516 Deus

1220 2532 1365 2574 Pontifex
1368 2532 1474 2573 sallus
1488 2530 1546 2571 est,
1565 2531 1651 2571 ferre
1661 2535 1835 2573 nonpoffum
1847 2556 1854 2562 .
1881 2533 1913 2564 51⁶
1932 2538 2013 2565 enim
2022 2535 2112 2566 Deus·

1219 2581 1329 2627 opifex
1345 2581 1382 2620 est
1404 2583 1439 2613 (5
1452 2579 1596 2620 Pontifex
1608 2603 1619 2619 ,
1644 2582 1730 2623 cujus
1751 2582 1772 2612 ιὶ
1784 2581 1978 2622 Pontificibus
1997 2576 2108 2624 logatlo

1218 2631 1387 2666 exbibenda
1397 2629 1435 2669 est
1446 2654 1453 2661 .
1487 2629 1535 2662 Ea
1550 2630 1730 2672 propositio
1750 2630 1856 2673 ipsum
1868 2629 1951 2663 adeo
1963 2640 2106 2665 momor-

1217 2682 1266 2716 dit
1285 2705 1296 2722 ,
1335 2689 1374 2713 ut
1398 2680 1490 2721 super
1525 2677 1727 2721 Apostolicis
1755 2680 1796 2717 de
1817 2679 1940 2713 Christi
1961 2679 2107 2715 Domini

1218 2731 1419 2766 pontificatu
1441 2726 1481 2762 ad
1497 2727 1652 2762 Hebraeos
1677 2729 1783 2762 verbis
1806 2728 1958 2764 habuerit
1969 2730 2105 2775 fingule-

1219 2793 1286 2816 rem
1301 2781 1495 2814 Trastatum
1508 2802 1518 2817 ‚
1545 2779 1578 2812 &
1590 2777 1725 2811 dixerit:
1757 2781 1788 2812 51·
1799 2783 1877 2813 Deus
1890 2779 2032 2822 Ponrifhvr
2041 2779 2105 2822 est,

1218 2838 1284 2875 quis
1306 2836 1362 2865 ern
1381 2834 1432 2872 qui
1453 2828 1539 2869 officio
1561 2830 1623 2869 ejus
1655 2829 1762 2862 debeat
1786 2830 1861 2863 coli?
1887 2829 1986 2863 Dixit
2009 2831 2105 2874 plura

1219 2879 1409 2916 istiusmodi·
1421 2879 1618 2922 sophismata
1632 2904 1639 2911 .
1668 2879 1795 2913 Pluries
1805 2879 1896 2913 istam
1909 2880 2101 2923 propositio·

1219 2940 1293 2968 nem
1316 2931 1351 2965 &
1364 2929 1463 2963 verbo
1484 2928 1666 2971 &„Script0
1691 2930 1736 2963 est
1751 2931 1950 2973 persecutus.
1979 2929 2100 2964 Voluit

1217 2983 1297 3019 dici.-
1321 2979 1455 3021 cbristus
1466 2978 1503 3018 est
1515 2979 1667 3020 Pontifex.
1694 2975 2107 3024 Hinctandemadipsuin-

1220 3031 1491 3076 compescendum
1512 3030 1646 3063 Sanstus
1671 3028 1817 3073 Cyrillus
1842 3030 1947 3064 emisit
1967 3031 2107 3073 praesens*

1219 3081 1433 3126 Capitulum:
1460 3079 1616 3112 Notanda
1637 3080 1711 3113 sunt
1738 3080 1888 3114 Eutherii
1907 3079 2000 3115 verba
2022 3093 2030 3112 ι
2058 3082 2099 3113 σι·

1214 3143 1270 3177 per
1289 3131 1340 3165 boc
1367 3142 1432 3165 eum
1460 3130 1625 3163 Facturum
1637 3142 1747 3172 quoque
1754 3137 1946 3172 pronuntiet.
1973 3129 2108 3164 Existi-ia

1219 3192 1287 3219 mat
1296 3180 1509 3226 Apostolatus
1526 3192 1562 3214 ac
1582 3180 1796 3215 pontificatus
1811 3180 2014 3215 Attributum
2035 3181 2104 3214 effe

1219 3230 1471 3268 creaturvadeo
1491 3232 1624 3264 affixum
1637 3255 1647 3271 ‚
1673 3240 1709 3264 ut
1729 3231 1805 3265 Deo
1824 3231 1937 3265 Verbo
1961 3242 2021 3264 nec
2039 3236 2103 3272 pa·

1221 3285 1418 3319 idiomatum
1444 3281 1714 3316 communionem
1742 3289 1838 3322 queat
1864 3278 2001 3314 adscribi
2022 3290 2031 3311 ε
2056 3284 2095 3310 ut

1221 3334 1348 3370 censeat
1370 3332 1469 3367 talem
1492 3331 1756 3376 praedicationern
1774 3330 1837 3368 effe
1850 3329 2022 3413 Atiam}-
2050 3325 2100 3363 Ee

2005 3386 2046 3413 oc
