2320 3730
625 154 936 212 Scnotns,
973 170 1035 200 ετ
1067 152 1264 201 Nous
1300 164 1694 199 erusTRArAE.

232 241 270 276 ab
279 247 397 276 erronea
405 237 537 279 opinione
548 259 560 276 ,
584 246 643 279 qua
653 237 809 272 tenebatur
821 261 832 278 ,
862 249 929 271 eum
939 235 1085 269 abducere
1096 258 1107 276 ,

231 295 267 328 ό·
282 291 328 323 ad
345 292 487 321 veritatis
513 292 665 320 tramitem
689 287 858 330 transferre
879 296 1000 322 conatus
1017 285 1107 328 sum,

230 349 313 383 eoque
322 337 466 371 bominem
475 338 618 380 induxisse
624 338 754 372 videbar
766 362 777 379 ‚
802 346 835 372 ut
841 336 876 381 se
891 338 992 372 verbis
998 334 1108 379 saitem

227 389 269 423 ab
288 399 323 422 ea
329 386 486 430 sententia
508 388 632 431 recefflsse
641 388 809 430 fateretur.
836 392 988 421 Caeterum
1010 386 1108 419 decem

227 447 282 471 aut
291 439 442 472 duodecim
464 439 579 471 dierum
589 441 747 472 intervallo
757 437 912 478 interjecto
920 460 933 478 ‚
959 432 1108 477 intermis-

223 487 295 533 sam
313 486 552 532 disceptationem
574 489 666 522 denuo
678 491 917 530 redintegramus
938 500 945 519 ;
972 490 1107 528 Cumque

227 550 282 582 ego
306 543 449 572 veritatis
466 543 665 579 patrocinium
683 537 865 582 suftepiffem
886 560 900 578 ‚
923 534 1106 578 deprehendi

225 589 311 622 illum
331 590 366 622 (tt
385 592 509 621 veritati
529 587 608 631 serio
630 589 722 623 obniti
743 610 755 627 ,
780 588 815 621 Θ·
836 591 869 621 in
890 587 970 621 duas
989 595 1104 630 graves

228 637 428 681 absurditates
443 636 533 679 fimul
544 637 675 681 prolabi.
705 640 807 670 Primo
821 648 950 679 namque
970 647 1009 670 ex
1020 636 1103 673 illius

227 694 460 732 interrogatione
478 713 490 729 ‚
515 700 583 732 quae
603 699 662 720 mm
681 695 796 729 parum
815 691 922 729 inepta
944 695 1015 721 erat
1034 710 1046 727 ,
1073 687 1106 719 σᾶ

227 738 433 783 responsurum
452 741 572 782 adigere
588 738 822 779 contendebam,
849 746 885 771 ut
909 738 962 772 vei
970 740 1106 780 Unigeni-

226 797 292 823 tum
301 794 495 822 Incarnatum
517 787 723 829 inficiaretur,
749 789 803 822 vel
824 789 906 822 certa*
919 812 931 828 ‚
957 787 1040 829 quod
1049 791 1106 819 im·

224 844 310 882 pium
333 849 418 879 erat,
440 841 562 870 Patrem
583 839 772 880 &Spiritum
792 838 935 872 Sandum
956 848 1017 871 una
1041 847 1106 871 cum

226 889 322 924 Verbo
342 899 461 921 carnem
477 886 623 931 sumpsisse
640 888 830 931 profiteretur
844 914 851 921 .
877 889 974 932 ,Quod
993 891 1104 920 mentIs

225 946 293 972 erat
309 935 524 979 perverfiffimae
546 962 559 979 ‚
584 940 619 976 Θ·
634 943 723 981 piam
738 939 831 982 fidem
851 941 947 972 modis
969 936 1104 970 omnibus

224 995 359 1022 evertere
373 996 515 1030 paratae-
540 991 624 1021 Mota
644 990 754 1023 deinde
774 990 874 1023 altera
897 993 1106 1025 concertatione

225 1035 393 1080 Episcopus
416 1037 558 1079 quidam,
583 1043 636 1080 qui
654 1038 918 1082 ipfiadhaerebat,
941 1036 1107 1083 sermonem

223 1091 396 1128 excipiens,
420 1087 515 1120 alium
535 1087 675 1131 afferebat
695 1090 747 1132 esse
763 1089 882 1131 filium,
909 1095 963 1132 qui
983 1097 1107 1122 mortem

219 1135 351 1180 subierat
376 1161 388 1177 ‚
414 1138 449 1171 Θ
474 1138 568 1170 alium
597 1144 669 1172 item
697 1142 796 1173 Deum
820 1139 950 1175 Verbum
966 1165 975 1172 .
1002 1141 1108 1182 ,Quam

222 1185 443 1229 blasphemiam
462 1189 593 1229 amplius
609 1188 696 1230 ferre
715 1200 774 1223 non
800 1190 910 1224 valens
928 1215 940 1230 ,
967 1188 1106 1223 omnibus

222 1235 415 1278 consalutatis
435 1237 524 1270 abivi
540 1262 547 1268 .
576 1239 692 1272 Aderat
711 1237 772 1280 ipfi
789 1239 824 1272 Θ·
846 1240 977 1281 quidam
1002 1238 1083 1271 alius
1097 1262 1107 1277 ,

221 1286 406 1332 quiJudaeis
423 1291 631 1328 patrocinatus
642 1312 654 1328 ,
680 1298 728 1321 eos
749 1299 809 1321 non
816 1293 851 1321 in
864 1292 961 1323 Deum
975 1312 988 1328 ‚
1008 1287 1109 1331 sedin

222 1336 369 1370 bominem
379 1341 486 1379 impios
499 1335 633 1380 exstitiffe
641 1338 812 1380 affirmabas
824 1364 831 1370 .
844 1338 951 1384 Igitur
962 1349 1018 1381 per
1030 1338 1110 1374 istos

221 1396 377 1421 vacantes
392 1387 462 1421 dies
473 1386 647 1421 Nestorius
655 1388 761 1422 varias
769 1399 848 1423 cum
860 1389 959 1423 variis
969 1387 1111 1432 disputa-

222 1436 332 1470 tiones
347 1436 479 1472 miscuit
492 1461 504 1477 ,
530 1435 646 1471 &duo
666 1435 790 1474 laudati
816 1439 974 1483 Episcopi
985 1438 1110 1475 studue-

221 1495 302 1522 runt
323 1483 497 1519 hominem
518 1485 703 1526 moderari,
731 1497 769 1521 ut
792 1488 907 1523 saltem
927 1489 965 1523 in
983 1490 1112 1533 palino-

221 1533 298 1576 dia,
321 1544 422 1578 quam
444 1545 485 1568 ex
508 1533 640 1579 Papalis
649 1535 807 1571 Mandati
828 1548 920 1572 metu
936 1538 1053 1573 dolose
1066 1541 1111 1574 fe-

220 1593 332 1625 cerat,
356 1585 556 1628 perfisteret,
582 1586 748 1629 sperantes
771 1587 929 1630 paulatim
953 1589 1109 1634 &grada-

220 1636 286 1671 tim
298 1634 340 1669 ad
351 1635 479 1669 saniora
491 1635 682 1680 perducere.
710 1636 758 1671 At
769 1637 854 1671 nihil
868 1637 1087 1673 obtinuerunt
1102 1665 1108 1671 .

220 1684 372 1720 Perrexit
387 1685 477 1719 enim
502 1697 621 1720 vocem
642 1710 654 1727 ,
681 1690 845 1730 Dei-para,
871 1688 1050 1732 projicere,
1066 1690 1109 1733 p&

222 1734 352 1771 addidit
368 1737 432 1771 effe
454 1737 544 1771 nefas
555 1758 567 1776 ‚
592 1738 686 1770 Deum
698 1737 862 1781 bimestrem
870 1749 923 1773 aut
936 1738 1109 1779 trimestrem

221 1785 388 1830 profiteri.
412 1791 416 1794 ⁴

274 1837 376 1871 Hanc
385 1836 455 1879 eius
465 1836 632 1873 audaciam
644 1849 742 1884 atque
759 1841 794 1876 in
807 1840 1007 1885 blasphemia
1030 1852 1110 1875 con-

225 1887 406 1920 tumaciam
429 1889 612 1930 frequenter
634 1891 782 1924 urserunt
807 1892 940 1925 sanetus
961 1891 1108 1934 Cyrillus

224 1936 260 1970 &
271 1936 418 1969 universa
429 1936 583 1979 Synodus
594 1962 601 1969 .
629 1938 776 1981 Cyrillus
787 1939 822 1972 in
834 1940 949 1974 litteris
961 1942 1002 1975 ad
1016 1940 1111 1983 quos-

224 1986 301 2019 dam
314 1984 679 2030 Constantinopolitani
694 1987 785 2022 Cleri
797 1988 958 2023 Primates
971 2003 983 2023 .·
1010 1987 1110 2030 Nesto-

223 2041 287 2068 rius
301 2045 391 2077 neque
397 2041 536 2077 paenituit
544 2061 556 2078 ,
585 2048 679 2079 neque
698 2050 735 2072 ea
744 2039 818 2079 fletu
830 2040 919 2072 diluit
932 2064 943 2080 ,
969 2051 1037 2081 quae
1047 2050 1110 2072 con·

225 2095 276 2119 tra
279 2087 405 2129 gloriam
416 2092 546 2119 omnium
568 2087 693 2127 nostrum
704 2090 873 2122 salvatoris
885 2089 996 2130 christi
1015 2092 1109 2123 dicere

223 2134 313 2179 ausus
329 2134 433 2179 fuerat
446 2162 455 2170 .
480 2138 569 2180 ,Quin
594 2143 688 2172 etiam
707 2151 773 2175 cum
797 2143 922 2183 veniffi‘t
932 2138 1108 2183 Ephesum,

223 2184 337 2229 eisdem
359 2187 478 2219 rursiam
501 2187 541 2227 est
550 2185 619 2229 usus
638 2187 823 2231 sermonibus
837 2215 847 2231 ,
870 2190 978 2233 quibus
993 2192 1086 2224 antea
1099 2214 1109 2230 ,

224 2247 261 2268 ac
270 2237 366 2269 denuo
376 2244 485 2270 certum
495 2237 631 2270 omnibus
640 2241 792 2279 J‘udicium
798 2240 878 2282 fecit
889 2239 924 2284 se
935 2243 955 2273 ἃ
962 2239 1125 2313 perversa!

222 2284 374 2329 sententIa
393 2288 516 2319 minime?
537 2287 667 2322 alienum
688 2288 757 2332 effe.
785 2296 891 2333 Itaque
910 2302 976 2324 cum
985 2292 1111 2334 quidam

223 2334 392 2370 celebriores
420 2340 642 2378 Metropolitani
661 2363 673 2379 ,
695 2342 867 2384 piiffimique
891 2339 1032 2384 Episcopi
1054 2325 1130 2400 “d‘i

225 2387 336 2419 versas
359 2397 423 2419 eum
439 2387 625 2428 quaestionem
643 2394 749 2423 merito
771 2402 949 2431 moverent,
977 2392 1110 2432 clareque

225 2446 264 2467 ex
290 2437 408 2467 Divina
432 2437 583 2476 Scriptura
607 2444 814 2471 convincerent
838 2464 850 2479 ,
876 2442 911 2472 (5
930 2452 944 2472 o
968 2441 1110 2472 enderent

226 2487 327 2517 Deum
345 2483 396 2526 effe
418 2484 524 2523 illum,
550 2495 636 2526 quem
647 2486 757 2519 santia
775 2491 866 2531 Virgo
871 2487 1034 2530 secundum
1046 2499 1111 2520 car-

226 2544 294 2566 nem
310 2542 455 2576 genuerat
468 2557 478 2572 ,
505 2539 538 2564 in
558 2533 638 2567 banc
650 2534 827 2576 sceleratam
839 2548 940 2571 vocem
947 2544 1110 2579 prorupit:

224 2583 303 2627 Ego
323 2581 507 2616 bimestrem
524 2583 762 2619 &trimestrem
787 2587 899 2620 Deum
932 2598 1000 2621 non
1013 2588 1109 2620 dico.

224 2633 347 2676 Quibus
359 2633 420 2665 alia
430 2634 553 2665 addidit
562 2644 620 2665 non
628 2642 727 2674 pauca
736 2660 747 2676 ,
761 2640 912 2680 Unigeniti
933 2642 1111 2670 incarnatio-

225 2695 292 2717 nem
310 2683 347 2715 de
357 2684 452 2716 medio
467 2684 559 2724 plane
578 2684 698 2718 tollens.
727 2686 771 2719 Et
783 2687 932 2720 universa
957 2686 1110 2730 Synodus

226 2734 261 2766 in
275 2733 432 2767 relatione
455 2733 495 2766 ad
510 2733 675 2778 Principes
695 2735 980 2781 dedegradatione
992 2737 1110 2771 Nesto-

225 2783 266 2815 rii
287 2796 294 2815 :
329 2782 478 2822 Nestorius
499 2806 510 2822 ,
535 2795 601 2817 cum
626 2785 786 2829 adversum
805 2787 942 2828 ‘piiffimos
969 2785 1109 2829 quosdam

226 2831 387 2875 Episcopos
411 2833 558 2875 dissereret
580 2837 730 2868 Divinum
756 2837 834 2870 iilud
859 2850 895 2871 ac
919 2838 1110 2871 adorandum

224 2881 387 2923 Mysterium
412 2882 535 2922 nostrum
555 2892 708 2927 tamquam
719 2887 862 2920 deridens
875 2887 914 2927 est
927 2886 989 2930 aus
983 2900 1019 2921 us
1035 2888 1107 2921 dice-

226 2943 259 2966 re
273 2945 287 2974 ;
313 2933 478 2976 Equidem
502 2933 684 2969 bimestrem
703 2946 759 2971 aut
777 2938 970 2972 trimestrem
995 2938 1105 2972 Deum

226 2992 296 3015 non
309 2983 400 3018 dico.
431 2986 525 3025 quue
548 2986 647 3018 triduo
665 2994 826 3030 antequam
839 2990 969 3027 synodus
992 3000 1106 3032 congre-

224 3041 348 3073 garetur
363 3057 372 3064 .
399 3033 444 3067 Et
463 3034 497 3066 in
518 3033 674 3069 relatione
697 3037 737 3070 ad
752 3037 866 3082 Regiae
877 3038 1018 3073 civitatis
1032 3039 1106 3073 Cle-

228 3091 302 3113 rum
314 3092 350 3114 ac
363 3081 546 3125 Populum.
574 3088 680 3127 Neque
691 3088 808 3121 indicia
829 3089 941 3121 §ancia
953 3090 1082 3127 synodus
1095 3114 1105 3130 ‚

227 3140 322 3172 neque
348 3133 509 3166 Multitudo
529 3158 539 3174 ‚
566 3145 632 3176 quae
650 3143 778 3177 pietatis
800 3145 908 3182 gratia
930 3149 1105 3182 congregata

228 3178 266 3218 est
277 3204 287 3220 ‚
313 3184 348 3212 N
351 3180 445 3219 estorii
464 3188 605 3224 impetum
619 3186 789 3230 compescuit
799 3212 811 3228 ,
833 3190 940 3222 verum
947 3195 1105 3232 graviores

228 3227 427 3271 blasphemias
446 3233 555 3272 ach'ccit
568 3258 577 3273 ,
604 3236 701 3270 dicens
714 3240 788 3272 nolle
803 3237 836 3281 se
846 3239 1006 3279 bimestrem
1017 3265 1027 3280 ‚
1053 3248 1106 3273 aut

226 3279 304 3312 indie
327 3285 470 3314 nutritum
492 3283 635 3324 adorare,
660 3299 752 3331 neque
770 3290 872 3330 illum,
900 3296 951 3331 qus·
965 3289 1051 3333 fugit
1072 3297 1105 3322 in

227 3332 392 3372 AEgyptum
402 3353 411 3368 ‚
424 3334 519 3364 Deum
529 3339 677 3369 nominare
687 3362 694 3370 .
724 3338 868 3374 Proinde
882 3351 942 3375 nec
955 3340 1021 3384 ejus
1035 3341 1106 3375 Ma·

227 3388 309 3415 trem
336 3382 477 3421 profiteri
489 3382 680 3425 Deiparam.

326 3429 432 3470 Christ.
448 3432 528 3475 Liipi'
539 3437 637 3477 opera
649 3438 751 3470 T.V11.

1112 3329 1121 3488 ——-—..

1151 2558 1163 3006 Ρ

1927 168 1982 211 53

1217 233 1300 267 Haec
1321 233 1422 278 igitur
1443 231 1630 276 blasphema
1651 234 1796 269 Nestorii
1819 232 2000 278 disputatio
2012 234 2047 267 fi-

1169 283 1238 318 mul
1256 294 1332 318 cum
1352 282 1513 326 Synodali
1536 282 1578 317 de
1599 284 1671 326 ipso
1693 283 1872 327 degradato
1890 282 2050 318 relatione

1170 334 1316 377 pervenit
1340 332 1671 376 Constantinopolim
1685 357 1698 374 ,
1723 334 1904 369 multorum
1919 334 2051 369 animos

1170 383 1211 418 ab
1225 385 1296 428 ipso
1308 383 1458 419 distraxit
1470 408 1482 424 ,
1507 394 1545 418 ac
1555 383 1717 427 permovit
1741 383 1781 417 ad
1795 383 1889 426 ipsius
1897 383 2052 429 degrada-

1170 435 1299 469 tionem
1324 433 1521 469 laudandam
1534 458 1545 474 ,
1570 444 1628 469 aut
1647 433 1734 468 certe
1759 431 1970 467 haefitandum
1982 445 2054 479 gra-

1171 484 1294 518 viffime
1313 484 1355 520 de
1380 485 1449 529 ejus
1470 483 1593 528 justitia
1607 509 1615 517 .
1642 485 1688 520 Et
1709 484 1795 518 inter
1805 481 1868 516 hos
1878 482 1942 516 fuit
1951 485 2053 521 etiam

1170 534 1337 570 Praefestus
1359 535 1447 571 Sacri
1457 533 1630 569 Cubiculi.
1658 535 1702 569 Et
1716 534 1877 576 quoniam
1888 534 1976 567 fama
1988 534 2055 576 pas-

1170 584 1229 618 fim
1254 586 1422 621 veritatem
1447 586 1644 626 comitatur,
1670 582 1825 620 &eundo
1843 584 1969 626 semper
1989 594 2058 618 cre-

1169 634 1251 673 scit,
1277 634 1429 677 adjunxit
1451 636 1539 680 quod
1560 635 1737 670 Nestorius
1757 645 1836 670 cum
1855 634 1927 678 ipso
1937 633 2057 668 Sanno

1171 683 1302 727 Cytillo
1331 685 1551 728 disceptasset,
1568 696 1675 731 -atque
1694 686 1741 721 ita
1760 684 1955 723 evomuisset
1975 683 2059 718 blas-

1170 731 1333 777 phemias.
1361 732 1454 768 Hinc
1475 736 1532 771 ille
1555 737 1720 782 assumpsit
1737 737 1771 771 se
1792 733 1956 780 purgandi
1976 732 2059 768 fidu-

1169 784 1255 817 ciam
1268 809 1279 824 ,
1305 786 1437 827 sperans
1457 786 1592 820 unicum
1614 788 1707 821 famae
1726 785 1938 822 mendacium
1959 784 2064 819 trans·

1170 833 1307 867 fundere
1320 834 1354 866 in
1369 833 1484 867 omnia
1495 858 1504 866 .
1531 833 1576 869 Et
1586 835 1703 878 adjecit
1716 836 1806 880 plura
1819 837 1875 872 sua
1887 861 1895 867 -
1923 833 2038 869 Primo
2048 857 2062 874 ,

1170 883 1259 928 quod
1272 883 1382 918 Sansti
1397 881 1520 927 Cyrilli
1534 883 1689 926 capitula
1699 886 1802 921 essent
1825 883 1995 920 manifeste
2004 883 2065 918 hau-

1170 935 1290 968 retica.
1317 933 1491 975 Secundo,
1522 932 1615 977 quod
1628 932 1771 976 ipsorum
1781 936 2066 970 inconvictionem

1171 984 1320 1027 Cyrillus
1333 994 1485 1018 metuens
1496 982 1695 1018 detractasset
1712 985 1895 1026 congredi,
1920 984 2065 1029 ideoque

1171 1036 1236 1069 sese
1247 1033 1367 1069 mutuo
1380 1033 1468 1079 apud
1483 1031 1650 1078 Ephesum
1662 1043 1722 1067 nec
1733 1031 1888 1067 vidiffent
1906 1034 2042 1069 Tertio
2052 1058 2069 1076 ‚

1171 1086 1261 1128 quod
1272 1085 1330 1120 alii
1350 1097 1427 1120 cum
1440 1085 1511 1128 ipso
1534 1084 1738 1127 disputantes
1748 1081 1907 1126 Episcopi
1917 1093 2070 1128 compro-

1172 1135 1297 1171 baffent
1323 1135 1438 1170 omnia
1457 1133 1526 1177 ejus
1548 1134 1720 1178 Dogmata
1741 1146 1752 1170 ,¹
1779 1132 1826 1166 Et
1849 1129 1983 1175 quidem
2005 1135 2065 1168 fre·

1172 1195 1328 1231 quenter.
1355 1184 1486 1233 Quarto
1512 1184 1603 1230 quod
1625 1181 1713 1228 apud
1732 1180 1900 1227 Ephesum
1913 1181 2067 1217 constans

1173 1238 1382 1280 perseveraret
1402 1236 1438 1270 in
1453 1234 1517 1269 suis
1540 1234 1626 1280 apud
1638 1232 1971 1277 Constantinopolim
1991 1244 2068 1276 prae-

1172 1285 1397 1321 dicationibus
1409 1300 1420 1320 .·
1449 1284 1586 1330 Utique
1609 1282 1807 1328 palinodicis
1819 1308 1826 1316 .
1858 1283 1942 1331 Qae
1954 1284 2071 1318 omnia.

1171 1337 1247 1372 sunt
1267 1336 1513 1374 mendaciffima
1535 1361 1542 1368 .
1571 1336 1684 1370 Etiam
1706 1343 1856 1380 quartum
1882 1359 1891 1367 .
1919 1334 2013 1374 Nam
2033 1334 2072 1368 in

1173 1385 1235 1421 hac
1247 1386 1314 1430 ipsa
1328 1386 1478 1431 Epistola
1501 1386 1655 1421 asseverat
1674 1386 1806 1421 Sacram
1818 1384 1999 1430 Virginem
2014 1395 2074 1428 po-

1173 1436 1239 1471 tius
1249 1434 1497 1482 Christi-param
1512 1436 1691 1472 dicendam
1705 1461 1717 1478 ‚
1740 1446 1841 1481 quam
1851 1435 2047 1479 Dei-param
2063 1458 2073 1466 .

1174 1488 1259 1535 Qae
1280 1480 1350 1532 ejus
1371 1498 1439 1525 vox
1463 1486 1510 1526 est
1537 1488 1650 1532 palam
1667 1487 1783 1527 dolosa
1800 1510 1813 1528 ‚
1839 1497 1878 1526 ac
1899 1485 1998 1530 plena
2020 1495 2072 1519 ve-

1174 1549 1278 1573 ueni.

1224 1587 1394 1631 Adjunxit
1405 1590 1439 1623 ὅ(
1452 1588 1517 1624 alia
1527 1587 1697 1623 manifesta
1710 1586 1883 1620 mendacia
1894 1609 1902 1618 .
1933 1583 2050 1618 Primo
2061 1609 2075 1624 ‚

1172 1639 1264 1682 quod
1274 1638 1533 1674 Catholicorum
1547 1637 1634 1681 apud
1647 1635 1815 1681 Ephesum
1829 1635 2073 1679 Episcoporum

1173 1688 1278 1731 aliqui
1293 1690 1399 1732 ipsum
1413 1689 1526 1723 Deum
1538 1688 1688 1724 Verbum
1709 1698 1780 1722 non
1794 1687 1829 1720 in
1841 1685 2000 1729 assumpta
2013 1684 2074 1720 hu-

1173 1740 1333 1774 manitate
1348 1765 1360 1782 ‚
1385 1739 1486 1774 sedin
1502 1740 1558 1774 sua
1574 1737 1864 1774 naturaliDeitate
1877 1735 2078 1770 blaterarent

1174 1791 1301 1834 passum
1325 1815 1342 1832 ,
1363 1798 1534 1825 mortuum
1556 1812 1567 1828 ,
1593 1788 1823 1826 resuscitatum
1851 1812 1859 1819 .
1890 1785 2044 1821 Secundo
2061 1810 2079 1827 ,

1173 1840 1266 1882 quod
1277 1841 1414 1874 Sanctus
1426 1840 1575 1880 Cyrillus
1588 1841 1644 1873 sua
1663 1838 1824 1882 dogmata
1846 1836 2007 1871 stabiliret
2020 1847 2077 1880 per

1174 1889 1371 1931 imposturas
1398 1899 1408 1929 3
1435 1887 1498 1920 Per
1521 1887 1634 1922 Basilii
1658 1886 1833 1929 Ancyrani
1854 1910 1866 1926 ,
1894 1885 2076 1926 Eusebiani

1174 1950 1212 1972 ac
1236 1937 1358 1972 Ariani
1379 1935 1530 1975 hominis
1553 1960 1565 1975 ,
1602 1935 1838 1970 authoritatem
1867 1935 1902 1969 &
1925 1935 2050 1979 Scripta
2064 1960 2076 1975 ,

1173 1987 1336 2020 mentiens
1357 1987 1421 2020 esse
1432 1986 1547 2029 magni
1560 1985 1688 2018 Basilii.
1716 1982 1865 2021 Tertio,
1891 1983 1982 2026 quod
2006 1985 2078 2019 nul-

1173 2038 1302 2075 latenus
1332 2034 1570 2079 Episcopatum
1584 2059 1596 2076 ,
1622 2031 1675 2069 sed
1689 2032 1793 2068 solam
1815 2033 1984 2067 veritatem
2003 2034 2080 2069 dili·

1172 2098 1284 2133 geret,
1316 2085 1457 2130 ideoque
1475 2084 1537 2120 hac
1560 2085 1757 2120 confirmata
1781 2084 1859 2118 effer
1881 2093 2010 2127 paratus
2023 2087 2076 2120 In-

1172 2138 1257 2173 sulas
1280 2147 1421 2178 exuere,
1448 2147 1487 2170 ac
1509 2136 1614 2170 redire
1635 2134 1677 2170 ad
1688 2136 1751 2169 suat
1771 2134 1980 2178 profeffionis
1995 2136 2077 2170 Mo-

1172 2188 1349 2223 nasterium
1376 2212 1384 2220 .
1418 2186 1552 2234 Qartd
1576 2211 1589 2228 ‚
1615 2185 1709 2230 quod
1735 2184 1916 2227 synodalis
1943 2185 2077 2222 Relatio

1172 2238 1256 2273 nihil
1277 2239 1407 2283 penitus
1429 2238 1521 2277 veri,
1549 2234 1603 2271 sed
1613 2235 1729 2270 omnia
1753 2232 1832 2268 falsa
1865 2236 2076 2278 contineret,

1173 2290 1314 2334 ideoque
1335 2286 1454 2322 discuti
1476 2286 1607 2322 deberet
1633 2295 1731 2330 atque
1744 2285 1854 2329 puniri
1868 2311 1876 2317 .
1902 2286 2006 2320 Hisce
2030 2298 2078 2322 arv

1173 2340 1262 2374 tibus
1282 2336 1405 2373 studuit
1416 2336 1547 2380 Synodi
1579 2336 1663 2371 Asta
1678 2361 1690 2377 ‚
1717 2337 1809 2370 suam
1836 2337 2010 2379 praesertim
2023 2337 2079 2371 da·

1174 2391 1383 2424 mnationem
1397 2413 1408 2428 ‚
1434 2387 1513 2422 licet
1526 2397 1596 2421 non
1606 2398 1765 2422 evacuare
1777 2410 1790 2427 ,
1817 2395 1928 2421 tamen
1940 2387 2078 2422 circum-

1177 2438 1315 2472 scribere
1330 2460 1337 2468 .
1367 2438 1412 2469 Et
1429 2437 1570 2470 omnino
1594 2436 1719 2478 aliquid
1740 2435 1889 2469 obtinuit
1903 2462 1910 2468 .
1938 2437 2076 2476 Etenim

1174 2487 1369 2530 Praepofitus
1379 2483 1436 2518 diu
1448 2484 1618 2528 permansit
1629 2485 1686 2526 ipfi
1698 2483 1906 2518 fideliffimus.
1939 2485 1994 2518 Ex
2007 2498 2076 2530 quo

1176 2546 1286 2572 autem
1311 2534 1529 2569 fundamento
1565 2533 1720 2568 Sanctum
1747 2533 1914 2576 Cyrillum
1947 2538 2075 2580 accuset

1175 2589 1216 2622 de
1241 2585 1300 2622 ista
1322 2585 1408 2622 circa
1433 2583 1602 2630 Magnum
1623 2581 1780 2621 Bafilium
1804 2582 1917 2619 fraude
1938 2609 1951 2628 ,
1977 2586 2073 2633 igno,

1174 2649 1212 2673 ro
1226 2662 1235 2673 .

1919 3432 1998 3482 c'A-
