2320 3730
363 210 459 250 192⁴

507 407 770 461 CAPUT
807 410 947 464 LXV,

316 602 485 672 Epistola
519 600 680 670 ejufilem
710 596 926 646 Alexandri
959 595 1139 666 Episcopi

477 672 530 731 ad
565 669 839 725 Theodoretum
886 672 984 748 Epi÷

618 738 779 808 βορηίῃ
791 776 804 798 ‚

275 932 430 1047 QUa
452 930 534 968 hora
560 933 683 979 suscepi
705 933 892 969 Sanctitatls
925 943 985 969 tuae
1019 933 1166 980 litteras,

393 983 565 1028 epistolam
587 985 787 1029 susceperam
800 985 952 1029 scriptam
975 984 993 1018 ὲ
1010 985 1164 1020 Domino

340 1038 342 1040 ’
422 1044 498 1069 meo
518 1034 777 1080 Religiofiffimo
814 1036 980 1080 Episcopo
1007 1035 1164 1075 Andrea,

271 1096 343 1129 quae
363 1085 527 1120 contraria
558 1085 714 1120 omnibus
726 1086 772 1121 est
783 1085 946 1129 prioribus
959 1111 967 1120 .
998 1085 1042 1118 Et
1066 1084 1163 1127 paulo

269 1135 382 1174 minus
395 1136 521 1170 alienus
535 1137 667 1174 effectus
678 1137 748 1170 sum
761 1161 773 1177 ,
801 1135 916 1171 videns
927 1134 1017 1179 quod
1032 1146 1093 1168 nos
1111 1137 1163 1170 Sa-

268 1185 387 1221 thanas
398 1185 573 1230 expetierit
584 1186 625 1220 ad
638 1183 850 1220 cribrandum
869 1211 875 1217 .
905 1185 1038 1219 Direxit
1051 1195 1161 1220 autem

266 1235 354 1274 mihi
376 1236 410 1271 δε
423 1235 464 1270 ad
493 1237 524 1270 se
535 1236 686 1280 scriptam
710 1246 772 1271 tuae
784 1235 1022 1280 Religiofitatis
1037 1235 1161 1279 Episto-

267 1286 353 1327 lam,
383 1286 611 1328 continentem
631 1287 723 1331 quod
743 1298 819 1327 em,
849 1286 906 1329 qui
927 1285 1045 1323 dicunt
1067 1286 1158 1320 Divi-

266 1337 406 1375 nitatem
419 1336 542 1371 Christi
554 1337 733 1381 paffibilem
745 1362 756 1378 ,
782 1337 1037 1371 anathematizet
1050 1337 1159 1381 AEgy-

263 1387 375 1430 ptius:
405 1389 449 1422 Et
462 1398 518 1422 eos
534 1389 591 1431 qui
610 1389 842 1423 confusionem
869 1387 903 1421 ἀ
924 1387 1160 1421 remixtionem

263 1435 402 1472 duarum
427 1437 599 1481 perhibent
629 1448 820 1473 naturarum
836 1464 843 1471 .
871 1438 915 1471 Et
938 1448 1001 1481 ego
1022 1436 1158 1480 quidem

264 1487 386 1531 Cyrilli
415 1487 599 1531 Epistolam
622 1487 811 1522 nullatenus
840 1486 908 1521 haec
929 1487 1158 1522 continentem

262 1538 354 1572 vidi:
382 1538 476 1585 Qin
496 1538 606 1582 potius
620 1538 818 1573 invenieum
843 1547 1045 1579 certantem,
1075 1539 1157 1573 &in

264 1588 398 1634 primis,
425 1589 460 1622 ὅτ.
484 1588 518 1620 in
544 1588 685 1628 mediis,
712 1589 791 1623 &in
804 1588 952 1628 ultimis,
980 1600 1039 1632 pro
1064 1590 1159 1632 Capi-

266 1638 348 1672 tulis
372 1638 435 1671 suis
458 1661 469 1678 ,
497 1638 696 1682 reliquisque
718 1638 925 1680 Conscriptis
946 1661 957 1676 ,
984 1639 1018 1672 in
1042 1638 1159 1682 quibus

264 1699 400 1724 omnem
415 1687 618 1731 impietatem
635 1689 724 1722 suam
738 1688 1015 1731 perexemplificat
1026 1712 1033 1720 .
1063 1690 1096 1723 Si
1109 1700 1158 1722 ve·

262 1738 308 1775 eo
321 1738 415 1773 vobis
439 1738 473 1772 ὅτ.
495 1738 576 1772 reste
600 1739 632 1772 se
646 1737 765 1772 habere
778 1738 930 1772 videntur
953 1750 1022 1782 quae
1044 1739 1159 1782 scripta

262 1789 339 1825 sunt
352 1812 363 1828 ,
389 1788 423 1821 ὅ(
451 1787 491 1821 de
505 1787 632 1831 reliquo
650 1788 709 1830 qui
731 1786 798 1821 haec
813 1799 867 1830 per
883 1788 1066 1832 Epistolam
1087 1790 1159 1823 scri-

261 1838 324 1882 pfit
350 1837 436 1871 inter
458 1835 680 1871 Orthodoxos
706 1836 877 1879 deputatur
895 1862 906 1878 ,
933 1837 1159 1872 indifferenter

261 1887 343 1923 vero
361 1887 395 1920 &
411 1887 473 1921 alia
485 1887 648 1931 recepistis
661 1912 671 1928 ‚
698 1898 769 1930 quae
799 1887 856 1920 ille
878 1887 1013 1930 quidem
1039 1900 1160 1932 propo*-

263 1939 328 1972 suit
354 1938 470 1972 litteris
490 1962 500 1977 ,
527 1938 670 1979 Joannes
694 1935 772 1970 vero
795 1937 937 1971 traducit
958 1949 1095 1978 omnes,
1123 1950 1158 1972 ut

262 1987 424 2031 inquiunt
440 2011 451 2028 ‚
476 1986 694 2029 dispensative
717 2009 727 2024 ,
753 1997 883 2029 propter
904 1998 1018 2029 pacem
1039 1989 1157 2024 conde-

264 2037 467 2072 reensionem
480 2036 672 2079 amplexus,
698 2035 860 2069 innocens
871 2047 936 2078 ego
953 2038 1023 2068 sum
1047 2037 1064 2068 ὲ
1090 2039 1157 2069 san-

263 2088 369 2134 guine
381 2086 533 2121 omnium
545 2109 554 2118 .
582 2085 823 2127 Unusquisque
836 2084 912 2118 vero
925 2108 935 2124 ,
960 2086 1039 2118 ficut
1052 2086 1157 2124 novit,

264 2150 303 2173 ea
316 2149 386 2182 quae
399 2137 441 2170 ad
453 2138 484 2170 se
495 2136 661 2179 pertinent
672 2135 834 2177 dispenset
846 2160 854 2167 .
882 2134 981 2168 Vivit
1004 2135 1156 2169 omnium

264 2187 438 2222 Dominus
461 2187 554 2219 Deus
578 2195 669 2218 meus
687 2208 698 2224 ‚
725 2184 759 2217 ὃς
781 2184 893 2218 Oafim
918 2184 953 2217 δε
975 2185 1156 2228 quemlibet

265 2246 450 2272 extremum
462 2235 573 2269 vicum
586 2235 719 2278 praefero
731 2232 965 2267 communioni
990 2233 1134 2270 haeretici
1145 2260 1155 2277 ,

264 2289 300 2328 ὄε
312 2298 427 2323 eorum
439 2285 493 2329 qui
509 2283 758 2321 Orthodoxiam
772 2283 987 2329 prodiderunt
998 2309 1004 2320 .

467 2442 965 2491 SCHOLION.

337 2580 341 2585 l
378 2587 475 2625 Acin
488 2588 635 2632 Epistola
650 2586 840 2622 Alexander
860 2586 995 2625 omnia,
1021 2597 1092 2629 quae
1113 2587 1154 2622 ad

402 2639 571 2674 Andream
584 2638 701 2681 scripsit
713 2637 905 2676 ‚confirmat
916 2661 923 2668 .
952 2636 995 2669 Et
1006 2637 1152 2680 quaedam

264 2689 415 2733 adjungit
428 2715 436 2721 .
465 2687 578 2733 Primo
589 2713 599 2728 ,
625 2688 688 2722 effe
698 2688 812 2721 falsum
827 2711 837 2726 ‚
854 2687 886 2720 δε
898 2684 1152 2721 Theodoretum

264 2740 352 2775 male
365 2739 477 2773 vidiffe
489 2762 499 2778 ,
525 2737 614 2783 quod
625 2738 658 2772 in
667 2738 751 2772 datis
768 2738 808 2772 ad
820 2734 1056 2771 Berrhaeensem
1070 2737 1154 2771 Aca-

265 2790 356 2824 cium
378 2790 494 2823 litteris
519 2789 667 2833 Cyrillus
697 2787 951 2823 anathematizet
972 2798 1030 2821 eos
1049 2810 1059 2826 ‚
1096 2787 1152 2832 qui

267 2838 392 2875 Christi
410 2839 633 2874 Divinitatem
647 2839 763 2873 dicunt
786 2836 985 2882 paffibilem:
1015 2838 1086 2871 Aut
1098 2850 1154 2872 eos

266 2891 323 2934 qui
341 2899 529 2924 naturarum
551 2891 585 2924 in
606 2891 677 2933 ipso
697 2889 923 2924 consutionem
945 2888 997 2921 vel
1019 2888 1153 2923 mixtio—

266 2952 343 2975 nem
366 2939 554 2985 blaspheme
566 2941 706 2975 aflerant
718 2966 725 2973 .
754 2940 804 2976 Hi
816 2939 907 2973 enirn
924 2948 1016 2972 erant
1033 2939 1155 2982 palma-

264 3002 313 3025 res
331 2991 524 3027 Polemonis
546 3002 584 3025 ac
601 2989 781 3025 Timothei
804 2999 946 3027 errore8‚
973 2999 1056 3031 quos
1077 2989 1154 3024 Ale-

266 3040 389 3075 xander
408 3040 586 3076 damnabat
610 3042 646 3075 in
669 3039 852 3085 Capitulis.
881 3037 1034 3073 Affirmat
1051 3040 1082 3073 se
1108 3048 1153 3073 at-

264 3090 476 3135 tentelegiss‘e
497 3092 574 3126 istas
596 3092 744 3131 litteras,
770 3102 809 3124 ac
831 3088 865 3123 in
888 3089 961 3131 ipsis
973 3087 1153 3123 nihilinve·

266 3139 347 3173 nisse
358 3164 368 3179 ‚
395 3142 454 3174 nifi
466 3142 660 3176 continuam
673 3153 710 3176 ac
721 3141 927 3175 manifestam
939 3139 1151 3181 pertinaciam

265 3188 301 3224 in
315 3189 382 3221 istis
390 3189 598 3233 blasphemiis
609 3216 616 3223 .
633 3192 726 3225 Hinc
739 3190 869 3234 peffime
882 3188 1073 3232 indignatur
1084 3190 1150 3232 Cy-

263 3237 376 3273 rillum
397 3237 437 3271 ab
458 3240 591 3277 Andrea
609 3253 647 3274 ac
657 3241 877 3275 Theodoreto
899 3239 1045 3282 deputari
1068 3240 1152 3274 inter

266 3286 461 3322 Catholicos
482 3313 488 3319 .
513 3289 696 3324 Praesertim
716 3291 890 3325 detestatur
909 3289 1070 3333 Joannem
1091 3290 1151 3325 Pa-

264 3336 442 3374 triarcham
460 3361 472 3377 ,
500 3338 590 3380 quod
621 3339 807 3374 sceleratam
839 3340 926 3374 hanc
955 3350 1070 3382 pacem
1091 3341 1150 3375 sub

263 3388 512 3434 dispensationis
521 3388 599 3426 fuco
619 3388 759 3425 studeret
768 3389 922 3428 omnibus
942 3389 1127 3435 imprimere
1139 3416 1147 3424 .

705 194 1040 249 vilamauri
1075 182 1325 235 PArRu‘M
1362 188 1701 250 Eum-roza,

1238 273 1282 307 Et
1305 273 1467 308 exclamat
1485 286 1562 310 cum
1583 275 1767 320 Propheta:
1793 281 1934 312 Innocem
1955 289 2005 323 ego
2021 277 2122 323 sum)

1232 322 1380 367 sanguine
1399 328 1545 356 omnium.
1573 324 1618 360 Et
1639 326 1807 371 adjungit:
1835 327 2058 373 Unusquisque,
2082 328 2120 371 fi·

1235 383 1282 406 cut
1292 379 1399 414 novit,
1425 384 1462 410 ea
1484 385 1553 416 quae
1572 373 1657 418 adse
1673 382 1828 417 pertinent
1847 378 2009 424 dispenset.
2039 381 2119 414 Hoc

1008 422 1094 455 .--1
1113 419 1132 464 5'
1147 423 1167 467 3
1235 424 1302 458 est:
1329 423 1466 464 Sciffum
1487 423 1532 458 est
1555 434 1646 465 rete,
1671 426 1809 469 quisque
1832 427 1931 464 salvet
1943 431 2031 464 suam
2055 431 2121 465 ani-

1236 486 1323 513 mam
1340 499 1347 508 .
1375 474 1579 518 Protestatur
1601 476 1633 510 se
1655 487 1724 516 non
1738 476 1948 518 solummodo
1968 481 2008 514 ad
2019 481 2121 526 quod·

1236 526 1284 560 vis
1308 535 1489 559 extremum
1504 526 1615 560 Eremi
1637 527 1776 570 spatium
1788 550 1799 566 ‚
1824 526 1876 561 sed
1887 528 2035 564 etiamad
2046 532 2119 566 Oa·-

1233 576 1314 616 fim,
1339 575 1484 611 solemne
1505 573 1783 622 haeresiarcharum
1803 577 1960 626 exilium,
1985 580 2047 618 effe
2069 593 2122 631 pa-

1234 626 1446 671 ratissimum,

1363 942 1377 945 ’
1442 946 1699 1002 CAPUT
1737 948 1902 1001 LXVI.
1952 962 2116 1022 “³⁵4

1261 1134 1433 1208 Epistola
1479 1134 1704 1182 Theodorett‘
1749 1134 1928 1205 Epfiopz’
1961 1141 2077 1201 Cyri,

1331 1224 1446 1272 quam
1470 1203 1630 1273 firipfit
1664 1202 1887 1260 Alexandro
1914 1211 2011 1274 Epi„

1337 1274 1341 1278 ’
1436 1274 1553 1348 scopo
1575 1311 1588 1323 .
1637 1279 1745 1322 Sicut
1775 1275 1903 1350 pqfin't

1573 1347 1726 1396 Ire-noem
1750 1381 1763 1399 ,

1299 1538 1377 1573 Uto
1391 1538 1465 1582 plus
1475 1538 1516 1573 ab
1527 1539 1684 1574 omnibus
1698 1540 1787 1573 nosse
1798 1539 1987 1575 Dominum
2001 1550 2112 1574 meum

1319 1588 1559 1623 Sanetiffimum
1571 1613 1581 1629 ,
1609 1590 1644 1623 &
1659 1589 1735 1622 Deo
1748 1589 1993 1624 Amiciffimum
2018 1590 2113 1632 Joan-

1225 1650 1322 1679 nem,
1347 1637 1422 1682 quia
1444 1638 1638 1682 depositioni
1651 1637 1793 1672 Domini
1815 1640 1881 1673 mei
1895 1639 2112 1679 Sanffiffimi,

1221 1689 1254 1722 <Sc
1274 1688 1352 1723 Deo
1370 1688 1571 1723 Amiciffimi
1595 1688 1749 1733 Episcopi
1763 1689 1909 1723 Nestorii
1928 1689 2114 1722 consentire

1224 1750 1292 1772 non
1315 1739 1419 1782 patiar
1440 1765 1447 1772 .
1474 1740 1566 1787 Qia
1590 1749 1717 1772 memor
1739 1738 1784 1772 est
1808 1750 1921 1773 eorum
1939 1763 1950 1779 ,
1979 1748 2051 1780 quae
2076 1738 2114 1772 in

1223 1788 1378 1828 Thai-so,
1404 1789 1483 1823 &in
1506 1788 1740 1830 Chalcedone,
1768 1789 1850 1823 &in
1874 1787 2006 1833 Epheso
2030 1788 2114 1822 faeta

1223 1839 1298 1872 sunt
1315 1852 1326 1871 ε
1354 1839 1397 1871 Et
1413 1850 1516 1882 nuper
1529 1839 1600 1882 post
1612 1839 1753 1873 reditum
1766 1839 1801 1872 in
1815 1837 2000 1873 Antiochia
2022 1838 2041 1872 a
2054 1849 2117 1872 no·

1223 1888 1272 1922 bis
1285 1888 1396 1932 saepius
1407 1888 1492 1923 dista
1506 1913 1514 1920 .
1541 1890 1624 1924 Non
1647 1889 1750 1934 igitur
1761 1890 1933 1933 quisquam
1955 1888 2118 1923 Sanstita-

1223 1949 1289 1972 tem
1302 1948 1384 1972 tuam
1395 1938 1552 1981 inducat,
1579 1939 1655 1985 quia
1670 1939 1734 1973 hoc
1747 1951 1811 1985 ego
1826 1941 1930 1974 facere
1943 1939 2046 1985 patiar
2059 1937 2117 1971 ali·

1221 1987 1374 2031 quando,
1403 1989 1480 2023 Deo
1505 1991 1618 2034 utique
1640 2001 1839 2033 cooperante
1860 1988 1968 2029 mihi,
1994 1999 2115 2032 meque

1221 2039 1391 2070 firmante.
1418 2039 1591 2083 Dogmata
1605 2039 1680 2081 vero
1692 2040 1751 2074 ista
1765 2039 1886 2084 Cyrilli
1902 2063 1914 2080 ,
1941 2050 2012 2083 quae
2025 2048 2116 2073 nunc

1220 2086 1260 2120 ad
1275 2084 1457 2120 Berrhaeam
1471 2098 1526 2128 per
1543 2088 1725 2130 Epistolam
1743 2091 1861 2131 scripsit
1873 2113 1884 2127 ‚
1909 2100 2005 2132 prava
2029 2087 2112 2122 mihi

1219 2136 1282 2170 esse
1296 2147 1364 2170 non
1380 2135 1445 2169 visa
1456 2137 1532 2170 sunt
1544 2160 1554 2176 ,
1582 2137 1634 2170 sed
1647 2136 1681 2170 &
1693 2137 1786 2171 valde=
1799 2140 1962 2171 contraria
1975 2149 2041 2171 tam
2052 2137 2116 2171 Ca·

1221 2185 1357 2230 pitulis,
1384 2196 1483 2230 quam
1507 2186 1581 2220 aliis
1602 2186 1671 2229 ejus
1691 2186 1894 2229 Conscriptis
1910 2211 1917 2218 .
1945 2187 2053 2221 Unde
2079 2187 2113 2221 δε

1223 2235 1405 2279 Epistolam
1418 2235 1558 2269 scribens
1572 2235 1725 2271 Domino
1737 2247 1813 2271 meo
1827 2235 2030 2270 Sanffiffimo
2039 2260 2051 2277 ,
2077 2236 2113 2270 δε

1220 2286 1297 2320 Deo
1310 2285 1520 2321 Amiciffimo
1539 2285 1705 2330 Episcopo
1719 2286 1846 2321 Acacio
1869 2285 1936 2320 hoc
1956 2287 2062 2329 ipsum
2075 2287 2115 2320 fi-

1219 2336 1374 2381 gnificavi
1385 2362 1393 2368 .
1425 2336 1469 2370 Et
1483 2335 1555 2370 vere
1570 2361 1581 2377 ‚
1608 2337 1630 2369 fi
1645 2338 1766 2379 possem
1778 2360 1790 2377 ,
1818 2336 1970 2371 venissem
1985 2338 2111 2379 utique,
2127 2336 2129 2343 '

1219 2388 1253 2420 δε
1264 2386 1473 2420 contulissem
1486 2398 1562 2420 cum
1576 2396 1632 2420 tua
1646 2388 1822 2420 Sanctitate
1837 2411 1845 2418 .
1874 2386 2006 2420 Vellem
2019 2387 2115 2430 fiqui-

1219 2436 1294 2472 dem
1314 2437 1437 2470 discere
1452 2459 1463 2475 ,
1490 2435 1569 2479 quid
1592 2437 1669 2470 esset
1691 2436 1725 2469 in
1748 2439 1884 2470 veritate
1905 2436 2111 2471 occultatum

1219 2487 1253 2520 in
1269 2487 1316 2521 eis
1330 2512 1341 2528 ‚
1366 2485 1456 2530 quod
1467 2486 1508 2519 ab
1522 2485 1721 2530 Evangelica
1734 2485 1877 2520 domina
1891 2486 1928 2519 fit
1941 2485 2089 2520 alienum
2100 2510 2110 2519 .

1221 2537 1263 2570 Et
1289 2536 1357 2570 haec
1371 2536 1448 2570 dico
1461 2546 1530 2569 non
1556 2538 1642 2578 quali
1663 2536 1715 2568 cui
1729 2536 1771 2569 ad
1791 2536 2109 2570 communicandum

1217 2598 1295 2620 cum
1320 2597 1361 2620 eo
1387 2584 1444 2618 ista
1465 2583 1646 2617 sufficiant.
1673 2586 1817 2627 Oportet
1833 2586 1923 2618 enirn
1946 2585 2031 2619 clare
2051 2585 2109 2619 illa

1217 2634 1340 2678 exponi
1354 2644 1430 2669 cum
1455 2632 1519 2668 fide
1532 2632 1665 2667 Nicaena
1678 2657 1689 2673 ‚
1716 2634 1749 2668 &
1763 2633 1914 2669 subscribi
1927 2634 1968 2668 ab
1981 2646 2021 2670 eo
2034 2658 2047 2675 ‚
2073 2635 2110 2672 ὃς

1216 2684 1256 2718 ab
1278 2683 1456 2722 omnibus,
1483 2693 1766 2725 quorumcumque
1788 2684 1997 2727 suscipiemus
2021 2696 2109 2719 cotn-

1216 2734 1430 2769 munionem.
1457 2731 1600 2766 Noverit
1621 2733 1711 2766 enim
1735 2734 1892 2767 Sanctitas
1914 2744 1971 2769 tua
1991 2759 2002 2776 ,
2029 2735 2108 2778 quia

1216 2796 1283 2819 tam
1305 2782 1405 2828 longe
1426 2783 1498 2816 sum
1519 2783 1613 2816 suave
1635 2782 1761 2826 aliquid
1783 2783 1968 2821 existimare
1992 2794 2109 2820 ventu-

1217 2847 1288 2871 rum
1301 2860 1312 2876 ‚
1338 2844 1377 2868 ut
1389 2831 1683 2867 Archi-Mandritae
1695 2833 1888 2868 Monasterii
1903 2836 1967 2868 mei
1979 2834 2020 2868 de
2032 2834 2107 2869 Cel·

1217 2887 1246 2921 la
1258 2884 1339 2920 mihi
1352 2882 1540 2918 aedificanda
1553 2883 1776 2917 mandaverim
1788 2909 1795 2916 .
1825 2884 1894 2918 Hic
1905 2895 2046 2929 namque
2067 2885 2105 2920 il·

1218 2936 1328 2972 lumin
1341 2932 1394 2969 his
1404 2932 1517 2971 diebus
1525 2933 1670 2982 contigit
1687 2934 1828 2969 inveniri
1842 2959 1850 2970 .

1407 3091 1912 3138 δεΗοιῙοΝ.

1215 3236 1413 3324 HUjus
1423 3237 1564 3281 epistolae
1573 3241 1796 3285 fragmentum
1807 3237 1911 3272 exstat
1929 3235 2016 3282 apud
2030 3236 2101 3270 Ma-

1347 3288 1433 3322 rium
1443 3290 1661 3324 Mercatorem
1675 3315 1683 3324 .
1709 3289 1767 3323 Est
1778 3288 1858 3322 illud
1870 3289 1976 3331 ipsum
1987 3313 1998 3329 ‚
2009 3284 2097 3328 quod

1213 3340 1277 3374 una
1298 3350 1375 3373 cum
1397 3339 1466 3372 alio
1481 3340 1521 3373 ad
1538 3340 1796 3375 Samosatensem
1819 3336 1987 3373 Andrean:
2007 3337 2100 3380 frag<

1212 3399 1328 3425 mento
1343 3389 1484 3432 Joannes
1507 3390 1682 3426 Garnerius
1692 3387 1850 3425 conflavit
1865 3388 1901 3424 in
1912 3397 2012 3471 unat?l
2021 3386 2101 3429 Epi·—

2014 3446 2049 3471 Q-
