2320 3730
75 2406 157 2444 joan.
164 2413 174 2435 1
181 2417 209 2435 ο.

642 201 954 254 ScHoLns,
989 213 1051 241 rr
1085 196 1279 244 Nor1s
1314 212 1707 249 utusrnarzr.

242 288 284 324 fis
305 283 420 323 Acacii
443 281 483 318 ad
501 283 666 327 Cyrillum
691 283 827 318 litteras.
853 282 965 318 Etiam
978 282 1121 322 litteras,

242 348 323 383 quas
342 334 488 377 Cyrillus
513 346 568 378 per
579 334 775 368 Emesenum
788 333 926 367 Paulum
938 331 1056 375 scripfit
1069 330 1122 365 ad-

243 385 350 422 versus
360 383 612 419 Theodoretum
626 409 632 416 .
659 385 820 432 Qiaenam
831 384 867 416 fit
879 383 946 417 haec
960 382 1105 426 Epistola
1115 404 1124 420 ‚

240 437 362 481 ignoro
379 461 387 468 .
414 433 511 469 Certe
533 434 567 468 in
590 433 818 478 pacificatoriis
836 433 950 466 litteris
973 431 1062 466 nulla
1087 431 1124 465 fit

240 485 448 521 Theodoreti
462 486 603 518 mentio.
634 482 731 518 Certe
745 484 832 516 suam
845 480 993 516 adversus
1011 480 1123 515 Theo-

237 535 346 571 doreti
370 536 562 570 Calumnias
583 546 640 578 pro
661 535 724 569 suis
737 532 902 576 Capitulis
919 530 1124 575 Apologiam

236 586 386 630 Cyrillus
399 597 465 620 non
490 586 575 618 milit
595 584 636 618 ad
659 585 837 628 Joannem.
865 582 1041 617 Praesertim
1056 592 1123 615 non

240 636 328 671 misit
347 647 402 680 per
422 635 578 670 Paulum.
608 633 796 667 Alexander
818 632 962 667 secundo
987 632 1125 665 affirmat

240 685 496 721 Theodoretum
514 686 578 720 effe
597 685 716 719 fastum
741 684 997 727 Cooperatorem
1021 680 1126 724 Cyril-

239 737 338 771 1ianae
354 737 490 771 Haerelis
510 762 517 769 .
545 736 625 770 Hoc
646 733 692 768 est
715 733 924 777 probatorem
949 731 1126 777 Capitulo-

239 798 334 822 rum.
362 787 402 821 In
422 797 490 830 quo
512 784 574 819 fuit
584 784 678 818 valde
690 781 863 828 deceptus.
891 781 1126 818 Theodoretus

239 837 332 871 enim
343 838 465 879 semper
475 834 647 879 permansit
660 835 810 878 pertinax
821 833 1054 879 capitulorum
1067 830 1126 866 ho-

237 886 296 920 stis
311 910 319 919 .
347 886 469 921 Tertio
490 885 628 934 affirmat
647 908 657 924 ‚
683 884 772 928 quod
799 885 962 929 Joannem
984 879 1124 916 Patriar·

237 935 338 970 cham
358 947 538 980 numquam
552 934 702 972 habuerit
714 959 725 975 ‚
751 945 813 968 nec
823 934 927 970 modo
938 931 1055 969 habeat
1066 941 1123 973 pro

239 986 407 1021 Haeretico
415 1009 427 1026 ,
450 995 560 1021 tamen
583 983 764 1027 adjungens
777 997 789 1018 :
816 981 886 1022 Erfi
895 990 1020 1024 propter
1046 990 1124 1014 tem—

234 1044 296 1078 pus
307 1041 387 1069 inter
396 1044 551 1076 utramque
561 1037 593 1066 in
603 1032 751 1065 nonnullis
763 1036 881 1066 variari
890 1040 1015 1075 partem
1021 1040 1122 1075 potue-

235 1089 280 1119 rit
299 1108 306 1115 .
332 1081 518 1118 Secundum
541 1083 763 1127 fragmentum
787 1082 834 1116 est
861 1083 948 1117 varia
971 1082 1122 1125 profeffio
1166 1112 1169 1114 ,

232 1134 471 1170 contumaciae.
500 1130 608 1167 Addit
632 1131 779 1177 quaedam
803 1131 887 1167 bene
911 1133 1056 1167 notanda
1081 1132 1121 1165 de

237 1184 457 1219 immaculatis
476 1182 688 1227 antiquorum
704 1181 945 1226 Episcoporum
968 1181 1120 1218 manibus

239 1234 276 1270 in
290 1234 377 1270 bona
403 1233 649 1269 Ecclefiastica.

427 1438 688 1490 CAPUT
724 1443 906 1489 CLXX.
978 1442 1119 1500 -258

241 1580 470 1622 Theodoreti
482 1580 528 1619 ad
539 1577 753 1620 Nestorium
765 1606 776 1624 ,
807 1579 927 1630 inquit
938 1576 1097 1617 Irenaeus
1112 1605 1123 1624 ,

292 1635 545 1679 sanctissimum
572 1665 584 1683 ,
614 1648 653 1675 ut
684 1632 918 1690 persuaderet
950 1630 1123 1674 sanffiffi.

296 1708 396 1736 mum
415 1691 670 1735 Alexandrum
693 1692 842 1733 adunari
856 1690 1101 1732 Antiocheno
1113 1723 1122 1731 .

240 1809 383 1847 Domino
402 1815 493 1848 mcv,
515 1797 742 1852 &secundam
762 1804 936 1839 veritatem
948 1806 1015 1839 Deo
1036 1805 1123 1840 ami-

296 1858 437 1914 ctffimO,
468 1871 562 1912 atque
577 1855 783 1910 ι(ΞιηέἰιζΙῙὶνηο
802 1862 902 1897 ‘Patri
921 1857 957 1896 &¹
979 1861 1064 1909 Epi-

402 1915 501 1969 stopo
512 1917 659 1965 Nestorio
669 1915 891 1955 Theodorems
912 1920 948 1954 in

509 1978 650 2015 Domino
674 1971 820 2025 fizlutem
839 2003 848 2012 .

314 2136 430 2173 Effime
450 2136 583 2179 quidem
607 2133 788 2180 aegrotavi,
814 2134 984 2179 postquam
1006 2132 1118 2168 rediia

336 2186 565 2223 Germanicia,
593 2186 733 2227 amplius
748 2184 824 2218 vero
847 2196 901 2217 me
911 2184 1117 2224 conficiunt,

234 2239 270 2271 δε
282 2236 420 2272 validius
441 2235 586 2269 cruciant
599 2244 636 2266 ea
649 2258 658 2274 ‚
683 2244 753 2276 quae
765 2240 922 2275 geruntur
943 2233 1028 2267 circa
1046 2234 1117 2267 Do·

232 2288 364 2322 minum
377 2296 487 2320 meum
510 2282 740 2318 sanctissimum
753 2281 954 2324 Episcopum
970 2281 1117 2316 Alexan-

230 2336 347 2372 drum.
376 2337 450 2370 Nec
472 2335 562 2370 enim
574 2333 718 2368 Domini
743 2331 847 2366 verbis
856 2331 1055 2375 acquiescere
1064 2342 1116 2374 pa-

231 2388 314 2422 titur
326 2384 513 2422 dicentibus
525 2398 536 2418 .·
563 2386 664 2417 Bonus
676 2380 777 2422 Pastor
788 2387 924 2414 animam
928 2379 1018 2424 suam
1026 2387 1115 2423 ponit

228 2444 286 2478 pro
305 2435 421 2469 ovibus
440 2433 505 2476 suis
526 2458 534 2466 .
561 2433 634 2467 Nec
655 2431 844 2476 juramentis
868 2431 962 2464 Beati
995 2430 1113 2472 Pauli,

228 2486 353 2530 quibus
366 2486 440 2519 usus
452 2483 497 2518 est
509 2482 549 2517 ad
563 2481 765 2517 suadendum
789 2480 905 2522 nobis,
932 2480 1020 2521 quod
1039 2491 1113 2515 ana·

232 2536 346 2570 thema
358 2535 428 2568 fieri
439 2534 457 2567 a
468 2531 762 2575 Christojuraverit
783 2542 842 2575 pro
855 2529 964 2574 impiis
976 2530 1110 2574 Judaeis3

231 2586 287 2620 sed
298 2585 368 2619 vult
379 2584 550 2619 commissa
574 2582 631 2616 fibi
644 2581 765 2616 Pascua
778 2579 908 2624 perdere
921 2606 927 2612 .
956 2580 999 2614 Et
1014 2581 1113 2616 ultio-

231 2645 292 2670 nes
302 2634 347 2669 ob
359 2633 424 2667 hoc
434 2632 559 2667 debitas
567 2643 626 2675 pro
639 2630 745 2665 nihilo
757 2630 891 2674 deputat
904 2654 910 2662 .
940 2629 1047 2665 Unde
1059 2632 1112 2666 ite-

232 2695 307 2720 rum
326 2694 420 2719 tuam
439 2681 649 2718 sanctitatem
671 2691 756 2725 rogo
768 2704 779 2719 ,
805 2689 841 2714 ut
858 2679 889 2713 ei
911 2679 1029 2715 scribas
1041 2706 1052 2722 ‚
1078 2682 1111 2716 &

230 2735 302 2779 ejus
322 2732 535 2769 Sanstitatem
556 2730 745 2774 persuadeas
766 2729 906 2763 Paulum
927 2730 1039 2765 audire
1065 2731 1112 2765 di·

56 2792 155 2824 ¹mcor.
167 2778 211 2823 ro.
230 2794 380 2820 centem:
407 2783 493 2825 ,Quia
515 2791 573 2815 non
594 2791 696 2822 quaero
714 2781 793 2822 quod
811 2779 885 2813 mibi
905 2777 959 2823 soli
969 2782 1111 2823 expedit,

224 2835 284 2881 [ed
297 2834 379 2878 quod
383 2831 522 2876 pluribus
536 2854 547 2870 ‚
571 2829 784 2874 ursulventur.
812 2831 857 2865 Et
866 2831 1048 2874 acquirere,
1075 2840 1111 2866 ut

229 2885 383 2930 pusillum
395 2883 582 2926 delinquat.
610 2880 662 2915 Sic
672 2880 761 2914 enim
770 2891 952 2923 ponamus,
978 2882 1062 2924 quali
1075 2881 1110 2915 δε

229 2935 299 2971 hoc
323 2935 381 2969 fiat
397 2957 408 2972 ,
432 2942 470 2967 ut
490 2933 509 2967 a
535 2930 642 2965 multo
665 2929 797 2965 Delino
822 2941 952 2966 caeteros
975 2931 1109 2966 liberet.

230 2985 301 3019 Scis
312 2984 403 3018 enirn
414 2981 499 3017 clare
509 2980 599 3026 quod
611 2981 688 3015 dico
699 3004 710 3022 ‚
737 2980 815 3015 Deo
826 2980 1029 3018 Amiciffime
1043 2983 1108 3017 Do-

230 3033 342 3068 mine:
372 3033 416 3066 Et
438 3032 524 3067 nosti
540 3032 650 3067 causas
671 3029 736 3064 mei
762 3029 902 3066 doloris.
931 3031 1038 3067 Unde
1049 3044 1109 3067 nec

233 3081 381 3127 pluribus
390 3081 494 3116 verbis
515 3081 651 3125 indigeo
659 3104 671 3122 ,
698 3079 751 3116 sed
762 3088 826 3115 tuae
836 3081 983 3125 supplico
994 3083 1110 3117 Sancti·

229 3133 293 3168 tati
315 3157 327 3174 ‚
351 3140 389 3166 ut
408 3143 484 3166 eum
507 3129 732 3166 vehementius
753 3131 895 3175 increpes
916 3156 925 3165 .
957 3132 1109 3167 Arbitror

229 3183 341 3221 enim,
366 3181 443 3226 quia
456 3182 478 3215 si
497 3180 532 3216 id
545 3181 602 3216 fiat
615 3205 626 3220 ,
653 3192 721 3217 non
733 3180 886 3216 refutabit
909 3183 1018 3217 nostra
1037 3183 1111 3218 col·-

228 3232 364 3276 loquia,
390 3230 569 3274 atquem,
594 3230 670 3267 Deo
681 3231 830 3273 favente,
855 3230 1000 3267 difficilia
1025 3244 1109 3268 cun-

230 3283 280 3318 fia
291 3282 457 3318 solventur
468 3307 475 3315 .

1904 224 1925 267 3
1941 225 1961 267 3
1977 226 1994 255 1

1184 282 1399 334 Dubitare
1435 303 1504 335 me
1541 284 1679 335 fateor
1712 325 1724 347 ‚
1771 307 1826 339 an
1873 293 2065 361 Epistola

1252 354 1521 406 Theodoreti
1532 356 1583 406 {it
1594 355 1806 407 credenda
1819 397 1831 419 ‚
1867 382 1955 429 qua
1969 366 2067 414 hor-

1252 431 1334 477 tari
1365 442 1563 476 narratur
1587 428 1869 489 Nestorium,
1904 448 1954 479 ut
1977 440 2065 497 ejus

1251 500 1512 548 correctione
1551 497 1796 547 Alexander
1834 535 1849 559 ,
1905 500 1950 548 id
1985 503 2069 563 est,

1251 569 1372 636 quafi
1396 570 1503 617 alter
1540 567 1770 618 Nestorius
1807 572 2066 633 corrigatur,

1252 639 1355 687 dum
1371 642 1454 687 tria
1487 644 1529 688 δι
1545 638 1697 688 eadem
1714 656 1898 705 uterque
1912 659 2069 709 propo-

1253 728 1396 758 neret.
1435 708 1486 759 Id
1510 710 1595 771 est,
1631 727 1679 759 ut
1710 711 1873 779 Cyrilli
1903 714 2071 780 Scripta

1253 779 1581 828 decernerentur
1605 783 1848 838 Haeretic23
1885 786 1950 831 Ut
1979 800 2070 831 non

1254 849 1560 911 damnarentur
1584 850 1778 900 Nestorii
1816 856 2070 915 Dogmata3

1254 924 1319 969 Ut
1332 926 1423 986 ejus
1451 919 1635 986 dejestio
1651 918 1882 971 solveretur
1896 959 1909 970 .
1945 923 2071 972 Alio-

1254 992 1363 1057 quin
1377 1005 1424 1038 ut
1441 1025 1453 1048 ‚
1467 989 1588 1056 quod
1604 1006 1696 1039 erat
1719 992 1930 1041 residuum
1943 1030 1956 1053 ‚
1982 1010 2071 1042 non

1254 1062 1630 1110 communicarent
1656 1060 1723 1109 his
1749 1095 1762 1120 ‚
1797 1064 1876 1126 qui
1903 1062 1982 1110 ista
2006 1080 2072 1111 re-

1255 1145 1435 1181 nuerent
1450 1165 1462 1177 .
1483 1127 1796 1178 Theodoretus
1810 1144 1955 1179 autem
1969 1148 2072 1180 con-

1255 1204 1390 1251 trario
1418 1196 1640 1248 evidenter
1682 1201 1860 1249 tramite
1899 1218 2070 1261 meam,

1258 1269 1484 1341 perspicue
1521 1267 1578 1318 ad
1625 1268 1672 1319 id
1717 1287 1904 1337 quaerere
1938 1271 2074 1320 collo-

1254 1344 1410 1410 quium
1441 1339 1679 1409 apparebat
1707 1340 1949 1391 Alexandri
1973 1378 1987 1402 ,
2023 1357 2072 1390 ut

1255 1417 1298 1462 ei
1333 1411 1388 1461 de
1423 1412 1734 1462 communione
1770 1430 1869 1461 cum
1897 1417 2074 1477 Joanne

1256 1480 1444 1533 ineunda
1452 1480 1673 1550 perfhadere
1688 1481 1823 1551 posset
1842 1518 1853 1530 .
1866 1484 1975 1531 Tale
1992 1484 2074 1544 igi-

1255 1570 1326 1603 tur
1339 1569 1457 1612 erat,
1495 1551 1804 1602 ficredendum
1830 1551 1916 1612 est,
1952 1550 2074 1618 quod

1253 1623 1462 1673 Nestorio
1497 1621 1671 1671 suadere
1697 1621 1934 1688 susceperat
1957 1656 1970 1681 ‚
2022 1637 2075 1670 ac

1255 1694 1288 1743 fi
1314 1692 1506 1742 diceret:
1543 1697 1724 1760 Increpa
1753 1689 2072 1751 Alexandrum,

1254 1782 1355 1814 cum
1368 1765 1668 1814 communicat
1698 1763 1851 1811 tibiae
1877 1765 1991 1822 ταῖς,
2029 1768 2072 1812 &

1254 1853 1349 1884 non
1410 1835 1557 1900 potius
1607 1831 2073 1882 Communicatoribus

1254 1904 1417 1972 Cyrilli
1444 1939 1456 1963 ‚
1491 1903 1829 1970 Depofitoribus
1865 1906 1951 1953 tuis
1983 1940 1995 1964 ‚
2030 1907 2073 1951 &

1253 1975 1745 2026 Anathematizantibus
1776 1989 1851 2027 tua
1874 1979 2073 2034 Dogma-

1253 2060 1324 2092 ta.
1363 2044 1462 2092 Nisr
1477 2043 1612 2102 forte,
1655 2060 1703 2092 ut
1717 2041 1892 2103 assolet,
1928 2043 2073 2091 Theo-

1252 2113 1455 2163 doretum
1475 2129 1640 2174 magnae
1653 2114 1858 2162 utilitatis
1875 2111 1965 2182 spes
1980 2149 1992 2173 ,
2029 2117 2072 2162 &

1251 2185 1388 2230 nimia
1405 2183 1630 2230 charitatis
1644 2184 1839 2230 intentio
1851 2182 2070 2249 affumptae

1250 2253 1313 2300 rei
1329 2248 1631 2298 difficultatem
1646 2266 1733 2298 non
1758 2249 1855 2299 livit
1870 2251 2068 2300 intende-

1248 2338 1296 2369 re
1323 2356 1335 2367 .
1373 2319 1506 2368 Nihil
1536 2336 1729 2386 namque
1758 2322 1945 2388 amplius
1971 2339 2064 2371 erat

1250 2388 1494 2453 agendum,
1531 2406 1663 2456 quam
1681 2390 1772 2457 quo
1797 2390 1890 2441 suas
1920 2408 2064 2459 partes

1249 2459 1477 2510 Nestorius
1501 2458 1589 2526 ipse
1612 2458 1856 2511 dissolveret
1883 2498 1895 2522 ,
1933 2467 1976 2511 &
2002 2461 2063 2510 sui

1251 2528 1377 2580 causa
1403 2527 1621 2597 disruptos
1650 2532 1845 2580 Ecclefiae
1869 2532 2063 2582 restitue-

1248 2616 1313 2650 ret
1330 2637 1341 2649 .
1378 2604 1480 2650 Una
1505 2602 1670 2669 qqupe
1694 2601 1820 2651 causa
1847 2618 1939 2652 erat
1958 2605 2063 2653 Ale-

1246 2669 1422 2731 xandri,
1458 2674 1765 2721 &caeterorum
1793 2676 1930 2742 partis
1959 2673 2064 2738 ejus-

1247 2740 1347 2790 dem
1365 2761 1393 2790 :a
1413 2744 1471 2790 Et
1495 2740 1617 2808 quod
1630 2743 1674 2790 in
1688 2743 1767 2792 illo
1789 2742 2062 2793 obtineretur

1246 2811 1273 2860 ὲ.
1307 2810 1540 2873 Nestorio,
1579 2813 1776 2862 Ecclefiae
1802 2828 1871 2861 tot
1885 2812 2060 2880 Episco-

1246 2883 1313 2950 pis
1363 2899 1450 2932 non
1498 2881 1657 2949 absque
1708 2881 1930 2945 Gregibus
1976 2882 2059 2932 suis

1246 2950 1545 3002 Theodoretus
1570 2969 1729 3015 magno
1751 2955 1904 3019 utique
1957 2953 2059 3003 cha-

1245 3024 1390 3074 ritatis
1425 3022 1630 3088 cupiebat
1666 3022 1891 3073 instinctu-

1173 3092 1301 3144 Unde
1316 3090 1546 3143 necessario
1561 3091 1724 3142 &illud
1737 3109 1992 3155 evenerant,
2008 3111 2056 3144 ut

1244 3162 1410 3212 charitas
1437 3164 1483 3211 in
1507 3163 1587 3213 illo
1611 3167 1699 3229 jam
1721 3181 1868 3233 coepta
1906 3164 2055 3214 haberi

1242 3233 1480 3286 firmaretur
1490 3269 1503 3293 ,
1528 3233 1585 3285 ab
1597 3233 1694 3303 ipso
1706 3237 1886 3285 authore
1896 3235 2053 3285 destru-

1243 3309 1335 3354 eta.
1372 3303 1503 3371 Qod
1528 3304 1557 3354 fi
1571 3323 1647 3372 per
1662 3306 1773 3355 hanc
1785 3306 2055 3357 obtineretur

1246 3374 1506 3444 Epistolam‚
1541 3373 1595 3425 de
1612 3375 1745 3425 fructu
1770 3382 1859 3443 eJ'us
1874 3391 2024 3425 omnes
2039 3411 2052 3435 ,

1901 3453 1981 3491 puto
1993 3468 2005 3486 ‚
