2320 3730
590 169 908 225 Senotus,
948 181 1013 227 effi·
1045 161 1243 211 Nous
1275 176 1665 211 ntum-Raris.

396 326 741 375 CAPUT
812 329 928 378 XL

260 469 371 516 Item
408 465 613 517 Εάἱᾶιιηι
660 462 1072 529 Magnificentislimi

377 538 569 588 Comitis
605 535 662 586 ad
699 534 925 606 Synodum
953 570 967 583 .

224 680 267 725 F
266 675 396 725 lavim
431 676 682 726 Candidianus
707 711 721 735 ‚
763 673 1004 743 Magnificus
1051 677 1110 722 ἐξ)

295 746 456 812 Glorzos
444 745 516 813 ff
489 766 585 796 mus
609 752 736 794 Comes
771 743 966 811 Devotff
965 762 1111 792 morum

294 817 584 881 Domesticorum
620 854 634 880 ‚
668 816 722 864 ad
755 817 863 883 corf
853 817 895 882 s
894 835 994 864 onem
1023 832 1112 886 per-

295 889 606 955 turbationemque
665 891 776 937 totius
822 891 1009 937 Civitatis
1055 890 1113 933 in.-

295 955 461 1007 tendens.

227 1100 389 1190 Non
411 1101 570 1137 mediocri
581 1101 710 1147 ssupore
721 1102 874 1139 detentus
884 1104 954 1138 sum
965 1129 972 1137 .
1000 1101 1113 1139 Nimis

358 1163 500 1196 namque
512 1153 632 1187 rationi
644 1154 843 1188 contrarium
854 1154 899 1188 est
908 1147 1044 1198 propter
1055 1164 1092 1187 ea
1103 1178 1114 1194 ,

356 1214 426 1247 quae
450 1200 601 1237 hesterno
622 1204 677 1238 die
703 1206 780 1238 sunt
806 1206 874 1240 asta
901 1229 914 1244 ‚
940 1203 1113 1247 cujuslibet

224 1254 375 1288 animum
401 1264 471 1287 non
492 1254 695 1295 permoveri.
722 1254 798 1287 Nec
818 1253 910 1287 enim
935 1252 1115 1297 quemlibet

225 1302 585 1338 Reverendiffimorum
601 1302 840 1347 Episcoporum
853 1303 976 1337 nescire
987 1302 1116 1336 arbitra·

227 1363 282 1387 tur
292 1354 442 1387 Devotio
465 1365 538 1388 mea
553 1377 564 1393 ,
590 1354 750 1397 quoniam
776 1365 837 1388 nec
848 1353 966 1395 semel,
991 1365 1053 1388 nec
1075 1354 1116 1387 se-

228 1403 340 1437 cundo
350 1403 478 1443 solum,
505 1403 559 1436 sed
579 1403 679 1437 etiam
691 1401 802 1447 saepius
814 1403 902 1448 juxta
916 1415 954 1438 ea
968 1428 979 1444 ‚
1007 1415 1076 1445 quae
1100 1402 1118 1436 ὲ

229 1453 374 1487 Divino¹
398 1452 433 1489 ὃς
453 1451 641 1487 inviolabili
662 1453 797 1488 Vertice
817 1454 893 1488 sunt
929 1463 1084 1498 praecepta
1109 1476 1120 1493 ,

231 1503 357 1537 cunetis
376 1501 586 1536 manifestum
597 1502 681 1542 feci,
714 1502 804 1545 quod
825 1513 990 1547 oporteret
1012 1504 1119 1538 omni·

229 1551 292 1586 bus
313 1551 407 1585 simul
419 1550 707 1586 Reverendiffimis
721 1551 891 1597 Episcopis
923 1555 1120 1588 convenien-

230 1601 321 1636 tibus
341 1601 460 1644 pariter
480 1601 522 1636 de
538 1602 599 1645 piae
624 1602 658 1636 δε
679 1600 874 1637 orthodoxae
899 1603 977 1638 fidei
999 1602 1118 1638 acribia

229 1651 350 1687 discuti
362 1651 594 1695 quaestionem.
622 1652 732 1687 Unde
753 1653 853 1688 etiam
872 1654 1000 1698 Scripto
1027 1666 1065 1690 ac
1086 1654 1120 1687 fi-

231 1713 275 1737 ne
296 1702 431 1746 Scriptis
451 1702 536 1746 apud
546 1713 624 1743 eos,
652 1714 737 1746 quos
759 1704 955 1747 oportebat,
981 1705 1120 1744 aflerui,

231 1763 276 1787 ne
294 1752 367 1796 quis
391 1753 617 1796 particularem
636 1747 811 1797 Synodum
836 1756 973 1790 faceret:
997 1754 1120 1813 Neque

233 1801 311 1836 vero
331 1814 407 1836 cum
432 1814 475 1836 eo
495 1803 614 1847 aliquis
635 1805 848 1844 conveniret,
873 1806 896 1839 si
911 1805 1122 1850 quisirratio·

233 1852 389 1888 nabiliter
410 1863 504 1897 agere
516 1853 642 1897 aliquid
658 1855 722 1888 tale
734 1856 956 1898 praesumeret.
982 1855 1120 1888 Clarum

234 1912 377 1943 namque
398 1904 443 1935 est
458 1924 469 1938 ,
495 1903 571 1944 quia
592 1913 662 1944 quae
683 1914 724 1936 ex
746 1914 811 1936 una
830 1913 918 1946 parte
937 1904 1011 1937 sunt
1032 1904 1121 1948 gesta

236 1958 349 1996 praeter
357 1951 499 1984 formam
511 1976 522 1991 ,
547 1962 617 1993 quae
630 1951 647 1985 a
658 1951 782 1986 Mundi
797 1952 954 1986 Dominis
964 1953 1040 1986 data
1052 1953 1115 1993 est,

232 2010 298 2034 nec
319 1999 412 2032 firma
439 2009 499 2033 nec
535 1999 682 2043 legitima
721 2001 924 2044 putabuntur
948 2026 955 2034 .
983 2001 1121 2045 Propter

234 2047 326 2092 quod
352 2048 486 2083 &nunc
507 2059 775 2093 unumquemque
798 2051 987 2092 admoneo,
1012 2061 1050 2087 ‚ut
1066 2063 1121 2085 ex·

234 2100 356 2142 spectet
378 2110 434 2142 per
454 2098 567 2133 omnia
593 2099 670 2134 Deo
686 2100 886 2135 Amiciffimi
914 2100 1120 2136 Antiocheni

233 2148 388 2192 Episcopi
402 2149 539 2192 Joannis
550 2147 728 2185 adventum
744 2175 756 2192 ‚
782 2152 940 2186 &eorum
952 2152 1011 2196 qui
1035 2152 1122 2186 veni-

234 2209 270 2234 re
291 2198 407 2243 pariter
432 2199 580 2241 nunciati
609 2201 684 2234 suut
703 2226 711 2233 .
749 2202 883 2246 Insuper
907 2203 941 2236 &
964 2203 1097 2238 illorum
1111 2227 1120 2240 ‚

235 2248 292 2292 qui
315 2247 356 2283 ab
368 2248 570 2291 Occidente,
597 2260 634 2284 ut
647 2250 790 2293 dicitur,
816 2252 974 2287 aderunt.
1003 2253 1123 2297 Impos-

235 2298 327 2336 sibile
347 2298 415 2338 est,
443 2308 481 2334 ut
498 2300 626 2344 aliquid
645 2312 759 2336 eorum
773 2327 782 2342 ‚
811 2313 879 2346 quae
902 2314 942 2336 ex
963 2313 1053 2347 parte
1080 2313 1124 2338 at-

236 2360 300 2392 que
317 2358 495 2393 utcumque
519 2360 678 2395 geruntur
703 2376 714 2392 ‚
741 2353 807 2387 ulla
832 2353 974 2397 dignum
998 2353 1125 2387 ratione

237 2399 395 2437 ducatur,
420 2399 551 2441 eoquod
577 2402 609 2434 &
624 2412 741 2437 contra
754 2403 982 2438 Dominorum
1001 2404 1123 2439 Mundi

239 2448 400 2492 Praecepta
425 2450 463 2485 sit
486 2450 626 2486 fastum.

431 2601 933 2648 SCHOLION.

350 2748 403 2781 Oc
417 2746 570 2780 Edistum
585 2748 813 2785 Candidianus
839 2750 963 2790 emisit,
989 2748 1071 2783 dum
1086 2751 1129 2784 af-

378 2798 476 2830 fixam
500 2797 645 2832 Nestorii
667 2800 914 2835 damnationem
940 2801 1069 2840 refixit,
1095 2800 1129 2834 &

242 2848 345 2889 ipsam
358 2847 528 2891 vulgantes
541 2847 708 2885 Praecones
717 2852 921 2894 compescuit
933 2876 940 2883 .
973 2850 1033 2884 Per
1047 2850 1129 2884 illud

241 2897 418 2931 declaravit
430 2897 675 2934 damnationem
687 2902 748 2935 effe
764 2901 890 2934 irritum
903 2901 1129 2941 Attentatum‚

243 2946 278 2982 ἀ·
300 2948 405 2980 vetuit
429 2948 581 2990 deinceps
607 2951 721 2984 similia
748 2964 766 2985 a
790 2950 929 2994 synodo
955 2952 1126 2985 attentari.

245 2996 361 3032 Emisit
384 2997 437 3031 die
450 2998 600 3042 vigefima
621 3001 713 3035 tertia
731 3001 843 3048 Junii,
869 3002 967 3037 altera
989 3002 1060 3046 post
1073 3003 1127 3045 Sy·

247 3046 399 3083 nodalem
425 3047 620 3086 Aaronem

345 3446 450 3487 Christ.
465 3451 542 3490 Lupi
553 3453 653 3491 opera
675 3451 775 3484 Tyn.

1946 66 1963 87 a

1918 181 1976 224 41

1390 321 1653 371 CAPUT
1687 324 1815 380 ΧΠ.
1921 339 2046 383 ..-95

1169 465 1354 532 Inclpt'unt
1388 461 1558 528 ficunda
1608 466 1827 509 Commenta
1878 465 2052 529 Symdi,

1241 551 1317 606 quae
1352 552 1436 580 cum
1459 541 1605 587 Joanne
1640 530 1862 581 Antiocheno
1888 537 1984 605 Epi.-

1405 602 1520 674 fiopo
1565 608 1736 650 convenit
1771 607 1809 651 z'n

1522 672 1706 747 Ephff,

1177 844 1446 938 SAAEftiffimus
1459 847 1619 889 Joannes,
1645 850 1797 891 praesente
1813 851 1930 885 SanEta
1953 851 2060 894 Syno

1355 897 1390 932 &
1408 895 1739 940 Magnificentiffimo
1764 899 1799 933 ὅτ.
1820 900 2061 936 Gloriosiffimo

1175 948 1311 984 Comite
1345 946 1579 987 Candidiano,
1605 944 1710 979 dixit:

1222 995 1392 1032 Sabbatho
1408 996 1543 1039 meridie
1556 1021 1568 1036 ‚
1594 995 1675 1030 dum
1686 995 1753 1039 jam
1766 995 2036 1041 advesperasceret
2045 1026 2058 1041 ‚

1175 1048 1390 1093 agnoscentes
1404 1047 1563 1090 quoniam
1574 1046 1631 1090 qui
1641 1047 1757 1080 omnia
1787 1045 1902 1090 inique
1926 1051 2063 1085 &illici-

1176 1098 1208 1134 te
1227 1099 1354 1133 faciunt
1377 1122 1390 1139 ,
1414 1097 1531 1131 volunt
1558 1098 1594 1132 δι
1616 1107 1707 1131 nunc
1730 1121 1742 1137 ‚
1779 1098 1909 1140 propria
1934 1110 2065 1138 utentes

1176 1149 1362 1184 temeritate
1388 1159 1426 1182 ac
1450 1146 1627 1191 pertinacia
1649 1171 1660 1187 ,
1696 1146 1871 1181 Missarum
1905 1149 2066 1184 celebrare

1178 1198 1359 1236 Collenam
1386 1221 1397 1238 ,
1422 1198 1612 1243 rogavimus
1637 1197 1926 1243 Magnificentiam
1953 1209 2064 1241 tuam,

1177 1248 1291 1283 dantes
1313 1249 1349 1283 in
1372 1249 1500 1292 Scripto
1519 1248 1736 1293 petitionem,
1762 1258 1799 1282 ut
1810 1249 1956 1283 transires
1969 1251 2068 1292 usque

1178 1298 1219 1332 ad
1238 1311 1318 1339 eos,
1344 1300 1378 1333 &
1403 1299 1650 1339 contestareris,
1677 1310 1719 1333 ne
1739 1299 1899 1334 calcarent
1911 1299 2069 1334 Ecclefia-

1180 1349 1274 1384 sticas
1284 1349 1499 1391 Sanfflones‚
1526 1350 1626 1393 &pia
1639 1349 1803 1389 Decreta,
1829 1361 1935 1394 neque
1958 1350 2070 1385 Colle-

1180 1403 1264 1436 stam
1275 1398 1474 1437 celebrarent
1483 1399 1557 1435 Viri
1571 1424 1582 1440 ,
1609 1411 1750 1444 quorum
1763 1400 1843 1443 juste
1854 1400 1986 1443 quidem
2000 1401 2071 1442 qui-

1182 1451 1258 1485 dam
1270 1448 1427 1494 depositi,
1454 1450 1511 1484 alii
1524 1451 1603 1485 vero
1614 1451 1856 1486 communione
1867 1452 1982 1493 privati
1997 1453 2071 1485 sunt

1182 1511 1312 1545 propter
1333 1499 1517 1535 haereticam
1542 1501 1705 1534 vesaniam
1722 1526 1733 1542 ,
1760 1502 1796 1534 &
1822 1501 2071 1544 inexplicabiles

1183 1552 1344 1586 tumultus
1354 1550 1490 1585 illicitos
1505 1574 1516 1591 ‚
1540 1551 1732 1594 piarumque
1752 1551 1968 1584 Sanffionum
1992 1562 2073 1585 con-

1183 1612 1345 1646 temptum
1363 1626 1370 1634 .
1401 1601 1576 1646 Rogamus
1601 1600 1681 1644 ergo
1705 1600 1995 1644 Magnificentiam
2024 1612 2074 1634 ve-

1184 1652 1301 1693 stram,
1330 1661 1367 1685 ut
1378 1661 1502 1689 certum
1513 1649 1781 1693 SanstaeSynodo
1793 1649 1940 1691 faciatis,
1968 1648 2074 1684 fihaec

1183 1703 1252 1747 ipsa
1267 1700 1340 1736 vere
1350 1700 1415 1734 illis
1427 1700 1683 1745 Magnificentia
1697 1700 1798 1735 vestra
1812 1700 1972 1734 innotuit.

1233 1751 1582 1798 Magnificentiffimus
1593 1751 1716 1787 Comes
1728 1750 1955 1785 Candidianus
1968 1750 2052 1786 dixit
2066 1764 2073 1782 :

1185 1803 1363 1847 Postquam
1385 1802 1582 1846 petitionem
1606 1803 1624 1836 ὲ
1649 1801 1750 1836 vestra
1773 1801 2004 1847 Religiositate
2027 1803 2076 1836 su-

1185 1854 1270 1895 scepi
1295 1877 1307 1892 ,
1343 1849 1428 1886 nihil
1451 1852 1593 1886 omnino
1617 1853 1734 1886 monui
1757 1875 1770 1891 ,
1791 1851 1882 1895 ‘quia
1910 1863 1971 1886 nec
1992 1852 2076 1885 ratio

1185 1911 1251 1936 erat
1265 1926 1272 1933 .
1292 1900 1354 1934 Sed
1365 1900 1442 1943 quia
1455 1899 1496 1934 ad
1511 1901 1811 1935 Reverendiffimos
1821 1900 1988 1943 Cyrillurn
2001 1902 2079 1945 Epi-

1184 1952 1320 1993 scopum
1344 1951 1380 1984 &
1396 1949 1616 1996 Memnonem
1629 1975 1641 1990 ,
1667 1951 1702 1985 ὃς
1715 1951 1860 1993 reliquos
1873 1951 1934 1984 iter
1945 1952 2051 1985 direxi
2066 1977 2077 1991 ‚

1183 2000 1218 2033 δε
1231 2000 1300 2033 illic
1312 1998 1400 2042 apud
1410 2009 1466 2032 eos
1478 1998 1638 2041 plurimos
1649 2000 1751 2042 reperi
1775 2009 2014 2045 congregatoe,
2042 2002 2077 2035 ὃς

1184 2049 1323 2095 rogavi,
1351 2059 1392 2082 ne
1413 2048 1529 2081 Miffas
1543 2060 1599 2092 per
1620 2050 1651 2083 se
1664 2049 1719 2092 ipsi
1732 2057 1897 2084 tenerent.
1925 2050 2016 2097 Qia
2043 2051 2077 2085 &

1186 2100 1220 2134 in
1234 2097 1488 2144 praecedentibus
1500 2099 1636 2139 diebus,
1663 2100 1761 2134 etiam
1778 2100 1962 2144 priusquam
1988 2102 2077 2135 veni-

1185 2161 1254 2185 rem
1267 2175 1277 2191 ,
1304 2151 1338 2184 ὅ(
1352 2150 1504 2184 Sanctam
1520 2149 1738 2184 Pentecosten
1764 2152 1799 2185 &
1811 2150 1951 2195 reliquas
1967 2151 2078 2185 Colle-

1186 2202 1250 2235 ἂεις
1266 2202 1367 2244 usque
1387 2200 1429 2234 ad
1450 2199 1536 2234 hanc
1547 2201 1767 2235 Dominicam
1789 2201 1950 2236 celebrare
1964 2202 2079 2236 nolue-

1188 2261 1263 2284 runt
1277 2276 1286 2290 ‚
1313 2250 1367 2285 sed
1384 2249 1492 2286 revera
1506 2250 1628 2285 Clerici
1641 2251 1791 2285 officium
1804 2252 2056 2295 compleverunt
2069 2277 2078 2285 .

1188 2301 1322 2345 Rogavi
1334 2301 1432 2335 etiam
1446 2311 1482 2334 ut
1495 2301 1686 2335 sustinerent
1700 2302 1740 2335 de
1753 2301 1822 2343 his,
1853 2313 1922 2346 quae
1932 2312 2080 2346 egerunt,

1189 2352 1355 2395 Responsa
1365 2351 1589 2385 Piiffimorum
1600 2351 1791 2396 Principum
1803 2377 1814 2393 ,
1842 2353 2081 2387 Dominorum·

1188 2413 1252 2445 que
1270 2402 1447 2436 vestrorum
1458 2426 1465 2432 .
1491 2401 1568 2445 Ego
1580 2412 1689 2437 autern
1704 2413 1851 2437 neutram
1865 2414 1987 2446 partem
2003 2404 2082 2437 volo

1188 2450 1348 2484 celebrare
1371 2451 1579 2489 concnam,
1606 2464 1648 2485 ne
1680 2452 1763 2486 forte
1784 2453 1918 2495 aliquod
1942 2452 2083 2488 schisma

1188 2500 1309 2534 Sanstae
1334 2508 1432 2542 atque
1445 2498 1650 2534 Orthodoxae
1661 2511 1835 2544 generetur
1861 2501 2011 2535 Ecclefiae
2024 2527 2031 2533 .

1239 2550 1352 2582 Sansta
1379 2549 1534 2591 Synodus
1561 2548 1649 2582 dixit
1672 2563 1680 2581 :
1718 2550 1891 2593 Rogamus
1913 2549 2020 2585 adhuc
2047 2553 2083 2586 δε

1190 2597 1256 2633 haec
1267 2598 1431 2632 addiscere
1443 2598 1460 2630 ἐι
1473 2598 1727 2642 Magnificentia
1742 2600 1843 2634 vestra
1856 2625 1866 2640 ,
1893 2610 2004 2634 utrum
2028 2599 2083 2636 de-

1188 2650 1384 2692 positionem
1396 2648 1518 2691 Cyrilli
1546 2648 1807 2690 &Memnonis,
1834 2651 2082 2694 &reliquorum

1187 2699 1573 2734 excommunicationem
1594 2712 1603 2742 3
1639 2711 1739 2743 quam
1767 2700 1802 2734 &
1826 2712 1879 2744 per
1904 2702 2082 2745 petitiones

1189 2750 1381 2785 edocuimus
1401 2749 1692 2794 Magnificentiam
1721 2750 1858 2784 vestram
1888 2776 1899 2791 ‚
1938 2752 2079 2795 praedisti

1188 2801 1409 2846 cognoverint
1428 2824 1439 2840 ,
1464 2811 1563 2843 quam
1585 2800 1715 2843 publice
1740 2800 1786 2834 ob
1800 2799 1865 2835 hoc
1893 2801 1999 2844 ipsum
2026 2814 2080 2845 per

1189 2862 1325 2886 omnem
1351 2850 1579 2894 proposuimus
1602 2850 1782 2886 Civitatem
1812 2876 1822 2890 ‚
1849 2861 1886 2884 ut
1906 2851 2080 2886 manifesta

1191 2902 1255 2936 haec
1277 2900 1434 2938 omnibus
1449 2924 1461 2940 ‚
1489 2902 1546 2944 qui
1567 2912 1642 2938 cum
1662 2901 1736 2945 ipsis
1760 2903 1835 2935 sunt
1868 2926 1879 2942 ‚
1906 2901 2080 2946 Episcopis

1191 2954 1280 2987 fieret
1297 2952 1313 2984 ,2

1240 3003 1586 3047 Magnificentiffimus
1612 3003 1735 3037 Comes
1769 3001 1996 3037 Candidianus
2034 3001 2081 3036 di-

1190 3053 1264 3088 xit.-
1290 3054 1324 3088 Si
1345 3053 1387 3087 de
1409 3054 1517 3095 aliqua
1539 3053 1595 3087 vili
1619 3055 1714 3087 caus-'a
1737 3062 1931 3097 proponeret
1962 3053 2080 3088 Sancta

1191 3103 1399 3148 Religiositas
1419 3105 1541 3143 vestra,
1565 3104 1600 3137 &
1621 3102 1687 3137 hoc
1710 3114 1840 3147 quoque
1864 3112 1983 3138 notum
2008 3102 2080 3138 fieri

1191 3155 1311 3197 posset.
1341 3153 1482 3202 Qanto
1504 3152 1608 3198 magis
1626 3154 1771 3188 virorum
1793 3154 1952 3197 depositio
1974 3154 2082 3197 praefa·

1191 3215 1321 3244 torum,
1349 3215 1418 3247 quae
1440 3213 1609 3247 tantopere
1628 3203 1792 3247 publicata
1804 3204 1872 3244 est,
1897 3204 1931 3238 &
1954 3214 2009 3247 per
2031 3213 2080 3238 to·

1191 3265 1257 3288 tam
1280 3254 1442 3297 proposita
1465 3254 1644 3289 Civitatem
1660 3254 1676 3285 ,Ρ
1702 3254 1781 3288 Hoc
1806 3254 1910 3297 ipsum
1932 3264 2076 3298 namque

1191 3304 1316 3338 Civitas
1329 3314 1584 3338 commurmurat
1594 3305 1745 3339 universa
1759 3329 1767 3336 .
1793 3303 1838 3337 Et
1859 3315 1979 3348 magna
2005 3313 2077 3336 eam

1191 3355 1371 3388 multitudo
1382 3354 1587 3398 transscripsit
1598 3380 1607 3391 ‚⁷
1631 3355 1764 3398 Insuper
1789 3355 1887 3388 &me
1916 3361 2078 3397 rogante,

1193 3415 1226 3439 ut
1238 3404 1422 3441 Dominico
1434 3404 1487 3443 die
1500 3405 1606 3444 Missae
1618 3416 1686 3443 non
1698 3406 1810 3441 fierent
1821 3403 1862 3439 ab
1873 3405 1918 3438 eis
1927 3429 1936 3444 ‚
1968 3399 2074 3435 revera

1549 3456 1584 3491 D
1634 3466 1656 3505 3
1858 3454 2025 3485 Memnon
