2320 3730
592 170 905 234 Scnotns,
943 189 1004 220 ετ
1040 173 1234 221 N0T1s
1270 183 1663 221 lLLusritArAE.

236 261 295 300 mo
315 273 375 298 nec
399 259 570 296 admittere
593 271 719 305 poterat
731 274 742 294 :
768 259 886 305 Longe
908 259 1017 293 minus
1047 256 1115 299 ejus

238 310 536 349 manussust-inebat
548 310 770 346 subscriberes
789 312 832 345 Et
850 311 918 354 pari
941 308 1021 343 odio
1031 316 1116 340 aver-

239 361 385 397 sabantur
406 361 524 404 Cyrilli
538 362 706 405 Capitula.
735 360 907 405 Diligebat
921 360 955 393 &
967 355 1116 402 cupiebat

239 421 352 457 pacem
362 435 374 451 ,
399 420 432 444 at
444 412 718 455 Dispensatoriam
731 434 743 451 ,
764 421 834 452 quae
847 409 1023 452 unicuique
1033 406 1118 441 cirea

238 460 307 503 eius
316 460 470 495 articulos
482 461 686 505 permittebat
699 460 880 497 libertatem
895 458 1037 492 arbitrii.
1065 457 1119 490 Ex

238 519 307 552 quo
319 510 466 545 videmus
478 511 572 545 istam
582 511 791 546 Provinciam
801 534 813 552 ,
835 518 874 543 ac
882 505 1118 543 omnem'istarn

239 558 491 595 patriarchalem
513 561 688 598 Dioecelim
700 560 795 595 fuisse
805 567 884 595 tunc
894 558 929 593 in
941 558 1120 593 lamentan-

237 608 291 644 dis
302 609 539 646 calamitatibus
551 636 559 644 .

410 833 687 909 'CAPUT
722 863 928 909 cxxlx.
977 876 1121 924 -217

234 998 359 1050 ¹Idem
380 1004 563 1048 Irenaeus
586 1001 733 1066 inquit
748 1031 762 1042 ·
801 1005 877 1047 Per
901 1002 1025 1049 omnia
1044 1005 1123 1047 Deo

306 1065 553 1132 Amiczffimis
586 1072 646 1115 <9⁴
673 1066 928 1133 Sanfflffimis
967 1069 1126 1139 Epi-[EQ

302 1142 364 1206 pis
391 1141 508 1199 Syriae
528 1173 542 1198 ,
577 1141 638 1183 <²9⁴
660 1137 800 1185 Ciliciae
826 1144 960 1207 primae
994 1160 1042 1187 ac
1057 1138 1125 1206 fi-

307 1206 432 1255 cundae
468 1244 483 1268 ,
531 1211 590 1253 <9¹
625 1205 800 1272 ficundae
835 1209 1083 1278 Cappadociae
1108 1248 1127 1276 ,

308 1274 529 1325 Alexander
552 1313 565 1338 ‚
602 1274 852 1331 Theodoretus
873 1314 887 1339 ‚
923 1275 1128 1342 Heliades5

310 1349 478 1395 Abbibus
499 1383 514 1408 ,
549 1351 698 1395 Maras
721 1364 744 1408 ,’
770 1349 913 1397 David
954 1387 969 1413 ,
999 1350 1123 1401 ‘Acili-

308 1437 406 1478 πως,
454 1421 493 1466 in
516 1422 675 1465 Domino
693 1418 856 1485 gaudere
875 1455 888 1467 .
995 1427 999 1431 ’

314 1553 468 1600 Ropheta
478 1557 610 1600 quidem
635 1558 843 1599 Hieremia„
868 1561 965 1595 unius
986 1560 1125 1596 civitatis

338 1605 529 1641 incendium
563 1608 597 1640 δε
620 1605 798 1642 hominum
824 1606 1049 1654 captivitatem
1073 1611 1124 1643 lu—

237 1665 323 1700 gens
338 1678 350 1695 ,
375 1657 503 1691 fontem
526 1656 654 1700 petebat
676 1657 917 1701 lachrymarum
931 1684 943 1701 ,
970 1660 1124 1695 solitudi-

239 1704 295 1739 nis
314 1704 467 1740 ultimum
492 1705 695 1750 requirebat,
719 1708 752 1742 δε
775 1709 1029 1745 lamentationes
1049 1722 1125 1746 con-

241 1754 386 1797 scripsit,
411 1766 448 1790 ut
466 1756 674 1801 angustiam,
700 1768 762 1802 qua
775 1758 863 1793 intus
885 1760 1059 1801 urebatur,
1084 1761 1126 1796 es:

238 1805 338 1838 ferret
351 1814 406 1847 per
416 1805 707 1848 lamentationem,
732 1808 818 1852 quasi
841 1821 896 1852 per
907 1811 991 1845 fumi
1013 1809 1126 1854 evapo-

239 1854 424 1888 rationem.
453 1856 526 1889 Nos
549 1857 625 1890 vero
652 1857 799 1892 Ecclefiae
821 1859 888 1892 Dei
912 1859 1125 1905 oppugnatio-

241 1913 323 1937 nem
350 1926 362 1942 ,
386 1904 641 1949 Sanctorumque
665 1906 798 1942 ulterius
824 1907 1066 1951 proditionem,
1092 1921 1129 1944 ac

242 1952 425 1987 Sacerdotii
436 1956 678 1999 corruptionem
692 1956 864 2002 lugente8‚
891 1970 972 2001 vos,
993 1959 1127 1994 oCom·

241 2001 393 2037 pastores
402 2026 412 2043 ‚
437 2004 479 2038 ad
492 2005 767 2041 lamentationum
779 2009 1061 2053 participationem
1075 2021 1127 2043 vo·

241 2062 354 2086 camus
364 2077 371 2084 .
402 2054 484 2089 Non
496 2064 533 2089 ut
546 2054 736 2099 ignorantes
746 2057 922 2091 doceamus
934 2082 945 2097 ‚
973 2069 1078 2101 neque
1091 2067 1128 2091 ut

241 2100 332 2136 laetos
344 2102 605 2145 perducamusad
619 2104 738 2139 lustum
752 2129 762 2146 ‚
789 2106 843 2140 sed
866 2117 902 2140 ut
917 2107 1018 2140 luctus
1039 2117 1129 2141 com·

238 2151 404 2186 munione
414 2152 465 2187 vel
477 2164 571 2197 parva
584 2153 727 2195 quaedam
737 2155 924 2190 consolatio
934 2158 1130 2200 acquiratur.

292 2201 401 2234 Novit
423 2202 512 2235 enirn
533 2203 693 2236 Sanctitas
707 2204 807 2237 vestra
814 2210 927 2248 ,*2quae
948 2205 1061 2248 inique
1083 2216 1128 2239 at-

241 2260 307 2295 que
327 2249 444 2284 illicite
464 2250 592 2284 velfint
612 2251 695 2285 fasta
720 2252 770 2285 vel
784 2252 864 2286 fiant
878 2277 885 2284 .
913 2253 1006 2286 Illam
1020 2277 1032 2293 ,
1058 2264 1129 2294 quae

240 2309 352 2344 praetet
361 2300 512 2334 omnium
524 2299 761 2343 Episcoporum
772 2302 996 2336 Orientalium
1012 2301 1130 2336 volun-

241 2360 342 2384 tatem
353 2350 394 2384 ad
408 2349 644 2384 Alexandriam
655 2351 700 2384 est
721 2351 836 2386 directa
850 2375 861 2391 ,
886 2351 1105 2397 Legationem
1122 2375 1130 2383 .

243 2399 361 2438 lllam,
391 2410 462 2442 quae
485 2399 679 2442 tyrannice,
703 2400 737 2432 ἀ
753 2412 821 2434 non
843 2401 1065 2435 Ecclesiastico
1089 2401 1130 2435 ab

241 2449 376 2482 eofasta
388 2448 455 2489 est,
481 2448 727 2489 damnationis,
754 2459 789 2483 ut
812 2451 967 2493 putavit,
994 2450 1129 2485 solutio-

242 2508 321 2531 nem
342 2521 351 2529 .
380 2499 472 2532 Dum
494 2498 595 2542 paulo
617 2497 727 2532 minus
747 2498 883 2533 ducenti
909 2501 943 2534 in
966 2500 1126 2546 AEgyptii

242 2546 490 2581 damnationem
512 2548 743 2582 consenserunt
763 2573 774 2589 ,
811 2547 895 2584 duos
927 2559 983 2587 aut
1006 2560 1069 2585 tres
1093 2552 1128 2584 in

240 2597 516 2631 communionem
526 2597 734 2639 Tyrannidis
746 2598 927 2640 assumens,
954 2601 989 2634 &
1013 2611 1129 2635 omnes

243 2646 327 2681 alios
345 2647 497 2690 respuens
516 2668 527 2685 ,
554 2644 644 2679 hunc
668 2646 802 2687 quidem
817 2672 829 2688 ‚
854 2648 932 2681 licut
954 2649 1129 2692 suspicatus

243 2695 291 2730 est
312 2719 324 2736 ,
350 2695 465 2730 solvit.
492 2695 591 2729 Illum
617 2695 693 2730 veto
718 2720 728 2735 ‚
755 2697 812 2740 qui
838 2708 944 2742 neque
968 2699 1129 2742 judicatus

243 2746 316 2785 est,
340 2755 445 2789 neque
456 2754 566 2788 praeter
577 2744 801 2788 Apostolicam
819 2747 1001 2782 doctrinam
1026 2750 1130 2793 quod-

244 2805 387 2837 cumque
408 2794 577 2838 praedicat,
603 2794 656 2828 sed
681 2796 814 2841 vestigia
841 2798 979 2832 Paterna
1002 2800 1129 2834 secutus

244 2845 293 2879 est
305 2869 316 2885 ,
343 2843 376 2878 id
389 2844 433 2878 est
446 2868 457 2884 ‚
483 2844 560 2878 Deo
581 2841 820 2881 Amicissimum
842 2848 876 2882 ὃς
890 2849 1127 2883 δαηᾶῐὶῑιωιηη

243 2894 446 2939 Episcopum
461 2893 671 2935 Nestorium,
698 2895 868 2932 crudeliter
886 2899 919 2932 ὅς
932 2899 1130 2934 latrocinali·

245 2952 295 2978 ter
315 2944 501 2985 interemit,
529 2954 597 2978 non
619 2943 782 2987 accipiens
803 2947 836 2981 in
861 2959 971 2983 mente
982 2950 1126 2984 Oculum

248 2995 365 3028 cunsta
386 3002 597 3035 cernentem,
623 3005 693 3028 non
716 2996 861 3033 futurum
881 2998 1040 3042 judicium
1066 3010 1129 3034 me-

248 3051 364 3084 tuens,
391 3054 460 3078 non
482 3044 650 3078 continuis
661 3045 865 3082 conscientiae
886 3049 1012 3094 sagittis
1033 3052 1129 3084 atsta-

249 3100 304 3126 tus
323 3116 334 3133 ‚
360 3103 429 3126 non
452 3092 603 3127 homines
626 3093 790 3130 miseratus
812 3122 823 3137 ,
849 3109 933 3142 quos
960 3100 1126 3134 vulnerant

248 3142 309 3176 ista
322 3166 333 3182 ,
357 3152 426 3176 non
438 3143 550 3186 scripta
562 3154 620 3186 pto
633 3144 692 3179 illo
706 3145 776 3180 viro
787 3152 915 3183 retinens
927 3150 1126 3190 testimonia,

248 3202 319 3235 quae
329 3191 448 3236 ubique
459 3193 630 3226 transmifit
646 3204 760 3235 ,rante
783 3199 950 3241 paululum
971 3200 1128 3243 quidem,
1189 3218 1192 3220 “

248 3241 347 3285 quarn
359 3240 502 3285 synodus
512 3243 621 3284 fieret,
654 3244 790 3279 Galatas
799 3249 832 3282 ἀ
843 3248 1053 3294 Cappadoces
1064 3251 1130 3284 fua·

248 3290 331 3325 dens
342 3315 353 3332 ‚
380 3291 470 3336 quod
492 3292 549 3326 ille
560 3294 607 3326 vit
617 3294 692 3327 esset
706 3294 924 3334 orthodoxus
935 3325 946 3341 ‚
975 3300 1008 3334 in
1024 3302 1130 3343 Syno-

246 3341 297 3379 ἑο
307 3351 415 3377 autem
425 3341 545 3386 ubique
557 3352 638 3377 terra
650 3345 795 3388 marique
805 3347 966 3395 Epistolas
975 3350 1129 3396 dirigens,

353 3391 459 3433 christ.
473 3396 556 3437 Lupi
567 3397 665 3437 Opera
676 3396 709 3428 T.
723 3399 789 3430 VII.

1136 1890 1139 1897 ι

1140 1874 1153 3535 -ss-—ss—d———ss-——d

1171 3530 1182 3545 'r

267 742 1105 757 Ἣ

1879 193 1971 234 291

1177 256 1211 290 δε
1233 257 1389 290 accusans
1407 254 1609 300 impietatem
1633 281 1644 298 ‚
1669 259 1935 310 iniquitatemque
1961 275 2050 301 com-

1180 307 1325 340 missam.
2032 336 2035 340 ,

1227 355 1393 391 Omnibus
1413 352 1463 390 his
1485 357 1621 405 exclusis
1643 382 1655 399 ,
1683 370 1752 392 non
1775 362 1880 397 solum
1900 366 2048 410 iniquam

1180 407 1214 441 &
1237 406 1387 450 injustam
1408 407 1835 452 damnationemsuscepit,⁴
1853 414 1907 447 sed
1920 417 2052 451 anathe-

1180 456 1347 490 matizavit
1369 454 1550 492 doctrinam
1575 457 1642 501 ejus
1653 457 1882 494 orthodoxam.
1911 461 2053 499 Verum-

1183 516 1292 540 tamen
1305 506 1338 539 &
1351 504 1402 540 his
1413 506 1510 551 gestis
1520 531 1532 547 ,
1557 507 1721 542 silentium
1734 516 1822 543 nunc
1831 511 1930 554 usque
1940 513 2052 546 tenui»

1182 568 1255 590 mus
1267 582 1277 598 ,
1305 555 1446 600 aliquam
1458 557 1676 592 mutationem
1688 557 1806 593 horum
1816 559 1955 594 tristium
1966 562 2058 595 susti-

1182 616 1297 640 nentes
1318 630 1329 646 ,
1354 606 1389 639 &
1411 606 1560 642 Ecclefiae
1583 609 1853 652 tranquillitatem
1874 609 1982 644 videre
2001 621 2055 645 cu-

1184 657 1309 698 pientes
1320 680 1327 687 .
1356 656 1449 690 Dum
1460 656 1546 692 certe
1555 657 1638 702 pene
1648 658 1854 704 persingulas
1874 659 1943 694 dies
1959 660 2057 704 pluri·

1183 706 1268 746 mis,
1294 704 1400 739 imme>
1425 709 1548 742 cunctis
1566 709 1844 745 murmurantibus
1862 710 2033 758 audiamus
2045 734 2059 751 ‚

1184 755 1273 798 quod
1286 754 1426 797 potestas
1448 756 1647 800 Sacerdotii,
1673 770 1744 802 qua:
1753 760 1918 795 Divinum
1938 769 2059 795 munus

1182 804 1248 845 est,
1275 803 1312 838 fit
1322 805 1404 839 fasta
1416 806 1562 840 venalis.-
1587 809 1630 842 Et
1653 806 1828 854 qui'gta'tis
1842 819 2060 854 acceperunt,

1183 854 1217 887 &
1231 854 1336 898 -gratis
1345 853 1421 889 dare
1442 856 1587 900 praecepti
1600 858 1697 905 sunt,
1723 871 1793 903 quae
1814 860 1942 895 Divitia
1957 861 2063 900 sunt,

1182 904 1328 947 pecuniis
1350 904 1518 940 vendunt.
1545 906 1591 940 Et
1611 906 1678 940 filiil
1696 907 1776 943 Sion
1799 906 1927 953 pfetiofi
1942 934 1953 950 ,
1979 909 2065 944 dum

1183 965 1242 997 prae
1253 953 1329 987 Sole
1350 953 1474 997 fulgere
1493 953 1673 990 debuerunt
1686 980 1697 996 ‚
1723 966 1758 990 ut
1776 958 1853 1002 vasa
1874 959 1962 1001 testea
1982 958 2065 1002 fadi

1177 1002 1251 1046 sunt
1263 1028 1273 1044 ‚
1288 1011 1376 1045 opera
1386 1014 1528 1036 manuum
1535 1004 1619 1048 figicli
1630 1030 1637 1038 .
1655 1005 1766 1053 -Qod
1779 1003 1856 1041 vero
1866 1010 1911 1042 est
1924 1006 2065 1043 deterius

1184 1054 1334 1088 omnium
1347 1053 1561 1088 Peffimorum
1574 1078 1586 1095 ‚
1612 1055 1692 1088 dum
1703 1065 1816 1090 contra
1826 1056 1912 1102 leges
1922 1059 2066 1099 ordinet,

1188 1104 1287 1146 ipsam
1299 1102 1507 1146 iniquitatem
1521 1115 1582 1138 nec
1596 1104 1701 1139 celare
1711 1112 1886 1140 contentus
1897 1130 1908 1146 ‚
1933 1108 2067 1141 Divinis

1187 1153 1280 1187 rebus
1303 1152 1459 1191 insultat,
1483 1154 1518 1187 &
1537 1165 1694 1198 pompam
1712 1152 1754 1188 de
1772 1155 1888 1190 sanclis
1899 1156 2068 1202 Mysteriis

1186 1203 1294 1238 ducit.
1320 1202 1594 1246 Moxpostipsas
1617 1203 1856 1239 Ordinationes
1877 1204 1919 1239 de
1928 1204 2070 1241 Ordina-

1186 1263 1295 1288 torum
1306 1251 1374 1286 vita
1384 1252 1588 1297 triumphans
1600 1277 1612 1295 ‚
1637 1250 1759 1289 &talia
1769 1254 1884 1289 dieens
1897 1279 1908 1296 ,
1933 1266 2003 1299 quae
2022 1261 2069 1290 et‘-

1188 1304 1251 1339 iam
1273 1301 1351 1344 his,
1377 1302 1435 1346 qui
1458 1303 1649 1339 saeculariter
1668 1304 1806 1347 vivunt,
1831 1316 1943 1340 curam
1956 1315 2069 1339 tamen

1184 1353 1342 1390 adhibent
1368 1352 1509 1388 castitati
1531 1378 1543 1396 ‚
1569 1351 1854 1390 abominanda&
1874 1354 2070 1390 execrabilia

1184 1406 1281 1440 sunt.-
1309 1402 1604 1440 Nedumdixerim
1629 1405 1695 1440 illis
1712 1405 1809 1446 viris,
1836 1417 1977 1451 quotum
1998 1416 2071 1450 pro-

1189 1456 1327 1500 positum
1345 1455 1391 1489 est
1413 1455 1594 1491 castitatem
1613 1481 1625 1498 ‚
1650 1456 1915 1502 sanctitatemque
1937 1456 2071 1491 docere.

1189 1505 1295 1540 Unde
1317 1505 1380 1548 jam
1402 1506 1659 1541 taciturnitatem
1681 1516 1831 1550 putantes
1845 1518 1914 1541 non
1938 1504 2074 1549 impune·

1188 1554 1334 1590 constare
1345 1579 1356 1595 ,
1382 1554 1423 1590 ab
1436 1556 1504 1599 ejus
1515 1556 1646 1598 quidem
1662 1558 1900 1591 communione
1921 1555 2073 1599 separavi-

1187 1617 1260 1640 mus
1273 1604 1509 1650 nosmfflpsos,
1534 1606 1848 1650 futurumjudicium
1872 1613 2076 1639 metuentes-2

1236 1655 1309 1690 Vos
1319 1666 1428 1691 autem
1439 1655 1455 1698 ,'
1465 1656 1521 1698 qui
1532 1657 1703 1700 praefidetis
1717 1655 1868 1691 Ecclefiis
1881 1680 1891 1697 ,
1901 1655 1933 1689 &
1945 1654 2075 1689 Ovium

1188 1707 1331 1740 Domini
1353 1706 1428 1741 estis
1450 1706 1530 1740 boni
1554 1706 1725 1747 pastores,
1750 1716 1906 1752 rogamus
1927 1715 1964 1738 ut
1986 1706 2074 1739 Oves

1189 1756 1331 1791 Domini
1345 1755 1538 1798 vindicetis,
1565 1768 1634 1800 quae
1651 1766 1719 1791 tam
1742 1756 1846 1791 nimie
1866 1765 2076 1799 corrumpun-

1189 1817 1242 1840 tur
1270 1830 1281 1846 ,
1306 1806 1340 1839 &
1362 1815 1451 1840 tanta
1473 1805 1658 1850 pestilentia
1680 1806 1907 1841 devastantur.
1938 1805 1983 1838 Et
2006 1815 2075 1838 non

1191 1855 1375 1898 despiciatis
1387 1879 1397 1895 ,
1423 1852 1502 1888 dut'n
1515 1856 1753 1891 conculcentur
1765 1855 1963 1900 Apostolicae
1974 1854 2075 1898 leges,

1193 1906 1227 1940 ὅ(
1240 1905 1398 1940 violenter
1411 1905 1544 1939 Parrum
1557 1905 1696 1941 Decreta
1710 1918 1719 1949 ;
1746 1906 1799 1941 sed
1812 1903 2075 1940 rememoremini

1192 1955 1375 1989 do&rinam
1388 1954 1480 1988 Beati
1494 1955 1607 1989 Pauli.
1636 1955 1822 1989 Corinthiis
1832 1956 1922 1989 enim
1934 1954 2077 1989 scribens

1192 2006 1258 2038 ait:
1285 2007 1396 2047 51quls
1401 2003 1542 2046 fratrum
1553 2010 1722 2038 nominatur
1750 2012 1802 2038 aut
1804 2004 1996 2046 fornicator,
2024 2012 2079 2036 aut

1192 2065 1308 2086 avarus
1326 2075 1337 2091 ‚
1363 2062 1419 2085 aut
1440 2055 1526 2085 idolis
1551 2053 1692 2096 serviens
1711 2078 1722 2094 ,
1749 2063 1803 2087 aut
1821 2061 1980 2088 contumax
1993 2078 2002 2094 ‚
2027 2062 2081 2086 aut

1193 2101 1342 2145 ebriosus,
1370 2109 1423 2135 aut
1434 2111 1536 2144 rapax
1553 2127 1564 2143 ‚
1592 2114 1656 2136 cum
1667 2102 1836 2147 hujusmodl
1860 2115 1911 2138 nec
1922 2105 2018 2137 cibum
2033 2102 2082 2146 su-

1191 2163 1288 2186 mere.
1317 2151 1356 2184 In
1381 2152 1647 2195 praesentiautem
1671 2165 1740 2187 non
1763 2165 1828 2188 una
1841 2155 1959 2198 species
1972 2156 2080 2199 praefa-

1193 2211 1302 2234 torum
1331 2223 1342 2238 ,
1367 2199 1423 2232 sed
1449 2201 1669 2234 omnis‘fimul
1691 2202 1860 2235 Malorum
1880 2215 2003 2237 cuneus
2024 2216 2079 2247 per

1192 2247 1281 2281 hunc
1304 2247 1473 2291 seingessit
1487 2248 1654 2282 Ecclefiis.
1683 2249 1791 2284 Unde
1816 2262 1945 2294 oportet
1959 2253 2079 2287 Sancti-

1192 2307 1292 2331 tatem
1313 2297 1471 2337 vestram,
1497 2309 1567 2341 quae
1580 2297 1662 2332 illud
1675 2298 1818 2335 terribile
1838 2301 1999 2345 judicium
2022 2312 2080 2336 no·-

1193 2347 1263 2388 vit,
1290 2358 1359 2381 non
1370 2345 1533 2390 despicere
1546 2348 1704 2383 Ecclefias
1717 2351 1805 2391 Dei,
1831 2362 1901 2394 quae
1927 2353 1961 2385 in
1986 2363 2080 2387 tanta

1191 2398 1266 2431 sunt
1277 2396 1465 2440 tempestate
1477 2421 1487 2437 ,
1513 2398 1546 2431 &
1558 2399 1779 2441 periclitantur
1788 2411 1790 2413 ·
1800 2412 1931 2435 commu
1938 2407 1980 2436 ne⁴
1989 2403 2079 2436 susti-

1193 2458 1268 2481 nere
1280 2447 1485 2491 naufragium
1496 2460 1511 2488 ;
1538 2448 1592 2482 sed
1608 2449 1773 2484 vindicare
1793 2461 1862 2485 tota
1876 2452 1992 2486 virtute
2005 2477 2016 2492 ‚
2043 2453 2078 2487 δε

1192 2497 1332 2540 impetus
1379 2496 1586 2531 voluminum
1609 2499 1757 2544 frangere
1776 2525 1786 2541 ,
1822 2502 1857 2534 δε
1879 2503 2077 2537 crescentem

1192 2547 1372 2590 nequitiam
1385 2546 1489 2580 sistere
1501 2571 1511 2588 ,
1538 2558 1607 2590 quae
1618 2549 1651 2582 ἀ
1664 2550 1827 2585 universos
1839 2549 1994 2586 defiderat
2019 2551 2080 2586 ob-

1192 2598 1297 2631 tinere
1307 2618 1318 2634 ,
1342 2596 1375 2629 &
1389 2595 1568 2639 pestilentia
1580 2598 1626 2630 sui
1641 2600 1755 2634 omnia
1768 2610 1870 2635 certat
1892 2602 2028 2646 implere
2042 2626 2049 2633 .

1241 2646 1317 2690 Ego
1339 2645 1418 2679 vero
1443 2644 1629 2680 Alexander
1647 2671 1657 2687 ,
1683 2649 1742 2692 qui
1764 2650 1896 2684 vestram
1920 2653 2077 2686 Sanctita-

1193 2706 1259 2734 tem
1271 2696 1375 2729 saluto
1389 2719 1400 2736 ‚
1426 2695 1507 2729 ultra
1518 2707 1642 2730 annum
1662 2696 1752 2740 jam,
1777 2699 1858 2734 ficut
1872 2700 1996 2741 nostis,
2021 2699 2078 2736 ha-

1193 2747 1257 2780 beo
1269 2768 1279 2784 ,
1303 2745 1391 2788 quod
1403 2747 1473 2788 post
1489 2744 1662 2780 adventum
1676 2748 1771 2782 Pauli
1785 2750 2012 2794 memetipsum
2029 2751 2077 2785 ab

1193 2795 1398 2830 Antiocheni
1424 2798 1664 2831 communione*
1682 2797 1825 2840 sejunxi.

1243 2846 1503 2889 Religiofitatem
1524 2846 1660 2881 vestram
1683 2858 1695 2887 ’,
1731 2845 1764 2881 &
1784 2859 1840 2882 eos
1863 2848 1920 2892 qui
1942 2858 2018 2882 cum
2036 2858 2075 2883 ea

1192 2898 1266 2930 sunt
1290 2919 1301 2937 ,
1326 2906 1408 2937 nos,-
1427 2894 1464 2929 2&
1485 2896 1542 2939 qui
1565 2896 1737 2931 nobiscum
1763 2898 1837 2933 sunt
1858 2922 1869 2939 ‚
1897 2897 2073 2943 plurimum

1192 2946 1367 2981 salutamus
1381 2970 1390 2979 .

1383 3102 1876 3149 Senot'ron.

1189 3267 1193 3270 ,
1264 3245 1420 3282 Raesentis
1444 3245 1593 3290 Epistolae
1615 3245 1928 3291 tempus'discimus,
1953 3248 2067 3293 partim

1287 3309 1330 3332 ex
1353 3296 1402 3330 his
1426 3297 1459 3330 in
1482 3297 1626 3341 sequenti
1639 3298 1785 3333 Helladii
1798 3299 1989 3334 Tharsensis
2000 3299 2068 3332 Me·

1193 3347 1355 3392 tropolitae
1375 3346 1414 3382 ad
1429 3347 1530 3391 ipsam
1542 3348 1693 3431 ῐεΐρὲηζο
1711 3348 1834 3435 vzerbis:
1862 3351 1910 3383 Εὸ
1921 3349 2070 3440 qygilael'ae-

2102 2044 2123 2063 x.
2132 2033 2236 2067 Cor-7-
