2320 3730
365 184 464 229 268

286 366 460 408 praeclara,
486 367 520 399 &¹
538 378 606 409 quae
628 366 730 401 verbis
756 369 887 404 exprimi
907 369 1054 403 nequeunt
1075 385 1086 402 ,
1114 365 1174 397 Dei

289 415 442 451 duellione
456 414 620 458 frustratus
644 416 725 458 essem
747 438 754 447 .
786 413 895 447 Docet
918 412 978 445 tria
1001 435 1009 446 ,
1035 411 1149 446 Primo
1163 437 1174 454 ‚

288 465 367 507 quid
388 466 427 502 fit
451 467 607 501 veraciter
628 466 714 499 casta
726 462 792 499 Dei
813 461 965 496 dilectio.
996 461 1149 496 Secundo
1164 487 1174 504 ,

286 514 379 558 quod
391 516 449 551 tali
462 516 638 554 dileetione
648 514 741 552 Deus
753 512 868 547 debeat
881 511 922 546 ab
932 512 1088 546 omnibus
1101 513 1174 547 dili-

284 563 341 609 gi.
367 564 511 605 Tertio,
538 563 627 608 quod
648 565 762 598 omnia
788 562 896 598 nostra
920 572 1020 607 opera
1033 562 1172 602 debeant

282 624 327 649 ex
337 615 394 651 tali
405 615 581 651 dilectione
602 614 774 664 procedere
785 636 793 650 2

499 825 542 871 C
565 823 772 875 APUT
806 825 933 876 CXI.
1004 841 1167 885 --199

276 943 474 1032 affola,
504 964 681 1031 inquit,
718 963 893 1021 Hellade·
916 965 970 1013 ad
993 965 1169 1014 Alexan-

710 184 1054 230 VARIORUM
1091 183 1336 227 Parnon
1371 181 1702 244 EPISTOLAE‚

290 262 489 310 supplicium,
515 266 578 299 una
588 275 651 298 cum
673 265 827 300 daemone
849 271 883 299 in
896 262 1010 306 ipsum,
1038 261 1177 295 libentius

292 318 328 350 ό·
348 316 478 348 alacrius
500 314 563 349 haec
576 313 749 359 susciperem
776 341 787 357 ‚
813 316 905 357 quam
926 314 983 344 illa
1008 323 1119 357 magna
1142 323 1177 346 ac

1461 343 1723 397 CAPUT
1755 354 1897 402 CXII.
1953 354 2120 437 -k--zoo'

1235 484 1406 554 Epistola
1424 520 1438 545 ,
1479 487 1629 555 inquit
1653 524 1667 550 ,
1704 493 1928 540 Maximini
1952 491 2120 559 ficundae

1301 555 1442 608 Ciliciae
1473 558 1527 605 ad
1575 558 1843 608 Alexandrum
1865 598 1879 623 ‚
1915 580 1990 629 qua
2025 566 2120 612 indi-

1302 631 1414 675 cavit
1435 664 1449 688 ‚
1486 634 1661 695 quoniam
1701 636 1944 681 convenientes
1983 649 2122 683 certa-1

1302 697 1473 763 quaedam
1517 699 1731 765 definierunt
1771 701 1815 751 de
1852 701 1968 774 causa
1994 740 2008 767 ,
2044 722 2122 775 quae

1303 770 1485 841 agebatur
1497 805 1510 822 .

1329 909 1482 946 Uoniam
1493 909 1578 947 nihil
1589 924 1705 949 eorum
1715 939 1726 955 ‚
1754 925 1823 960 quae
1833 914 1889 950 hic
1901 916 1987 951 fiunt
1998 940 2010 957 ,
2029 924 2121 951 tuam

1351 960 1451 996 latere
1462 963 1621 998 convenit
1633 964 1845 1001 Sanffltatern
1862 990 1874 1006 ‚
1899 965 2074 1001 necessario
2085 965 2121 1000 δε

1380 1022 1487 1053 nune,
1497 1025 1567 1057 quae
1579 1014 1695 1050 statuta
1709 1017 1783 1050 sunt
1794 1015 1812 1049 a
1825 1016 1923 1050 nobis
1933 1042 1943 1057 ,
1969 1026 2030 1051 tuae
2043 1016 2122 1050 San·

343 1032 454 1083 dmm
472 1067 497 1110 2·
525 1036 691 1098 indicam
726 1034 824 1101 qbwd
841 1052 997 1104 psopter
1032 1055 1166 1095 fam-³2
1229 1057 1334 1097 &irati
1356 1061 1560 1100 innotescere
1580 1064 1749 1102 festinavi.
1776 1065 1928 1111 Qorum
1949 1065 2054 1099 direxi
2084 1065 2120 1099 δε

282 1136 288 1142 .
320 1121 419 1169 ,quae
453 1101 575 1168 sabla
611 1104 661 1170 3st
683 1140 698 1163 5
735 1103 857 1168 cau—[22
891 1105 1168 1172 proditionem
1230 1110 1336 1150 paria.
1364 1110 1534 1154 Dignetur
1555 1113 1635 1157 ergo
1648 1113 1697 1147 his
1717 1115 1885 1157 inspeetis,
1910 1115 2119 1162 Religiositas

338 1173 472 1223 Cilices
497 1177 686 1220 convenire
708 1171 922 1246 placuerit.

318 1314 354 1350 N
378 1312 534 1350 omnibus
544 1314 666 1360 gratias
680 1315 810 1360 agimus
819 1316 991 1351 communi
1009 1314 1162 1352 Domino

343 1365 376 1399 dc
405 1364 567 1400 Salvatori
597 1365 730 1400 Christo
743 1390 754 1407 ,
781 1368 838 1411 qui
859 1378 922 1404 nos
941 1367 1063 1413 dignos
1084 1366 1163 1401 fecit

262 1424 394 1458 propter
406 1415 602 1452 desiderium
613 1417 662 1454 sui
671 1440 684 1457 ,
702 1417 736 1451 ἀ
747 1417 807 1460 piae
823 1417 900 1454 fidei
913 1418 1163 1456 confeffionem‚

262 1466 300 1498 in
322 1464 435 1499 medio
446 1465 616 1503 ebriorum
638 1465 857 1510 plurimorum
878 1467 1033 1510 spiritales
1044 1465 1166 1510 ample·

261 1513 305 1548 &i
320 1514 470 1559 vigilias.
497 1515 612 1559 Magis
623 1525 734 1551 autem
746 1517 945 1560 gaudemus,
974 1515 1162 1561 quininstar

263 1563 393 1607 Capitis
403 1573 495 1599 tuam
505 1565 722 1609 inscripsimus
734 1567 946 1605 Sanstitatetn
960 1563 996 1604 iu
1017 1566 1161 1602 certami-

258 1612 359 1647 nibus
374 1625 386 1647 .-
414 1613 499 1659 Quae
510 1612 566 1649 hic
579 1635 591 1654 ,
616 1616 674 1658 qui
694 1618 897 1653 tentationes
911 1616 1083 1661 exercitari
1096 1624 1161 1660 per-

257 1663 345 1699 misit
365 1673 498 1707 propter
521 1664 712 1700 nostrorum
746 1666 997 1705 multitudinem
1029 1666 1161 1700 delisto·

258 1724 331 1748 rum
342 1737 353 1754 ,
381 1712 447 1748 hoe
473 1723 541 1758 quo
566 1713 707 1750 voluerit
728 1716 831 1751 modo
845 1741 857 1759 ,
881 1716 949 1762 ipse
961 1717 1161 1760 compescet.

257 1762 413 1798 Maxime
426 1764 449 1796 si
461 1774 520 1810 pro
527 1764 651 1808 pietate
661 1773 821 1804 certantes
835 1767 933 1801 firmo
942 1766 1026 1804 statu
1038 1765 1162 1802 Adver-

258 1813 350 1848 sariis
361 1811 539 1851 resistamus
553 1837 562 1850 .
587 1814 679 1861 Qia
692 1814 774 1853 vert}
785 1817 990 1860 consequens
1008 1826 1076 1851 erat
1087 1841 1098 1857 ‚
1125 1825 1162 1850 ut

255 1862 431 1908 postquam
455 1864 677 1908 cognovimus
699 1865 897 1902 execrandas
918 1867 1096 1909 impiorum
1111 1877 1162 1910 pa-

257 1913 384 1948 stiones
396 1938 408 1953 ,
434 1913 669 1958 colligeremus
680 1915 759 1949 Deo
771 1916 998 1950 Amieiffimos
1010 1915 1107 1958 hujus
1118 1927 1161 1950 re-

255 1964 369 2007 gionis
381 1963 564 2004 Episcopus
576 1984 587 2000 ‚
612 1972 650 1996 ut
662 1961 878 2002 deliberarent
889 1965 954 1998 una
967 1964 1139 2000 nobiscum
1151 1990 1162 2006 ,

257 2010 339 2056 quid
361 2011 400 2043 fit
411 2011 575 2053 agendum
587 2033 599 2050 ,
619 2010 684 2046 hoc
694 2014 800 2047 facere
812 2014 889 2047 Deo
903 2016 1048 2057 propitio
1064 2015 1161 2048 habe·

257 2071 333 2097 mus
343 2070 499 2104 paratum.
527 2061 576 2095 Ea
587 2061 679 2101 vero,
693 2072 765 2104 quae
779 2061 838 2094 tali
852 2062 1092 2106 Episcoporum
1105 2063 1160 2105 Sy-

258 2111 353 2148 nodo
377 2109 512 2144 formari
534 2110 736 2154 contigerit,
762 2118 843 2145 nota
863 2111 977 2154 utique
1004 2111 1161 2149 faciemus
1196 2149 1199 2153 ⁴

259 2172 325 2196 ωε
337 2159 508 2196 Sanctitati
518 2185 526 2192 .
554 2161 623 2198 Qra
635 2172 696 2204 pro
709 2160 808 2195 nobis
820 2160 969 2196 Domine
978 2173 1036 2207 per
1045 2163 1159 2199 omnia

261 2213 340 2249 Deo
358 2207 585 2246 Amiciffimm

449 2366 954 2411 SCHOLION.

376 2513 526 2550 Eliadius
549 2511 743 2548 Tharsenfis
756 2511 962 2556 Episcopus,
986 2510 1158 2545 unusisto-

401 2575 474 2600 rum
500 2573 643 2609 quatuor
661 2586 676 2604 2
704 2573 788 2605 quos
808 2562 942 2595 Sanssus
973 2560 1120 2604 Cyrillus
1140 2561 1158 2595 a

264 2629 345 2662 pace
357 2616 537 2651 excluserat
553 2637 565 2653 ,
590 2611 719 2645 dudum
731 2611 848 2645 manfit
871 2611 1041 2655 pertinax.
1068 2611 1157 2645 Nam

268 2667 370 2702 etiam
387 2667 423 2699 in
446 2664 509 2698 hac
532 2661 680 2705 Epistola
705 2683 717 2699 ‚
741 2661 860 2696 initam
883 2672 996 2705 pacem
1019 2662 1157 2705 appellat

265 2715 453 2752 execrandas
482 2717 637 2755 impiorum
654 2711 829 2752 padliones.
857 2711 902 2747 Et
922 2711 1015 2746 addit
1034 2736 1046 2752 ‚
1073 2713 1104 2746 se
1127 2717 1159 2745 in

265 2767 365 2801 medio
373 2765 574 2807 plurimorum
584 2762 729 2796 ebriorum
740 2761 878 2803 amplee‘lz·
895 2760 1069 2806 spirituales
1083 2767 1157 2806 vigi·

266 2818 350 2849 Rus.
376 2814 472 2848 Hinc
491 2813 555 2848 fuit
566 2812 744 2857 plurimum
770 2812 899 2855 gavisus
909 2812 950 2847 de
971 2812 1070 2847 simili
1081 2812 1159 2846 Ale·

268 2864 388 2901 xandri
408 2863 588 2909 pertinacia
609 2887 619 2897 .
645 2862 692 2896 Et
723 2861 781 2906 ipsi
805 2862 966 2906 fignificat
996 2862 1015 2896 a
1045 2864 1077 2898 se
1097 2863 1159 2897 esse

269 2916 430 2952 indictam
451 2913 648 2957 synodum,
674 2912 717 2947 ad
741 2912 921 2956 pleniorem
942 2910 1037 2957 hujus
1059 2914 1159 2948 causae

269 2966 499 3002 discussionem
512 2978 524 2999 .·
551 2964 598 2998 Et
620 2961 760 3009 spondet
782 2963 851 2996 aeta
873 2962 1003 2997 referre.
1030 2963 1092 2998 Ista
1103 2964 1158 3007 Sy-

270 3018 379 3052 nodus
404 3015 495 3052 haud
520 3012 621 3051 dubie
660 3012 759 3049 fuerit
784 3012 866 3048 fasta
891 3012 927 3047 in
953 3012 1018 3057 ipsa
1044 3022 1161 3050 metro.

271 3068 340 3111 poli
352 3091 359 3100 .

1229 1167 1285 1192 tua
1296 1182 1308 1199 ,
1333 1160 1440 1202 quaeso
1465 1185 1476 1202 ‚
1502 1158 1580 1196 huic
1606 1165 1708 1201 causae
1725 1163 1888 1198 auxilium
1909 1166 1991 1200 ferre
2007 1189 2018 1206 ,
2046 1176 2118 1199 tam

1229 1218 1283 1251 per
1296 1210 1418 1245 faustas
1427 1212 1593 1247 orationes
1604 1221 1676 1247 tuas
1685 1237 1696 1258 2
1709 1224 1808 1257 quam
1820 1225 1876 1258 per
1885 1225 1957 1248 eam
1973 1226 2044 1258 quae
2055 1213 2118 1248 tibi

1229 1258 1310 1293 inest
1340 1259 1422 1294 boni
1435 1261 1655 1305 constantiam
1668 1288 1676 1296 .
1706 1263 1906 1299 Universam
1918 1275 2027 1299 tecum
2036 1275 2119 1298 con·

1227 1307 1372 1398 ἔὶίΙωιεηι
1381 1311 1409 1345 F
1410 1312 1631 1349 raternitatem
1643 1325 1708 1363 ego
1717 1331 1731 1360 5
1754 1315 1789 1354 δε
1799 1314 1856 1360 qui
1866 1326 1998 1350 mecum
2017 1314 2092 1351 sunt
2102 1335 2117 1357 2

1241 1371 1258 1394 a
1273 1369 1420 1398 utamus.

1429 1516 1917 1570 Senotlou.

1319 1658 1367 1697 Ti
1389 1660 1568 1697 Helladius
1588 1661 1781 1699 Tharsensis
1802 1688 1814 1705 ‚
1841 1665 1887 1701 ita
1908 1663 2115 1701 Maximinus

1346 1708 1585 1746 Anazarbensis
1625 1713 1806 1757 Episcopus
1837 1737 1849 1754 ,
1893 1712 2116 1758 Metropolita

1225 1759 1369 1795 secundae
1382 1760 1509 1796 Ciliciae
1520 1785 1531 1801 ‚
1555 1762 1752 1808 egit-eadem
1763 1764 1804 1800 de
1813 1764 1907 1800 causa
1920 1762 2116 1808 synodum,

1224 1810 1258 1843 &
1280 1820 1335 1852 per
1360 1811 1548 1853 praesentem
1584 1812 1769 1857 Epistolam
1800 1815 1896 1849 refert
1919 1814 1985 1859 ejus
2009 1813 2111 1848 Aela-

1225 1858 1358 1895 Deinde
1372 1858 1602 1897 Alexandrum
1625 1861 1775 1899 hortatur
1785 1863 1827 1898 ad
1846 1864 2114 1908 perseverantiam

1225 1910 1260 1996 {n
1297 1909 1475 1953 pertinacia
1499 1935 1511 1954 ‚
1536 1912 1572 1950 ἀ
1593 1911 1634 1948 ad
1655 1913 1870 1959 praestandum
1900 1914 2001 1949 causae
2022 1912 2118 1948 auxi-*¹

1239 1970 1322 1993 lum.

1431 2194 1692 2245 CAPUT
1726 2195 1899 2244 CXIII.
1947 2213 2103 2249 -201

1222 2338 1252 2391 S
1238 2331 1387 2399 yuodus
1409 2335 1687 2399 Anazarbensis
1711 2370 1725 2383 .
1761 2333 1906 2382 Sancfla
1944 2334 2111 2400 synodus

1280 2401 1454 2471 secundae
1485 2403 1625 2452 Ciliciae
1649 2439 1664 2464 ,
1700 2422 1779 2472 quae
1802 2420 1872 2472 per
1906 2411 2113 2472 gratiam)

1291 2479 1365 2523 Dei
1403 2477 1440 2522 in
1475 2475 1685 2535 Anazarbo
1725 2474 1936 2543 Metropoli
1977 2495 2109 2523 conve-

1291 2549 1347 2594 m't
1387 2580 1402 2605 ,
1436 2543 1654 2593 interlocuta
1692 2542 1743 2607 est
1793 2561 1871 2611 quae
1895 2543 2108 2612 subjecflm

1279 2613 1375 2682 sunt
1393 2648 1406 2663 .

1334 2755 1402 2791 Ota
1423 2751 1602 2789 immodica
1620 2752 1867 2798 perturbatione
1889 2762 2004 2788 contra
2019 2753 2108 2798 piam

1359 2803 1478 2848 fidem,
1505 2803 1725 2839 &infamibus
1744 2801 1880 2839 vocibus
1897 2815 1990 2838 aures
2002 2803 2110 2840 homi-

1223 2867 1302 2892 num
1323 2854 1661 2896 circumsonantibus,
1686 2867 1728 2889 ex
1752 2854 1871 2889 litteris
1890 2854 2106 2898 piiffimorum

1220 2908 1253 2942 δε
1277 2905 1472 2941 Amicorum
1491 2903 1614 2940 Christi
1628 2905 1883 2950 Imperatorum,
1909 2915 1979 2948 quae
1989 2915 2106 2938 omnes

1221 2958 1296 2992 Deo
1318 2954 1540 2991 Amiciffimos
1570 2955 1750 3000 Episcopus
1777 2956 1894 2998 pariter
1925 2954 2104 2988 convenire

1220 3007 1394 3051 iuuerunt,
1419 3005 1459 3040 ad
1473 3004 1689 3050 Ephesiorum
1707 3004 1923 3049 Metropolim
1939 3003 2104 3039 venimus.

1221 3057 1282 3094 Sed
1307 3055 1474 3099 Cyrillus,
1500 3055 1804 3092 Alexandrinorum
1830 3055 2000 3099 quondam
2026 3054 2107 3089 civi-

1222 3107 1297 3144 tatis
1308 3106 1504 3152 Episcopus,
1533 3118 1634 3142 manu
1647 3130 1659 3147 ,
1685 3118 1750 3151 qua
1760 3105 1896 3142 Patrum
1908 3106 1942 3141 in
1955 3105 2020 3139 fide
2033 3115 2106 3140 non

1224 3168 1413 3203 permanens
1432 3168 1504 3192 eam
1525 3157 1703 3193 duodecim
1724 3155 1886 3201 Capitulis
1897 3163 2107 3191 commovere

1223 3208 1386 3248 tentavit,
1410 3207 1445 3243 δε
1469 3206 1773 3243 Anathematismos
1792 3205 1927 3250 adjecit,
1957 3215 2013 3250 per
2032 3214 2104 3240 om·

1223 3269 1299 3294 nem
1319 3268 1435 3294 terram
1457 3258 1639 3293 monstrans
1660 3257 1824 3303 propriam
1845 3255 2101 3299 putritudineme

1224 3310 1293 3345 Hic
1316 3309 1496 3354 priusquam
1519 3309 1628 3346 cunsti
1647 3309 1725 3344 Deo
1739 3304 1936 3340 Amiciffimi
1950 3300 2102 3357 Episcopi

1223 3360 1458 3403 convenirent,
1482 3358 1567 3396 circa
1583 3358 1675 3406 quod
1696 3355 1825 3395 Amicis
1846 3354 1971 3392 Christi
1983 3351 2102 3437 ιίἵὲὶῐιε
