<?xml version="1.0" encoding="UTF-8"?>
<!DOCTYPE html PUBLIC "-//W3C//DTD XHTML 1.0 Transitional//EN"
    "http://www.w3.org/TR/xhtml1/DTD/xhtml1-transitional.dtd">
<html xmlns="http://www.w3.org/1999/xhtml" xml:lang="en" lang="en">
 <head>
  <title>
</title>
<meta http-equiv="Content-Type" content="text/html;charset=utf-8" />
  <meta name='ocr-system' content='tesseract 3.04.00' />
  <meta name='ocr-capabilities' content='ocr_page ocr_carea ocr_par ocr_line ocrx_word'/>
</head>
<body>
  <div class='ocr_page' id='page_1' title='image "./operaomniastudio07lupuuoft_0366.png"; bbox 0 0 2320 3730; ppageno 0'>
   <div class='ocr_carea' id='block_1_1' title="bbox 333 140 426 189">
    <p class='ocr_par' dir='ltr' id='par_1_1' title="bbox 333 140 426 189">
     <span class='ocr_line' id='line_1_1' title="bbox 333 140 426 189; baseline 0 -14"><span class='ocrx_word' id='word_1_1' title='bbox 333 140 426 189; x_wconf 82' lang='lat'>360</span> 
     </span>
    </p>
   </div>
   <div class='ocr_carea' id='block_1_2' title="bbox 692 130 1683 193">
    <p class='ocr_par' dir='ltr' id='par_1_2' title="bbox 692 130 1683 193">
     <span class='ocr_line' id='line_1_2' title="bbox 692 130 1683 193; baseline 0.004 -16"><span class='ocrx_word' id='word_1_2' title='bbox 692 131 979 177; x_wconf 69' lang='lat' dir='ltr'>VAmoRu</span> <span class='ocrx_word' id='word_1_3' title='bbox 999 146 1031 176; x_wconf 86' lang='lat' dir='ltr'>M</span> <span class='ocrx_word' id='word_1_4' title='bbox 1068 130 1319 181; x_wconf 66' lang='lat' dir='ltr'>Paruum</span> <span class='ocrx_word' id='word_1_5' title='bbox 1357 130 1683 193; x_wconf 56' lang='lat' dir='ltr'>Errsrorzr⁹</span> 
     </span>
    </p>
   </div>
   <div class='ocr_carea' id='block_1_3' title="bbox 314 214 2104 326">
    <p class='ocr_par' dir='ltr' id='par_1_3' title="bbox 314 214 2104 326">
     <span class='ocr_line' id='line_1_3' title="bbox 315 214 2103 274; baseline 0.003 -20"><span class='ocrx_word' id='word_1_6' title='bbox 315 214 390 254; x_wconf 83' lang='lat' dir='ltr'>Dei</span> <span class='ocrx_word' id='word_1_7' title='bbox 412 214 640 255; x_wconf 81' lang='lat' dir='ltr'>Genitricem</span> <span class='ocrx_word' id='word_1_8' title='bbox 655 216 806 257; x_wconf 77' lang='lat' dir='ltr'>Beatam</span> <span class='ocrx_word' id='word_1_9' title='bbox 816 218 1035 272; x_wconf 81' lang='lat' dir='ltr'><strong>Virginem,</strong></span> <span class='ocrx_word' id='word_1_10' title='bbox 1064 227 1163 273; x_wconf 13' lang='lat' dir='ltr'>qum*</span> <span class='ocrx_word' id='word_1_11' title='bbox 1216 215 1426 274; x_wconf 43' lang='lat' dir='ltr'>conjecturae.</span> <span class='ocrx_word' id='word_1_12' title='bbox 1448 218 1592 255; x_wconf 88' lang='lat' dir='ltr'>rationes</span> <span class='ocrx_word' id='word_1_13' title='bbox 1618 223 1744 258; x_wconf 80' lang='lat' dir='ltr'>adduxi</span> <span class='ocrx_word' id='word_1_14' title='bbox 1774 223 1919 268; x_wconf 75' lang='lat' dir='ltr'>superius</span> <span class='ocrx_word' id='word_1_15' title='bbox 1939 247 1948 257; x_wconf 83' lang='lat'><strong>.</strong></span> <span class='ocrx_word' id='word_1_16' title='bbox 1975 221 2103 266; x_wconf 84' lang='lat' dir='ltr'>Adjun-</span> 
     </span>
     <span class='ocr_line' id='line_1_4' title="bbox 314 264 2104 326; baseline -0.002 -15"><span class='ocrx_word' id='word_1_17' title='bbox 314 267 585 312; x_wconf 77' lang='lat' dir='ltr'>substantialem</span> <span class='ocrx_word' id='word_1_18' title='bbox 607 273 704 313; x_wconf 87' lang='lat' dir='ltr'>Patri</span> <span class='ocrx_word' id='word_1_19' title='bbox 735 274 866 314; x_wconf 85' lang='lat' dir='ltr'>Filium</span> <span class='ocrx_word' id='word_1_20' title='bbox 888 275 1031 326; x_wconf 77' lang='lat' dir='ltr'>peperit</span> <span class='ocrx_word' id='word_1_21' title='bbox 1048 300 1060 319; x_wconf 83' lang='grc'>,</span> <span class='ocrx_word' id='word_1_22' title='bbox 1093 271 1151 311; x_wconf 73' lang='lat' dir='ltr'>di·-</span> <span class='ocrx_word' id='word_1_23' title='bbox 1215 267 1302 304; x_wconf 66' lang='lat' dir='ltr'>{tum</span> <span class='ocrx_word' id='word_1_24' title='bbox 1315 264 1474 303; x_wconf 75' lang='lat' dir='ltr'>Scholion</span> <span class='ocrx_word' id='word_1_25' title='bbox 1488 268 1569 304; x_wconf 70' lang='lat' dir='ltr'>reste</span> <span class='ocrx_word' id='word_1_26' title='bbox 1579 269 1941 313; x_wconf 78' lang='lat' dir='ltr'>demonstratlrenaeum</span> <span class='ocrx_word' id='word_1_27' title='bbox 1953 274 2036 309; x_wconf 78' lang='lat' dir='ltr'>vane</span> <span class='ocrx_word' id='word_1_28' title='bbox 2045 275 2104 308; x_wconf 80' lang='lat' dir='ltr'>ali.</span> 
     </span>
    </p>
   </div>
   <div class='ocr_carea' id='block_1_4' title="bbox 312 327 1149 384">
    <p class='ocr_par' dir='ltr' id='par_1_4' title="bbox 312 327 1149 384">
     <span class='ocr_line' id='line_1_5' title="bbox 312 327 1149 384; baseline -0.001 -14"><span class='ocrx_word' id='word_1_29' title='bbox 312 339 419 375; x_wconf 82' lang='lat' dir='ltr'>cant,</span> <span class='ocrx_word' id='word_1_30' title='bbox 448 330 577 384; x_wconf 79' lang='lat' dir='ltr'>&amp;quae</span> <span class='ocrx_word' id='word_1_31' title='bbox 590 329 652 371; x_wconf 87' lang='lat' dir='ltr'>ille</span> <span class='ocrx_word' id='word_1_32' title='bbox 664 328 738 384; x_wconf 81' lang='lat' dir='ltr'>ipse</span> <span class='ocrx_word' id='word_1_33' title='bbox 750 333 788 375; x_wconf 83' lang='lat' dir='ltr'>in</span> <span class='ocrx_word' id='word_1_34' title='bbox 803 327 963 368; x_wconf 82' lang='lat' dir='ltr'>nostram</span> <span class='ocrx_word' id='word_1_35' title='bbox 981 341 1149 377; x_wconf 87' lang='lat' dir='ltr'>naturam</span> 
     </span>
    </p>
   </div>
   <div class='ocr_carea' id='block_1_5' title="bbox 311 381 2099 464">
    <p class='ocr_par' dir='ltr' id='par_1_5' title="bbox 311 381 2099 464">
     <span class='ocr_line' id='line_1_6' title="bbox 311 381 2099 464; baseline 0.007 -41"><span class='ocrx_word' id='word_1_36' title='bbox 311 381 484 438; x_wconf 79' lang='lat' dir='ltr'>suscepit,</span> <span class='ocrx_word' id='word_1_37' title='bbox 514 389 587 433; x_wconf 84' lang='lat' dir='ltr'>ejus</span> <span class='ocrx_word' id='word_1_38' title='bbox 598 387 669 428; x_wconf 91' lang='lat' dir='ltr'>dici</span> <span class='ocrx_word' id='word_1_39' title='bbox 680 399 746 441; x_wconf 86' lang='lat' dir='ltr'>per</span> <span class='ocrx_word' id='word_1_40' title='bbox 757 397 963 433; x_wconf 83' lang='lat' dir='ltr'>un1t10nem</span> <span class='ocrx_word' id='word_1_41' title='bbox 984 400 1021 426; x_wconf 87' lang='lat' dir='ltr'>m</span> <span class='ocrx_word' id='word_1_42' title='bbox 1038 389 1166 456; x_wconf 54' lang='lat' dir='ltr'>unam}</span> <span class='ocrx_word' id='word_1_43' title='bbox 1211 416 1244 455; x_wconf 58' lang='grc' dir='ltr'>ἀ</span> <span class='ocrx_word' id='word_1_44' title='bbox 1269 416 1457 461; x_wconf 65' lang='lat' dir='ltr'>Calyinistae</span> <span class='ocrx_word' id='word_1_45' title='bbox 1477 418 1569 462; x_wconf 79' lang='lat' dir='ltr'>ajunt</span> <span class='ocrx_word' id='word_1_46' title='bbox 1591 421 1623 459; x_wconf 56' lang='lat' dir='ltr'>se</span> <span class='ocrx_word' id='word_1_47' title='bbox 1654 431 1723 455; x_wconf 70' lang='lat' dir='ltr'>non</span> <span class='ocrx_word' id='word_1_48' title='bbox 1745 421 1808 457; x_wconf 63' lang='lat' dir='ltr'>effe</span> <span class='ocrx_word' id='word_1_49' title='bbox 1833 421 2036 464; x_wconf 78' lang='lat' dir='ltr'>Novatores,</span> <span class='ocrx_word' id='word_1_50' title='bbox 2057 436 2099 460; x_wconf 66' lang='lat' dir='ltr'>eo</span> 
     </span>
    </p>
   </div>
   <div class='ocr_carea' id='block_1_6' title="bbox 1161 467 2099 516">
    <p class='ocr_par' dir='ltr' id='par_1_6' title="bbox 1161 467 2099 516">
     <span class='ocr_line' id='line_1_7' title="bbox 1161 467 2099 516; baseline 0.013 -17"><span class='ocrx_word' id='word_1_51' title='bbox 1161 469 1164 502; x_wconf 77' lang='lat' dir='ltr'>f</span> <span class='ocrx_word' id='word_1_52' title='bbox 1211 467 1301 507; x_wconf 85' lang='lat' dir='ltr'>quod</span> <span class='ocrx_word' id='word_1_53' title='bbox 1325 468 1496 511; x_wconf 88' lang='lat' dir='ltr'>sequantur</span> <span class='ocrx_word' id='word_1_54' title='bbox 1518 470 1682 513; x_wconf 78' lang='lat' dir='ltr'>Ioannem</span> <span class='ocrx_word' id='word_1_55' title='bbox 1708 471 1784 505; x_wconf 89' lang='lat' dir='ltr'>Hus</span> <span class='ocrx_word' id='word_1_56' title='bbox 1806 485 1829 512; x_wconf 89' lang='lat'>‚·</span> <span class='ocrx_word' id='word_1_57' title='bbox 1844 473 2005 516; x_wconf 86' lang='lat' dir='ltr'>Joannem</span> <span class='ocrx_word' id='word_1_58' title='bbox 2027 476 2099 510; x_wconf 78' lang='lat' dir='ltr'>Wi-</span> 
     </span>
    </p>
   </div>
   <div class='ocr_carea' id='block_1_7' title="bbox 297 439 1163 1127">
    <p class='ocr_par' dir='ltr' id='par_1_7' title="bbox 297 439 1163 1127">
     <span class='ocr_line' id='line_1_8' title="bbox 308 439 1146 499; baseline 0.005 -17"><span class='ocrx_word' id='word_1_59' title='bbox 308 439 502 498; x_wconf 86' lang='lat' dir='ltr'>personam</span> <span class='ocrx_word' id='word_1_60' title='bbox 514 442 848 496; x_wconf 74' lang='lat' dir='ltr'>subsistentiamque</span> <span class='ocrx_word' id='word_1_61' title='bbox 859 441 995 490; x_wconf 65' lang='lat' dir='ltr'>definiti</span> <span class='ocrx_word' id='word_1_62' title='bbox 1001 457 1053 491; x_wconf 85' lang='lat' dir='ltr'>nt,</span> <span class='ocrx_word' id='word_1_63' title='bbox 1064 458 1146 499; x_wconf 81' lang='lat' dir='ltr'>quae</span> 
     </span>
     <span class='ocr_line' id='line_1_9' title="bbox 308 495 1163 593; baseline 0.007 -55"><span class='ocrx_word' id='word_1_64' title='bbox 308 501 446 553; x_wconf 86' lang='lat' dir='ltr'>primus</span> <span class='ocrx_word' id='word_1_65' title='bbox 457 499 604 553; x_wconf 89' lang='lat' dir='ltr'>prorsus</span> <span class='ocrx_word' id='word_1_66' title='bbox 617 495 811 539; x_wconf 83' lang='lat' dir='ltr'>Nestorius</span> <span class='ocrx_word' id='word_1_67' title='bbox 828 498 1033 545; x_wconf 85' lang='lat' dir='ltr'>abjurando</span> <span class='ocrx_word' id='word_1_68' title='bbox 1043 502 1163 593; x_wconf 52' lang='lat' dir='ltr'>dam-1</span> 
     </span>
     <span class='ocr_line' id='line_1_10' title="bbox 307 555 1143 610; baseline 0.005 -13"><span class='ocrx_word' id='word_1_69' title='bbox 307 569 413 598; x_wconf 88' lang='lat' dir='ltr'>natus</span> <span class='ocrx_word' id='word_1_70' title='bbox 428 555 507 596; x_wconf 82' lang='lat' dir='ltr'>est?</span> <span class='ocrx_word' id='word_1_71' title='bbox 535 556 582 595; x_wconf 87' lang='lat' dir='ltr'>Et</span> <span class='ocrx_word' id='word_1_72' title='bbox 607 569 654 596; x_wconf 88' lang='lat' dir='ltr'>ne</span> <span class='ocrx_word' id='word_1_73' title='bbox 675 569 773 595; x_wconf 91' lang='lat' dir='ltr'>nunc</span> <span class='ocrx_word' id='word_1_74' title='bbox 784 557 935 610; x_wconf 88' lang='lat' dir='ltr'>quidem</span> <span class='ocrx_word' id='word_1_75' title='bbox 956 561 1143 601; x_wconf 67' lang='lat' dir='ltr'>correstus</span> 
     </span>
     <span class='ocr_line' id='line_1_11' title="bbox 304 595 1163 668; baseline 0.008 -15"><span class='ocrx_word' id='word_1_76' title='bbox 304 611 381 660; x_wconf 80' lang='lat' dir='ltr'>est,</span> <span class='ocrx_word' id='word_1_77' title='bbox 411 612 496 654; x_wconf 82' lang='lat' dir='ltr'>ficut</span> <span class='ocrx_word' id='word_1_78' title='bbox 512 615 609 660; x_wconf 78' lang='lat' dir='ltr'>ejuS,</span> <span class='ocrx_word' id='word_1_79' title='bbox 634 612 814 668; x_wconf 79' lang='lat' dir='ltr'>quantum</span> <span class='ocrx_word' id='word_1_80' title='bbox 826 611 932 667; x_wconf 72' lang='lat' dir='ltr'>supra</span> <span class='ocrx_word' id='word_1_81' title='bbox 945 595 1163 668; x_wconf 66' lang='lat' dir='ltr'>posuimus,i</span> 
     </span>
     <span class='ocr_line' id='line_1_12' title="bbox 302 668 1142 724; baseline 0.006 -15"><span class='ocrx_word' id='word_1_82' title='bbox 302 668 383 724; x_wconf 82' lang='lat' dir='ltr'>ipso</span> <span class='ocrx_word' id='word_1_83' title='bbox 405 670 547 716; x_wconf 81' lang='lat' dir='ltr'>Irenaeo</span> <span class='ocrx_word' id='word_1_84' title='bbox 567 670 713 712; x_wconf 82' lang='lat' dir='ltr'>dicente</span> <span class='ocrx_word' id='word_1_85' title='bbox 728 699 740 718; x_wconf 88' lang='lat'>,</span> <span class='ocrx_word' id='word_1_86' title='bbox 767 671 816 713; x_wconf 85' lang='lat' dir='ltr'>ad</span> <span class='ocrx_word' id='word_1_87' title='bbox 836 671 1142 724; x_wconf 66' lang='lat' dir='ltr'>Theodoretuim.</span> 
     </span>
     <span class='ocr_line' id='line_1_13' title="bbox 304 725 1141 786; baseline 0.005 -17"><span class='ocrx_word' id='word_1_88' title='bbox 304 729 447 780; x_wconf 81' lang='lat' dir='ltr'>Scripta</span> <span class='ocrx_word' id='word_1_89' title='bbox 461 725 657 775; x_wconf 79' lang='lat' dir='ltr'>testantur,</span> <span class='ocrx_word' id='word_1_90' title='bbox 689 740 772 781; x_wconf 80' lang='lat' dir='ltr'>quae</span> <span class='ocrx_word' id='word_1_91' title='bbox 792 742 921 777; x_wconf 75' lang='lat' dir='ltr'>contra</span> <span class='ocrx_word' id='word_1_92' title='bbox 943 729 1056 776; x_wconf 87' lang='lat' dir='ltr'>fidem</span> <span class='ocrx_word' id='word_1_93' title='bbox 1077 746 1141 786; x_wconf 83' lang='lat' dir='ltr'>pa-</span> 
     </span>
     <span class='ocr_line' id='line_1_14' title="bbox 301 782 1140 843; baseline 0.008 -21"><span class='ocrx_word' id='word_1_94' title='bbox 301 782 416 828; x_wconf 72' lang='lat' dir='ltr'>cificae</span> <span class='ocrx_word' id='word_1_95' title='bbox 427 782 675 826; x_wconf 81' lang='lat' dir='ltr'>Alexandrini</span> <span class='ocrx_word' id='word_1_96' title='bbox 690 785 883 832; x_wconf 81' lang='lat' dir='ltr'>Pontificis</span> <span class='ocrx_word' id='word_1_97' title='bbox 895 785 1031 841; x_wconf 83' lang='lat' dir='ltr'>scripsit</span> <span class='ocrx_word' id='word_1_98' title='bbox 1051 789 1140 843; x_wconf 79' lang='lat' dir='ltr'>Epi-</span> 
     </span>
     <span class='ocr_line' id='line_1_15' title="bbox 299 837 1138 895; baseline 0.011 -16"><span class='ocrx_word' id='word_1_99' title='bbox 299 837 403 886; x_wconf 78' lang='lat' dir='ltr'>stolae</span> <span class='ocrx_word' id='word_1_100' title='bbox 420 871 429 879; x_wconf 86' lang='grc'><strong>.</strong></span> <span class='ocrx_word' id='word_1_101' title='bbox 454 841 544 881; x_wconf 77' lang='lat' dir='ltr'>Haec</span> <span class='ocrx_word' id='word_1_102' title='bbox 556 842 717 890; x_wconf 82' lang='lat' dir='ltr'>breviter</span> <span class='ocrx_word' id='word_1_103' title='bbox 729 843 888 890; x_wconf 84' lang='lat' dir='ltr'><strong>diximus</strong></span> <span class='ocrx_word' id='word_1_104' title='bbox 901 845 998 893; x_wconf 78' lang='lat' dir='ltr'>adid</span> <span class='ocrx_word' id='word_1_105' title='bbox 1008 844 1138 895; x_wconf 84' lang='lat' dir='ltr'>solum,</span> 
     </span>
     <span class='ocr_line' id='line_1_16' title="bbox 300 898 1136 955; baseline 0.011 -19"><span class='ocrx_word' id='word_1_106' title='bbox 300 900 388 951; x_wconf 84' lang='lat' dir='ltr'>quia</span> <span class='ocrx_word' id='word_1_107' title='bbox 401 910 477 942; x_wconf 83' lang='lat' dir='ltr'>non</span> <span class='ocrx_word' id='word_1_108' title='bbox 490 899 541 939; x_wconf 93' lang='lat' dir='ltr'>ob</span> <span class='ocrx_word' id='word_1_109' title='bbox 555 898 627 941; x_wconf 87' lang='lat' dir='ltr'>hoc</span> <span class='ocrx_word' id='word_1_110' title='bbox 639 902 832 955; x_wconf 82' lang='lat' dir='ltr'>negandus</span> <span class='ocrx_word' id='word_1_111' title='bbox 854 900 921 949; x_wconf 88' lang='lat' dir='ltr'>fuit</span> <span class='ocrx_word' id='word_1_112' title='bbox 942 901 1136 949; x_wconf 86' lang='lat' dir='ltr'>Nestorius</span> 
     </span>
     <span class='ocr_line' id='line_1_17' title="bbox 297 957 1136 1013; baseline 0.01 -18"><span class='ocrx_word' id='word_1_113' title='bbox 297 957 475 997; x_wconf 85' lang='lat' dir='ltr'>novitatis</span> <span class='ocrx_word' id='word_1_114' title='bbox 501 958 674 998; x_wconf 82' lang='lat' dir='ltr'>inventor</span> <span class='ocrx_word' id='word_1_115' title='bbox 692 986 704 1005; x_wconf 90' lang='lat'>,</span> <span class='ocrx_word' id='word_1_116' title='bbox 733 961 822 1013; x_wconf 84' lang='lat' dir='ltr'>quia</span> <span class='ocrx_word' id='word_1_117' title='bbox 844 959 1070 1002; x_wconf 83' lang='lat' dir='ltr'>Theodorus</span> <span class='ocrx_word' id='word_1_118' title='bbox 1099 965 1136 1002; x_wconf 73' lang='grc' dir='ltr'>δε</span> 
     </span>
     <span class='ocr_line' id='line_1_18' title="bbox 297 1011 1132 1076; baseline 0.007 -25"><span class='ocrx_word' id='word_1_119' title='bbox 297 1013 489 1058; x_wconf 82' lang='lat' dir='ltr'>Diodorus</span> <span class='ocrx_word' id='word_1_120' title='bbox 510 1011 532 1054; x_wconf 70' lang='grc' dir='ltr'>εἰ</span> <span class='ocrx_word' id='word_1_121' title='bbox 545 1015 700 1074; x_wconf 79' lang='lat' dir='ltr'>Cyrillo</span> <span class='ocrx_word' id='word_1_122' title='bbox 723 1017 852 1064; x_wconf 81' lang='lat' dir='ltr'>eadem</span> <span class='ocrx_word' id='word_1_123' title='bbox 869 1014 1021 1076; x_wconf 75' lang='lat' dir='ltr'>sapuisse</span> <span class='ocrx_word' id='word_1_124' title='bbox 1044 1019 1132 1065; x_wconf 63' lang='lat' dir='ltr'>dicti</span> 
     </span>
     <span class='ocr_line' id='line_1_19' title="bbox 298 1069 491 1127; baseline 0.031 -18"><span class='ocrx_word' id='word_1_125' title='bbox 298 1069 491 1127; x_wconf 61' lang='lat' dir='ltr'>leguntur,</span> 
     </span>
    </p>
   </div>
   <div class='ocr_carea' id='block_1_8' title="bbox 440 1226 935 1276">
    <p class='ocr_par' dir='ltr' id='par_1_8' title="bbox 440 1226 935 1276">
     <span class='ocr_line' id='line_1_20' title="bbox 440 1226 935 1276; baseline 0.006 -5"><span class='ocrx_word' id='word_1_126' title='bbox 440 1226 935 1276; x_wconf 69' lang='lat' dir='ltr'>Scuor1oN.</span> 
     </span>
    </p>
   </div>
   <div class='ocr_carea' id='block_1_9' title="bbox 226 1370 1132 2619">
    <p class='ocr_par' dir='ltr' id='par_1_9' title="bbox 226 1370 1132 2619">
     <span class='ocr_line' id='line_1_21' title="bbox 233 1370 1130 1457; baseline 0.004 -53"><span class='ocrx_word' id='word_1_127' title='bbox 233 1370 417 1457; x_wconf 88' lang='lat' dir='ltr'>HAEc</span> <span class='ocrx_word' id='word_1_128' title='bbox 437 1372 583 1415; x_wconf 82' lang='lat' dir='ltr'>Epistola</span> <span class='ocrx_word' id='word_1_129' title='bbox 606 1376 649 1408; x_wconf 87' lang='lat' dir='ltr'>est</span> <span class='ocrx_word' id='word_1_130' title='bbox 672 1375 778 1418; x_wconf 86' lang='lat' dir='ltr'>palam</span> <span class='ocrx_word' id='word_1_131' title='bbox 792 1375 929 1419; x_wconf 81' lang='lat' dir='ltr'>scripta,</span> <span class='ocrx_word' id='word_1_132' title='bbox 958 1375 1130 1420; x_wconf 86' lang='lat' dir='ltr'>postquam</span> 
     </span>
     <span class='ocr_line' id='line_1_22' title="bbox 370 1423 1130 1466; baseline 0.004 -10"><span class='ocrx_word' id='word_1_133' title='bbox 370 1434 438 1457; x_wconf 91' lang='lat' dir='ltr'>non</span> <span class='ocrx_word' id='word_1_134' title='bbox 459 1424 544 1458; x_wconf 87' lang='lat' dir='ltr'>solus</span> <span class='ocrx_word' id='word_1_135' title='bbox 565 1423 767 1460; x_wconf 88' lang='lat' dir='ltr'>Theodorus</span> <span class='ocrx_word' id='word_1_136' title='bbox 780 1452 788 1466; x_wconf 89' lang='lat'>‚</span> <span class='ocrx_word' id='word_1_137' title='bbox 817 1427 868 1460; x_wconf 88' lang='lat' dir='ltr'>sed</span> <span class='ocrx_word' id='word_1_138' title='bbox 890 1427 989 1461; x_wconf 85' lang='lat' dir='ltr'>etiam</span> <span class='ocrx_word' id='word_1_139' title='bbox 1003 1426 1130 1460; x_wconf 90' lang='lat' dir='ltr'>Diodo-</span> 
     </span>
     <span class='ocr_line' id='line_1_23' title="bbox 230 1473 1132 1519; baseline 0.006 -15"><span class='ocrx_word' id='word_1_140' title='bbox 230 1482 287 1505; x_wconf 86' lang='lat' dir='ltr'>rus</span> <span class='ocrx_word' id='word_1_141' title='bbox 309 1479 409 1515; x_wconf 83' lang='lat' dir='ltr'>coepit</span> <span class='ocrx_word' id='word_1_142' title='bbox 438 1473 731 1516; x_wconf 83' lang='lat' dir='ltr'>anathematizari,</span> <span class='ocrx_word' id='word_1_143' title='bbox 757 1477 791 1510; x_wconf 90' lang='lat'>&amp;</span> <span class='ocrx_word' id='word_1_144' title='bbox 813 1477 985 1519; x_wconf 83' lang='lat' dir='ltr'>postquam</span> <span class='ocrx_word' id='word_1_145' title='bbox 997 1477 1132 1512; x_wconf 57' lang='lat' dir='ltr'>Sanetus</span> 
     </span>
     <span class='ocr_line' id='line_1_24' title="bbox 230 1521 1131 1567; baseline 0.008 -13"><span class='ocrx_word' id='word_1_146' title='bbox 230 1521 382 1567; x_wconf 78' lang='lat' dir='ltr'>Cytillus</span> <span class='ocrx_word' id='word_1_147' title='bbox 401 1523 553 1558; x_wconf 86' lang='lat' dir='ltr'>definivit</span> <span class='ocrx_word' id='word_1_148' title='bbox 566 1537 633 1560; x_wconf 92' lang='lat' dir='ltr'>non</span> <span class='ocrx_word' id='word_1_149' title='bbox 650 1526 715 1560; x_wconf 87' lang='lat' dir='ltr'>sola</span> <span class='ocrx_word' id='word_1_150' title='bbox 727 1537 842 1560; x_wconf 88' lang='lat' dir='ltr'>eorum</span> <span class='ocrx_word' id='word_1_151' title='bbox 863 1525 1050 1562; x_wconf 84' lang='lat' dir='ltr'>damnanda</span> <span class='ocrx_word' id='word_1_152' title='bbox 1067 1527 1131 1561; x_wconf 81' lang='lat' dir='ltr'>effe</span> 
     </span>
     <span class='ocr_line' id='line_1_25' title="bbox 229 1571 1131 1619; baseline 0.007 -15"><span class='ocrx_word' id='word_1_153' title='bbox 229 1571 389 1616; x_wconf 83' lang='lat' dir='ltr'>dogmata</span> <span class='ocrx_word' id='word_1_154' title='bbox 412 1598 422 1612; x_wconf 89' lang='lat'>,</span> <span class='ocrx_word' id='word_1_155' title='bbox 450 1574 503 1609; x_wconf 87' lang='lat' dir='ltr'>sed</span> <span class='ocrx_word' id='word_1_156' title='bbox 531 1575 629 1610; x_wconf 76' lang='lat' dir='ltr'>etiam</span> <span class='ocrx_word' id='word_1_157' title='bbox 653 1575 811 1610; x_wconf 85' lang='lat' dir='ltr'>Personas</span> <span class='ocrx_word' id='word_1_158' title='bbox 832 1602 838 1609; x_wconf 95' lang='lat'>.</span> <span class='ocrx_word' id='word_1_159' title='bbox 869 1578 978 1612; x_wconf 88' lang='lat' dir='ltr'>Docet</span> <span class='ocrx_word' id='word_1_160' title='bbox 1001 1577 1131 1619; x_wconf 82' lang='lat' dir='ltr'>primo,</span> 
     </span>
     <span class='ocr_line' id='line_1_26' title="bbox 228 1621 1131 1671; baseline 0.007 -16"><span class='ocrx_word' id='word_1_161' title='bbox 228 1621 322 1665; x_wconf 84' lang='lat' dir='ltr'>quod</span> <span class='ocrx_word' id='word_1_162' title='bbox 344 1622 478 1666; x_wconf 85' lang='lat' dir='ltr'>quidam</span> <span class='ocrx_word' id='word_1_163' title='bbox 504 1625 693 1660; x_wconf 79' lang='lat' dir='ltr'>orientales</span> <span class='ocrx_word' id='word_1_164' title='bbox 719 1627 896 1671; x_wconf 82' lang='lat' dir='ltr'>Episcopi,</span> <span class='ocrx_word' id='word_1_165' title='bbox 923 1628 998 1661; x_wconf 90' lang='lat' dir='ltr'>licet</span> <span class='ocrx_word' id='word_1_166' title='bbox 1011 1627 1131 1661; x_wconf 82' lang='lat' dir='ltr'>Nesto-</span> 
     </span>
     <span class='ocr_line' id='line_1_27' title="bbox 227 1672 1130 1723; baseline 0.008 -18"><span class='ocrx_word' id='word_1_167' title='bbox 227 1673 314 1705; x_wconf 81' lang='lat' dir='ltr'>rium</span> <span class='ocrx_word' id='word_1_168' title='bbox 352 1672 470 1708; x_wconf 75' lang='lat' dir='ltr'>iterato</span> <span class='ocrx_word' id='word_1_169' title='bbox 502 1676 827 1712; x_wconf 80' lang='lat' dir='ltr'>anathematizassent</span> <span class='ocrx_word' id='word_1_170' title='bbox 849 1703 859 1719; x_wconf 90' lang='lat'>‚</span> <span class='ocrx_word' id='word_1_171' title='bbox 887 1688 1058 1723; x_wconf 82' lang='lat' dir='ltr'>pergerent</span> <span class='ocrx_word' id='word_1_172' title='bbox 1078 1678 1130 1712; x_wconf 91' lang='lat' dir='ltr'>de-</span> 
     </span>
     <span class='ocr_line' id='line_1_28' title="bbox 227 1722 1130 1769; baseline 0.007 -14"><span class='ocrx_word' id='word_1_173' title='bbox 227 1722 361 1757; x_wconf 74' lang='lat' dir='ltr'>fendere</span> <span class='ocrx_word' id='word_1_174' title='bbox 375 1725 442 1766; x_wconf 85' lang='lat' dir='ltr'>ejus</span> <span class='ocrx_word' id='word_1_175' title='bbox 463 1726 619 1769; x_wconf 81' lang='lat' dir='ltr'>dogmata</span> <span class='ocrx_word' id='word_1_176' title='bbox 634 1740 646 1760; x_wconf 89' lang='lat'><em>:</em></span> <span class='ocrx_word' id='word_1_177' title='bbox 672 1726 742 1761; x_wconf 86' lang='lat' dir='ltr'>Sub</span> <span class='ocrx_word' id='word_1_178' title='bbox 755 1728 891 1761; x_wconf 90' lang='lat' dir='ltr'>nomine</span> <span class='ocrx_word' id='word_1_179' title='bbox 902 1729 937 1763; x_wconf 75' lang='grc' dir='ltr'>ἀ</span> <span class='ocrx_word' id='word_1_180' title='bbox 950 1727 1130 1763; x_wconf 80' lang='lat' dir='ltr'>authorita-</span> 
     </span>
     <span class='ocr_line' id='line_1_29' title="bbox 227 1772 1128 1822; baseline 0.008 -17"><span class='ocrx_word' id='word_1_181' title='bbox 227 1782 264 1805; x_wconf 78' lang='lat' dir='ltr'>te</span> <span class='ocrx_word' id='word_1_182' title='bbox 287 1772 433 1807; x_wconf 89' lang='lat' dir='ltr'>Diodori</span> <span class='ocrx_word' id='word_1_183' title='bbox 459 1775 494 1809; x_wconf 77' lang='grc' dir='ltr'>δε</span> <span class='ocrx_word' id='word_1_184' title='bbox 518 1774 718 1810; x_wconf 85' lang='lat' dir='ltr'>Theodori.</span> <span class='ocrx_word' id='word_1_185' title='bbox 746 1776 918 1817; x_wconf 78' lang='lat' dir='ltr'>Secundo,</span> <span class='ocrx_word' id='word_1_186' title='bbox 945 1779 1036 1822; x_wconf 88' lang='lat' dir='ltr'>quod</span> <span class='ocrx_word' id='word_1_187' title='bbox 1049 1778 1128 1812; x_wconf 89' lang='lat' dir='ltr'>Dio-</span> 
     </span>
     <span class='ocr_line' id='line_1_30' title="bbox 227 1822 1132 1870; baseline 0.008 -15"><span class='ocrx_word' id='word_1_188' title='bbox 227 1822 351 1856; x_wconf 88' lang='lat' dir='ltr'>dorum</span> <span class='ocrx_word' id='word_1_189' title='bbox 372 1835 410 1857; x_wconf 90' lang='lat' dir='ltr'>ac</span> <span class='ocrx_word' id='word_1_190' title='bbox 434 1824 657 1860; x_wconf 85' lang='lat' dir='ltr'>Theodorum</span> <span class='ocrx_word' id='word_1_191' title='bbox 667 1836 834 1870; x_wconf 87' lang='lat' dir='ltr'>aequatent</span> <span class='ocrx_word' id='word_1_192' title='bbox 853 1827 971 1862; x_wconf 62' lang='lat' dir='ltr'>saneto</span> <span class='ocrx_word' id='word_1_193' title='bbox 984 1827 1132 1862; x_wconf 84' lang='lat' dir='ltr'>Athana-</span> 
     </span>
     <span class='ocr_line' id='line_1_31' title="bbox 229 1872 1129 1922; baseline 0.007 -16"><span class='ocrx_word' id='word_1_194' title='bbox 229 1872 277 1906; x_wconf 85' lang='lat' dir='ltr'>sio</span> <span class='ocrx_word' id='word_1_195' title='bbox 298 1898 310 1914; x_wconf 93' lang='lat'>,</span> <span class='ocrx_word' id='word_1_196' title='bbox 337 1873 471 1919; x_wconf 86' lang='lat' dir='ltr'>Magno</span> <span class='ocrx_word' id='word_1_197' title='bbox 498 1874 642 1914; x_wconf 81' lang='lat' dir='ltr'>Basilio,</span> <span class='ocrx_word' id='word_1_198' title='bbox 673 1875 889 1914; x_wconf 82' lang='lat' dir='ltr'>Nazianzeno</span> <span class='ocrx_word' id='word_1_199' title='bbox 912 1890 950 1913; x_wconf 86' lang='lat' dir='ltr'>ac</span> <span class='ocrx_word' id='word_1_200' title='bbox 978 1878 1129 1922; x_wconf 76' lang='lat' dir='ltr'>Nyss&#39;eno</span> 
     </span>
     <span class='ocr_line' id='line_1_32' title="bbox 227 1922 1130 1972; baseline 0.008 -16"><span class='ocrx_word' id='word_1_201' title='bbox 227 1922 397 1968; x_wconf 79' lang='lat' dir='ltr'>Gregorio</span> <span class='ocrx_word' id='word_1_202' title='bbox 413 1947 423 1963; x_wconf 88' lang='lat'>‚</span> <span class='ocrx_word' id='word_1_203' title='bbox 447 1936 486 1960; x_wconf 87' lang='lat' dir='ltr'>ac</span> <span class='ocrx_word' id='word_1_204' title='bbox 505 1925 652 1961; x_wconf 87' lang='lat' dir='ltr'>dicerent</span> <span class='ocrx_word' id='word_1_205' title='bbox 674 1925 716 1962; x_wconf 82' lang='lat' dir='ltr'>ab</span> <span class='ocrx_word' id='word_1_206' title='bbox 728 1926 792 1961; x_wconf 89' lang='lat' dir='ltr'>illis</span> <span class='ocrx_word' id='word_1_207' title='bbox 802 1928 912 1964; x_wconf 84' lang='lat' dir='ltr'>doceri</span> <span class='ocrx_word' id='word_1_208' title='bbox 927 1930 1015 1972; x_wconf 85' lang='lat' dir='ltr'>paria</span> <span class='ocrx_word' id='word_1_209' title='bbox 1027 1940 1065 1963; x_wconf 86' lang='lat' dir='ltr'>ac</span> <span class='ocrx_word' id='word_1_210' title='bbox 1074 1940 1130 1963; x_wconf 84' lang='lat' dir='ltr'>ea·-</span> 
     </span>
     <span class='ocr_line' id='line_1_33' title="bbox 226 1973 1130 2023; baseline 0.007 -15"><span class='ocrx_word' id='word_1_211' title='bbox 226 1973 305 2008; x_wconf 81' lang='lat' dir='ltr'>dem</span> <span class='ocrx_word' id='word_1_212' title='bbox 317 2000 324 2006; x_wconf 93' lang='lat'><em>.</em></span> <span class='ocrx_word' id='word_1_213' title='bbox 352 1975 475 2008; x_wconf 77' lang='lat' dir='ltr'>Tertio</span> <span class='ocrx_word' id='word_1_214' title='bbox 492 1999 502 2015; x_wconf 94' lang='lat'>,</span> <span class='ocrx_word' id='word_1_215' title='bbox 524 1977 614 2019; x_wconf 86' lang='lat' dir='ltr'>quod</span> <span class='ocrx_word' id='word_1_216' title='bbox 627 1975 735 2011; x_wconf 85' lang='lat' dir='ltr'>eidem</span> <span class='ocrx_word' id='word_1_217' title='bbox 749 1977 903 2022; x_wconf 85' lang='lat' dir='ltr'>Episcopi</span> <span class='ocrx_word' id='word_1_218' title='bbox 922 1979 1042 2013; x_wconf 75' lang='lat' dir='ltr'>affidue</span> <span class='ocrx_word' id='word_1_219' title='bbox 1060 1991 1130 2023; x_wconf 89' lang='lat' dir='ltr'>pro·</span> 
     </span>
     <span class='ocr_line' id='line_1_34' title="bbox 226 2023 1120 2071; baseline 0.006 -13"><span class='ocrx_word' id='word_1_220' title='bbox 226 2023 410 2058; x_wconf 84' lang='lat' dir='ltr'>clamarent</span> <span class='ocrx_word' id='word_1_221' title='bbox 420 2024 461 2058; x_wconf 81' lang='lat' dir='ltr'>ad</span> <span class='ocrx_word' id='word_1_222' title='bbox 480 2024 657 2061; x_wconf 86' lang='lat' dir='ltr'>Nicaenum</span> <span class='ocrx_word' id='word_1_223' title='bbox 670 2027 867 2070; x_wconf 87' lang='lat' dir='ltr'>Symbolum</span> <span class='ocrx_word' id='word_1_224' title='bbox 880 2052 891 2068; x_wconf 89' lang='lat'>,</span> <span class='ocrx_word' id='word_1_225' title='bbox 917 2039 950 2063; x_wconf 86' lang='lat' dir='ltr'>at</span> <span class='ocrx_word' id='word_1_226' title='bbox 963 2031 1065 2071; x_wconf 89' lang='lat' dir='ltr'>ipsum</span> <span class='ocrx_word' id='word_1_227' title='bbox 1077 2041 1120 2063; x_wconf 90' lang='lat' dir='ltr'>ne</span> 
     </span>
     <span class='ocr_line' id='line_1_35' title="bbox 228 2072 1128 2124; baseline 0.004 -18"><span class='ocrx_word' id='word_1_228' title='bbox 228 2073 336 2118; x_wconf 78' lang='lat' dir='ltr'>quiter</span> <span class='ocrx_word' id='word_1_229' title='bbox 374 2072 600 2118; x_wconf 83' lang='lat' dir='ltr'>intelligerent</span> <span class='ocrx_word' id='word_1_230' title='bbox 638 2086 676 2109; x_wconf 90' lang='lat' dir='ltr'>ac</span> <span class='ocrx_word' id='word_1_231' title='bbox 713 2087 916 2119; x_wconf 85' lang='lat' dir='ltr'>exponerent</span> <span class='ocrx_word' id='word_1_232' title='bbox 935 2102 942 2109; x_wconf 91' lang='lat'><strong>.</strong></span> <span class='ocrx_word' id='word_1_233' title='bbox 973 2078 1105 2124; x_wconf 79' lang='lat' dir='ltr'>Qarto</span> <span class='ocrx_word' id='word_1_234' title='bbox 1119 2101 1128 2116; x_wconf 90' lang='lat'>‚</span> 
     </span>
     <span class='ocr_line' id='line_1_36' title="bbox 226 2122 1130 2168; baseline 0.003 -11"><span class='ocrx_word' id='word_1_235' title='bbox 226 2124 319 2168; x_wconf 82' lang='lat' dir='ltr'>quod</span> <span class='ocrx_word' id='word_1_236' title='bbox 343 2122 553 2158; x_wconf 80' lang='lat' dir='ltr'>Venerabilis</span> <span class='ocrx_word' id='word_1_237' title='bbox 566 2125 761 2165; x_wconf 79' lang='lat' dir='ltr'>Maximus,</span> <span class='ocrx_word' id='word_1_238' title='bbox 787 2125 1009 2161; x_wconf 68' lang='lat' dir='ltr'>Antiochense</span> <span class='ocrx_word' id='word_1_239' title='bbox 1023 2127 1130 2160; x_wconf 87' lang='lat' dir='ltr'>Eccle-</span> 
     </span>
     <span class='ocr_line' id='line_1_37' title="bbox 228 2173 1130 2215; baseline 0.003 -8"><span class='ocrx_word' id='word_1_240' title='bbox 228 2174 282 2207; x_wconf 80' lang='lat' dir='ltr'>fiae</span> <span class='ocrx_word' id='word_1_241' title='bbox 306 2175 479 2208; x_wconf 69' lang='lat' dir='ltr'>Diaconus</span> <span class='ocrx_word' id='word_1_242' title='bbox 503 2174 538 2206; x_wconf 68' lang='grc' dir='ltr'>ἃ</span> <span class='ocrx_word' id='word_1_243' title='bbox 562 2173 876 2215; x_wconf 82' lang='lat' dir='ltr'>Archi—Mandrita,</span> <span class='ocrx_word' id='word_1_244' title='bbox 900 2175 941 2208; x_wconf 86' lang='lat' dir='ltr'>ad</span> <span class='ocrx_word' id='word_1_245' title='bbox 961 2173 1023 2209; x_wconf 88' lang='lat' dir='ltr'>hos</span> <span class='ocrx_word' id='word_1_246' title='bbox 1033 2174 1130 2210; x_wconf 90' lang='lat' dir='ltr'>dolos</span> 
     </span>
     <span class='ocr_line' id='line_1_38' title="bbox 227 2221 1129 2267; baseline 0 -9"><span class='ocrx_word' id='word_1_247' title='bbox 227 2222 394 2259; x_wconf 80' lang='lat' dir='ltr'>eruendos</span> <span class='ocrx_word' id='word_1_248' title='bbox 414 2222 538 2267; x_wconf 86' lang='lat' dir='ltr'>rogarit</span> <span class='ocrx_word' id='word_1_249' title='bbox 552 2221 569 2255; x_wconf 73' lang='grc' dir='ltr'>ὲ</span> <span class='ocrx_word' id='word_1_250' title='bbox 581 2223 699 2256; x_wconf 69' lang='lat' dir='ltr'>Sancto</span> <span class='ocrx_word' id='word_1_251' title='bbox 711 2221 843 2265; x_wconf 90' lang='lat' dir='ltr'>Cyrillo</span> <span class='ocrx_word' id='word_1_252' title='bbox 856 2225 980 2266; x_wconf 79' lang='lat' dir='ltr'>exponi</span> <span class='ocrx_word' id='word_1_253' title='bbox 992 2224 1129 2266; x_wconf 87' lang='lat' dir='ltr'>Symbo-</span> 
     </span>
     <span class='ocr_line' id='line_1_39' title="bbox 229 2272 1129 2320; baseline 0.001 -13"><span class='ocrx_word' id='word_1_254' title='bbox 229 2274 321 2307; x_wconf 88' lang='lat' dir='ltr'>lum.</span> <span class='ocrx_word' id='word_1_255' title='bbox 350 2273 453 2320; x_wconf 79' lang='lat' dir='ltr'>Qod</span> <span class='ocrx_word' id='word_1_256' title='bbox 477 2272 582 2315; x_wconf 88' lang='lat' dir='ltr'>ipsum</span> <span class='ocrx_word' id='word_1_257' title='bbox 599 2274 690 2316; x_wconf 87' lang='lat' dir='ltr'>supra</span> <span class='ocrx_word' id='word_1_258' title='bbox 714 2272 1129 2317; x_wconf 68' lang='lat' dir='ltr'>audivimusaSanctiGy-</span> 
     </span>
     <span class='ocr_line' id='line_1_40' title="bbox 230 2320 1128 2368; baseline 0 -10"><span class='ocrx_word' id='word_1_259' title='bbox 230 2322 296 2358; x_wconf 84' lang='lat' dir='ltr'>xilli</span> <span class='ocrx_word' id='word_1_260' title='bbox 320 2323 438 2357; x_wconf 88' lang='lat' dir='ltr'>litteris</span> <span class='ocrx_word' id='word_1_261' title='bbox 460 2320 501 2357; x_wconf 87' lang='lat' dir='ltr'>ad</span> <span class='ocrx_word' id='word_1_262' title='bbox 528 2321 690 2357; x_wconf 82' lang='lat' dir='ltr'>Acacium</span> <span class='ocrx_word' id='word_1_263' title='bbox 718 2323 964 2359; x_wconf 87' lang='lat' dir='ltr'>Melitinensem</span> <span class='ocrx_word' id='word_1_264' title='bbox 997 2325 1128 2368; x_wconf 82' lang='lat' dir='ltr'>Episco-</span> 
     </span>
     <span class='ocr_line' id='line_1_41' title="bbox 231 2372 1127 2421; baseline 0.002 -14"><span class='ocrx_word' id='word_1_265' title='bbox 231 2384 334 2419; x_wconf 83' lang='lat' dir='ltr'>pum.</span> <span class='ocrx_word' id='word_1_266' title='bbox 365 2372 519 2421; x_wconf 68' lang='lat' dir='ltr'>Quoto,</span> <span class='ocrx_word' id='word_1_267' title='bbox 545 2373 636 2417; x_wconf 84' lang='lat' dir='ltr'>quod</span> <span class='ocrx_word' id='word_1_268' title='bbox 658 2385 727 2408; x_wconf 89' lang='lat' dir='ltr'>non</span> <span class='ocrx_word' id='word_1_269' title='bbox 758 2374 845 2408; x_wconf 89' lang='lat' dir='ltr'>solus</span> <span class='ocrx_word' id='word_1_270' title='bbox 857 2375 1048 2415; x_wconf 80' lang='lat' dir='ltr'>Maximus,</span> <span class='ocrx_word' id='word_1_271' title='bbox 1074 2375 1127 2409; x_wconf 88' lang='lat' dir='ltr'>sed</span> 
     </span>
     <span class='ocr_line' id='line_1_42' title="bbox 231 2424 1129 2468; baseline -0.001 -9"><span class='ocrx_word' id='word_1_272' title='bbox 231 2434 310 2459; x_wconf 88' lang='lat' dir='ltr'>cum</span> <span class='ocrx_word' id='word_1_273' title='bbox 325 2424 394 2466; x_wconf 89' lang='lat' dir='ltr'>ipso</span> <span class='ocrx_word' id='word_1_274' title='bbox 416 2435 453 2458; x_wconf 89' lang='lat' dir='ltr'>ac</span> <span class='ocrx_word' id='word_1_275' title='bbox 466 2424 570 2468; x_wconf 88' lang='lat' dir='ltr'>ipsum</span> <span class='ocrx_word' id='word_1_276' title='bbox 582 2434 699 2459; x_wconf 89' lang='lat' dir='ltr'>omnes</span> <span class='ocrx_word' id='word_1_277' title='bbox 711 2424 898 2459; x_wconf 84' lang='lat' dir='ltr'>orientales</span> <span class='ocrx_word' id='word_1_278' title='bbox 911 2424 1129 2459; x_wconf 85' lang='lat' dir='ltr'>Archi-Man-</span> 
     </span>
     <span class='ocr_line' id='line_1_43' title="bbox 233 2473 1127 2523; baseline 0 -14"><span class='ocrx_word' id='word_1_279' title='bbox 233 2474 326 2509; x_wconf 81' lang='lat' dir='ltr'>dritae</span> <span class='ocrx_word' id='word_1_280' title='bbox 342 2473 433 2507; x_wconf 88' lang='lat' dir='ltr'>istam</span> <span class='ocrx_word' id='word_1_281' title='bbox 450 2474 698 2518; x_wconf 86' lang='lat' dir='ltr'>Expofitionem</span> <span class='ocrx_word' id='word_1_282' title='bbox 710 2475 916 2519; x_wconf 77' lang='lat' dir='ltr'>rogaverint.</span> <span class='ocrx_word' id='word_1_283' title='bbox 941 2475 1046 2523; x_wconf 82' lang='lat' dir='ltr'>Qod</span> <span class='ocrx_word' id='word_1_284' title='bbox 1061 2477 1127 2509; x_wconf 89' lang='lat' dir='ltr'>fue·</span> 
     </span>
     <span class='ocr_line' id='line_1_44' title="bbox 231 2522 1128 2575; baseline 0.002 -17"><span class='ocrx_word' id='word_1_285' title='bbox 231 2526 277 2559; x_wconf 77' lang='lat' dir='ltr'>&#39;rit</span> <span class='ocrx_word' id='word_1_286' title='bbox 287 2536 402 2558; x_wconf 87' lang='lat' dir='ltr'>eorum</span> <span class='ocrx_word' id='word_1_287' title='bbox 424 2522 464 2558; x_wconf 82' lang='lat' dir='ltr'>ad</span> <span class='ocrx_word' id='word_1_288' title='bbox 482 2525 637 2559; x_wconf 64' lang='lat' dir='ltr'>Sanctum</span> <span class='ocrx_word' id='word_1_289' title='bbox 652 2524 819 2569; x_wconf 85' lang='lat' dir='ltr'>Cyrillum</span> <span class='ocrx_word' id='word_1_290' title='bbox 830 2525 995 2570; x_wconf 87' lang='lat' dir='ltr'>Legatus.</span> <span class='ocrx_word' id='word_1_291' title='bbox 1023 2526 1128 2575; x_wconf 84' lang='lat' dir='ltr'>Qod</span> 
     </span>
     <span class='ocr_line' id='line_1_45' title="bbox 235 2575 659 2619; baseline -0.007 -9"><span class='ocrx_word' id='word_1_292' title='bbox 235 2575 403 2618; x_wconf 80' lang='lat' dir='ltr'>hucusque</span> <span class='ocrx_word' id='word_1_293' title='bbox 415 2575 642 2619; x_wconf 83' lang='lat' dir='ltr'>ignoravimus</span> <span class='ocrx_word' id='word_1_294' title='bbox 651 2600 659 2607; x_wconf 89' lang='lat'><strong>.</strong></span> 
     </span>
    </p>
   </div>
   <div class='ocr_carea' id='block_1_10' title="bbox 289 2623 1180 2681">
    <p class='ocr_par' dir='ltr' id='par_1_10' title="bbox 289 2623 1180 2681">
     <span class='ocr_line' id='line_1_46' title="bbox 289 2623 1180 2681; baseline 0.002 -23"><span class='ocrx_word' id='word_1_295' title='bbox 289 2625 332 2658; x_wconf 86' lang='lat' dir='ltr'>Et</span> <span class='ocrx_word' id='word_1_296' title='bbox 356 2637 397 2658; x_wconf 87' lang='lat' dir='ltr'>ex</span> <span class='ocrx_word' id='word_1_297' title='bbox 419 2623 484 2658; x_wconf 89' lang='lat' dir='ltr'>hoc</span> <span class='ocrx_word' id='word_1_298' title='bbox 508 2624 664 2660; x_wconf 89' lang='lat' dir='ltr'>discimus</span> <span class='ocrx_word' id='word_1_299' title='bbox 694 2623 842 2668; x_wconf 65' lang='lat' dir='ltr'>quaedam</span> <span class='ocrx_word' id='word_1_300' title='bbox 869 2625 933 2660; x_wconf 89' lang='lat' dir='ltr'>alia</span> <span class='ocrx_word' id='word_1_301' title='bbox 955 2651 961 2658; x_wconf 96' lang='lat'>.</span> <span class='ocrx_word' id='word_1_302' title='bbox 989 2625 1124 2667; x_wconf 78' lang='lat' dir='ltr'>Primo,</span> <span class='ocrx_word' id='word_1_303' title='bbox 1173 2633 1180 2681; x_wconf 75' lang='grc' dir='ltr'>Ι</span> 
     </span>
    </p>
   </div>
   <div class='ocr_carea' id='block_1_11' title="bbox 237 2674 1126 2721">
    <p class='ocr_par' dir='ltr' id='par_1_11' title="bbox 237 2674 1126 2721">
     <span class='ocr_line' id='line_1_47' title="bbox 237 2674 1126 2721; baseline 0.002 -12"><span class='ocrx_word' id='word_1_304' title='bbox 237 2675 330 2719; x_wconf 81' lang='lat' dir='ltr'>quod</span> <span class='ocrx_word' id='word_1_305' title='bbox 357 2674 529 2708; x_wconf 86' lang='lat' dir='ltr'>Maximus</span> <span class='ocrx_word' id='word_1_306' title='bbox 540 2675 676 2709; x_wconf 86' lang='lat' dir='ltr'>istorum</span> <span class='ocrx_word' id='word_1_307' title='bbox 687 2674 839 2709; x_wconf 88' lang='lat' dir='ltr'>omnium</span> <span class='ocrx_word' id='word_1_308' title='bbox 852 2674 997 2721; x_wconf 88' lang='lat' dir='ltr'>Legatus</span> <span class='ocrx_word' id='word_1_309' title='bbox 1008 2677 1104 2711; x_wconf 90' lang='lat' dir='ltr'>fuerit</span> <span class='ocrx_word' id='word_1_310' title='bbox 1116 2701 1126 2717; x_wconf 91' lang='lat'>‚</span> 
     </span>
    </p>
   </div>
   <div class='ocr_carea' id='block_1_12' title="bbox 241 2822 1136 3374">
    <p class='ocr_par' dir='ltr' id='par_1_12' title="bbox 241 2822 1136 3374">
     <span class='ocr_line' id='line_1_48' title="bbox 241 2822 1131 2871; baseline 0.001 -11"><span class='ocrx_word' id='word_1_311' title='bbox 241 2837 280 2860; x_wconf 80' lang='lat' dir='ltr'>ac</span> <span class='ocrx_word' id='word_1_312' title='bbox 294 2822 520 2858; x_wconf 85' lang='lat' dir='ltr'>Theodorum</span> <span class='ocrx_word' id='word_1_313' title='bbox 531 2847 538 2853; x_wconf 89' lang='lat'>-</span> <span class='ocrx_word' id='word_1_314' title='bbox 564 2823 718 2859; x_wconf 76' lang='lat' dir='ltr'>Secundo</span> <span class='ocrx_word' id='word_1_315' title='bbox 730 2848 741 2865; x_wconf 92' lang='lat'>,</span> <span class='ocrx_word' id='word_1_316' title='bbox 753 2826 841 2866; x_wconf 86' lang='lat' dir='ltr'>quod</span> <span class='ocrx_word' id='word_1_317' title='bbox 853 2827 953 2862; x_wconf 87' lang='lat' dir='ltr'>tantis</span> <span class='ocrx_word' id='word_1_318' title='bbox 963 2827 1111 2871; x_wconf 86' lang='lat' dir='ltr'>precibus</span> <span class='ocrx_word' id='word_1_319' title='bbox 1121 2853 1131 2869; x_wconf 93' lang='lat'>‚</span> 
     </span>
     <span class='ocr_line' id='line_1_49' title="bbox 244 2874 1131 2922; baseline 0.003 -13"><span class='ocrx_word' id='word_1_320' title='bbox 244 2883 401 2918; x_wconf 88' lang='lat' dir='ltr'>tantaque</span> <span class='ocrx_word' id='word_1_321' title='bbox 436 2875 626 2909; x_wconf 66' lang='lat' dir='ltr'>auctoritate</span> <span class='ocrx_word' id='word_1_322' title='bbox 661 2874 800 2909; x_wconf 80' lang='lat' dir='ltr'>inflexus</span> <span class='ocrx_word' id='word_1_323' title='bbox 833 2876 979 2918; x_wconf 85' lang='lat' dir='ltr'>Cyrillus</span> <span class='ocrx_word' id='word_1_324' title='bbox 999 2878 1131 2922; x_wconf 87' lang='lat' dir='ltr'>coeperit</span> 
     </span>
     <span class='ocr_line' id='line_1_50' title="bbox 242 2923 1132 2969; baseline 0.003 -9"><span class='ocrx_word' id='word_1_325' title='bbox 242 2923 524 2960; x_wconf 82' lang='lat' dir='ltr'>anathematizare</span> <span class='ocrx_word' id='word_1_326' title='bbox 543 2936 659 2959; x_wconf 88' lang='lat' dir='ltr'>eorum</span> <span class='ocrx_word' id='word_1_327' title='bbox 684 2936 754 2959; x_wconf 91' lang='lat' dir='ltr'>non</span> <span class='ocrx_word' id='word_1_328' title='bbox 775 2924 861 2960; x_wconf 89' lang='lat' dir='ltr'>solos</span> <span class='ocrx_word' id='word_1_329' title='bbox 877 2927 1051 2969; x_wconf 85' lang='lat' dir='ltr'>articulos,</span> <span class='ocrx_word' id='word_1_330' title='bbox 1079 2928 1132 2963; x_wconf 90' lang='lat' dir='ltr'>sed</span> 
     </span>
     <span class='ocr_line' id='line_1_51' title="bbox 244 2973 1133 3021; baseline 0.002 -11"><span class='ocrx_word' id='word_1_331' title='bbox 244 2976 342 3010; x_wconf 76' lang='lat' dir='ltr'>etiam</span> <span class='ocrx_word' id='word_1_332' title='bbox 368 2973 543 3008; x_wconf 83' lang='lat' dir='ltr'>Personas.</span> <span class='ocrx_word' id='word_1_333' title='bbox 572 2973 717 3016; x_wconf 79' lang='lat' dir='ltr'>Tertio,</span> <span class='ocrx_word' id='word_1_334' title='bbox 743 2974 833 3019; x_wconf 87' lang='lat' dir='ltr'>quod</span> <span class='ocrx_word' id='word_1_335' title='bbox 852 2976 1038 3012; x_wconf 85' lang='lat' dir='ltr'>orientales</span> <span class='ocrx_word' id='word_1_336' title='bbox 1060 2977 1133 3021; x_wconf 86' lang='lat' dir='ltr'>Epi·</span> 
     </span>
     <span class='ocr_line' id='line_1_52' title="bbox 244 3025 1136 3071; baseline 0.004 -13"><span class='ocrx_word' id='word_1_337' title='bbox 244 3025 334 3069; x_wconf 86' lang='lat' dir='ltr'>scopi</span> <span class='ocrx_word' id='word_1_338' title='bbox 347 3036 426 3059; x_wconf 87' lang='lat' dir='ltr'>tunc</span> <span class='ocrx_word' id='word_1_339' title='bbox 439 3025 479 3059; x_wconf 87' lang='lat' dir='ltr'>ad</span> <span class='ocrx_word' id='word_1_340' title='bbox 492 3025 681 3069; x_wconf 87' lang='lat' dir='ltr'>Principem</span> <span class='ocrx_word' id='word_1_341' title='bbox 694 3026 839 3071; x_wconf 85' lang='lat' dir='ltr'>Legatos</span> <span class='ocrx_word' id='word_1_342' title='bbox 856 3026 1000 3061; x_wconf 85' lang='lat' dir='ltr'>miserint</span> <span class='ocrx_word' id='word_1_343' title='bbox 1013 3052 1024 3068; x_wconf 92' lang='lat'>,</span> <span class='ocrx_word' id='word_1_344' title='bbox 1049 3029 1136 3062; x_wconf 67' lang='lat' dir='ltr'>astu-</span> 
     </span>
     <span class='ocr_line' id='line_1_53' title="bbox 245 3076 1134 3123; baseline 0.007 -15"><span class='ocrx_word' id='word_1_345' title='bbox 245 3085 300 3108; x_wconf 83' lang='lat' dir='ltr'>xos</span> <span class='ocrx_word' id='word_1_346' title='bbox 322 3086 379 3118; x_wconf 89' lang='lat' dir='ltr'>pro</span> <span class='ocrx_word' id='word_1_347' title='bbox 403 3086 542 3117; x_wconf 86' lang='lat' dir='ltr'>utroque</span> <span class='ocrx_word' id='word_1_348' title='bbox 564 3076 626 3111; x_wconf 87' lang='lat' dir='ltr'>isto</span> <span class='ocrx_word' id='word_1_349' title='bbox 650 3076 833 3110; x_wconf 83' lang='lat' dir='ltr'>Haeretico.</span> <span class='ocrx_word' id='word_1_350' title='bbox 863 3076 1017 3123; x_wconf 69' lang='lat' dir='ltr'>Quarto,</span> <span class='ocrx_word' id='word_1_351' title='bbox 1044 3078 1134 3122; x_wconf 84' lang='lat' dir='ltr'>quod</span> 
     </span>
     <span class='ocr_line' id='line_1_54' title="bbox 247 3123 1134 3170; baseline 0.006 -13"><span class='ocrx_word' id='word_1_352' title='bbox 247 3123 289 3158; x_wconf 79' lang='lat' dir='ltr'>ab</span> <span class='ocrx_word' id='word_1_353' title='bbox 310 3125 427 3158; x_wconf 85' lang='lat' dir='ltr'>eodem</span> <span class='ocrx_word' id='word_1_354' title='bbox 449 3125 606 3161; x_wconf 85' lang='lat' dir='ltr'>Maximo</span> <span class='ocrx_word' id='word_1_355' title='bbox 620 3126 721 3161; x_wconf 64' lang='lat' dir='ltr'>vietus</span> <span class='ocrx_word' id='word_1_356' title='bbox 732 3128 866 3161; x_wconf 73' lang='lat' dir='ltr'>Sanetus</span> <span class='ocrx_word' id='word_1_357' title='bbox 877 3127 1025 3170; x_wconf 88' lang='lat' dir='ltr'>Cyrillus</span> <span class='ocrx_word' id='word_1_358' title='bbox 1041 3128 1134 3162; x_wconf 90' lang='lat' dir='ltr'>Prin-</span> 
     </span>
     <span class='ocr_line' id='line_1_55' title="bbox 248 3173 1131 3218; baseline 0.007 -10"><span class='ocrx_word' id='word_1_359' title='bbox 248 3173 354 3216; x_wconf 89' lang='lat' dir='ltr'>cipem</span> <span class='ocrx_word' id='word_1_360' title='bbox 378 3186 432 3216; x_wconf 88' lang='lat' dir='ltr'>per</span> <span class='ocrx_word' id='word_1_361' title='bbox 453 3177 617 3218; x_wconf 84' lang='lat' dir='ltr'>praesentes</span> <span class='ocrx_word' id='word_1_362' title='bbox 640 3176 764 3211; x_wconf 84' lang='lat' dir='ltr'>litteras</span> <span class='ocrx_word' id='word_1_363' title='bbox 782 3176 988 3218; x_wconf 84' lang='lat' dir='ltr'>instruxerit,</span> <span class='ocrx_word' id='word_1_364' title='bbox 1016 3178 1131 3213; x_wconf 90' lang='lat' dir='ltr'>eidem·</span> 
     </span>
     <span class='ocr_line' id='line_1_56' title="bbox 249 3224 1134 3273; baseline 0.007 -16"><span class='ocrx_word' id='word_1_365' title='bbox 249 3233 314 3267; x_wconf 88' lang='lat' dir='ltr'>que</span> <span class='ocrx_word' id='word_1_366' title='bbox 333 3224 452 3257; x_wconf 88' lang='lat' dir='ltr'>miserit</span> <span class='ocrx_word' id='word_1_367' title='bbox 473 3226 561 3260; x_wconf 86' lang='lat' dir='ltr'>suam</span> <span class='ocrx_word' id='word_1_368' title='bbox 588 3227 837 3269; x_wconf 84' lang='lat' dir='ltr'>Expofitionern</span> <span class='ocrx_word' id='word_1_369' title='bbox 859 3227 1030 3271; x_wconf 90' lang='lat' dir='ltr'>Symboli.</span> <span class='ocrx_word' id='word_1_370' title='bbox 1058 3229 1134 3273; x_wconf 87' lang='lat' dir='ltr'>Epi-</span> 
     </span>
     <span class='ocr_line' id='line_1_57' title="bbox 250 3272 1132 3322; baseline 0.007 -15"><span class='ocrx_word' id='word_1_371' title='bbox 250 3273 331 3307; x_wconf 76' lang='lat' dir='ltr'>stola</span> <span class='ocrx_word' id='word_1_372' title='bbox 358 3272 485 3306; x_wconf 85' lang='lat' dir='ltr'>videtur</span> <span class='ocrx_word' id='word_1_373' title='bbox 516 3275 687 3317; x_wconf 73' lang='lat' dir='ltr'>postulasse</span> <span class='ocrx_word' id='word_1_374' title='bbox 718 3278 842 3322; x_wconf 87' lang='lat' dir='ltr'>Legem</span> <span class='ocrx_word' id='word_1_375' title='bbox 862 3302 873 3319; x_wconf 92' lang='lat'>‚</span> <span class='ocrx_word' id='word_1_376' title='bbox 899 3277 1132 3313; x_wconf 84' lang='lat' dir='ltr'>damnatricem</span> 
     </span>
     <span class='ocr_line' id='line_1_58' title="bbox 250 3322 1130 3374; baseline 0.007 -16"><span class='ocrx_word' id='word_1_377' title='bbox 250 3322 415 3366; x_wconf 85' lang='lat' dir='ltr'>utriusque</span> <span class='ocrx_word' id='word_1_378' title='bbox 436 3324 597 3368; x_wconf 85' lang='lat' dir='ltr'>personae.</span> <span class='ocrx_word' id='word_1_379' title='bbox 626 3325 675 3361; x_wconf 87' lang='lat' dir='ltr'>At</span> <span class='ocrx_word' id='word_1_380' title='bbox 695 3327 824 3364; x_wconf 86' lang='lat' dir='ltr'>videtur</span> <span class='ocrx_word' id='word_1_381' title='bbox 845 3338 914 3364; x_wconf 84' lang='lat' dir='ltr'>non</span> <span class='ocrx_word' id='word_1_382' title='bbox 933 3327 1130 3374; x_wconf 77' lang='lat' dir='ltr'>impetrasse.</span> 
     </span>
    </p>
   </div>
   <div class='ocr_carea' id='block_1_13' title="bbox 238 2681 1187 3517">
    <p class='ocr_par' dir='ltr' id='par_1_13' title="bbox 238 2681 1187 3517">
     <span class='ocr_line' id='line_1_59' title="bbox 238 2681 1187 3517; baseline 0.002 -759"><span class='ocrx_word' id='word_1_383' title='bbox 238 2736 311 2761; x_wconf 83' lang='lat' dir='ltr'>non</span> <span class='ocrx_word' id='word_1_384' title='bbox 324 2723 495 2758; x_wconf 81' lang='lat' dir='ltr'>dumtaxat</span> <span class='ocrx_word' id='word_1_385' title='bbox 517 2723 558 2757; x_wconf 85' lang='lat' dir='ltr'>ad</span> <span class='ocrx_word' id='word_1_386' title='bbox 569 2724 840 2767; x_wconf 80' lang='lat' dir='ltr'>expostulandam</span> <span class='ocrx_word' id='word_1_387' title='bbox 853 2725 947 2761; x_wconf 89' lang='lat' dir='ltr'>istam</span> <span class='ocrx_word' id='word_1_388' title='bbox 959 2681 1154 3517; x_wconf 50' lang='lat' dir='ltr'>apost,</span> <span class='ocrx_word' id='word_1_389' title='bbox 1174 2698 1187 3505; x_wconf 55' lang='grc' dir='ltr'>ὶ</span> 
     </span>
     <span class='ocr_line' id='line_1_60' title="bbox 241 2772 1131 2819; baseline 0.002 -10"><span class='ocrx_word' id='word_1_390' title='bbox 241 2784 320 2809; x_wconf 86' lang='lat' dir='ltr'>nem</span> <span class='ocrx_word' id='word_1_391' title='bbox 333 2798 343 2814; x_wconf 91' lang='lat'>‚</span> <span class='ocrx_word' id='word_1_392' title='bbox 372 2772 426 2807; x_wconf 89' lang='lat' dir='ltr'>sed</span> <span class='ocrx_word' id='word_1_393' title='bbox 451 2773 552 2808; x_wconf 86' lang='lat' dir='ltr'>etiam</span> <span class='ocrx_word' id='word_1_394' title='bbox 578 2774 619 2808; x_wconf 87' lang='lat' dir='ltr'>ad</span> <span class='ocrx_word' id='word_1_395' title='bbox 642 2775 806 2819; x_wconf 86' lang='lat' dir='ltr'>agendum</span> <span class='ocrx_word' id='word_1_396' title='bbox 818 2786 931 2811; x_wconf 87' lang='lat' dir='ltr'>contra</span> <span class='ocrx_word' id='word_1_397' title='bbox 943 2775 1131 2812; x_wconf 88' lang='lat' dir='ltr'>Diodorum</span> 
     </span>
    </p>
   </div>
   <div class='ocr_carea' id='block_1_14' title="bbox 1215 316 2102 410">
    <p class='ocr_par' dir='ltr' id='par_1_14' title="bbox 1215 316 2102 410">
     <span class='ocr_line' id='line_1_61' title="bbox 1215 316 2102 366; baseline 0.012 -18"><span class='ocrx_word' id='word_1_398' title='bbox 1215 316 1294 359; x_wconf 87' lang='lat' dir='ltr'>quid</span> <span class='ocrx_word' id='word_1_399' title='bbox 1307 327 1366 359; x_wconf 91' lang='lat' dir='ltr'>pro</span> <span class='ocrx_word' id='word_1_400' title='bbox 1378 318 1436 351; x_wconf 89' lang='lat' dir='ltr'>suo</span> <span class='ocrx_word' id='word_1_401' title='bbox 1449 317 1603 352; x_wconf 81' lang='lat' dir='ltr'>Nestorio</span> <span class='ocrx_word' id='word_1_402' title='bbox 1617 322 1725 354; x_wconf 85' lang='lat' dir='ltr'>venari</span> <span class='ocrx_word' id='word_1_403' title='bbox 1735 333 1778 356; x_wconf 80' lang='lat' dir='ltr'>ex</span> <span class='ocrx_word' id='word_1_404' title='bbox 1790 323 1956 366; x_wconf 85' lang='lat' dir='ltr'>prioritate</span> <span class='ocrx_word' id='word_1_405' title='bbox 1973 323 2102 359; x_wconf 89' lang='lat' dir='ltr'>Diodo-</span> 
     </span>
     <span class='ocr_line' id='line_1_62' title="bbox 1215 367 2100 410; baseline 0.014 -12"><span class='ocrx_word' id='word_1_406' title='bbox 1215 367 1241 398; x_wconf 89' lang='lat' dir='ltr'>ri</span> <span class='ocrx_word' id='word_1_407' title='bbox 1262 377 1301 400; x_wconf 89' lang='lat' dir='ltr'>ac</span> <span class='ocrx_word' id='word_1_408' title='bbox 1323 367 1499 402; x_wconf 89' lang='lat' dir='ltr'>Theodori</span> <span class='ocrx_word' id='word_1_409' title='bbox 1514 393 1520 400; x_wconf 93' lang='lat'><strong><em>.</em></strong></span> <span class='ocrx_word' id='word_1_410' title='bbox 1548 368 1675 403; x_wconf 86' lang='lat' dir='ltr'>Eodem</span> <span class='ocrx_word' id='word_1_411' title='bbox 1699 370 1800 405; x_wconf 87' lang='lat' dir='ltr'>modo</span> <span class='ocrx_word' id='word_1_412' title='bbox 1807 370 1907 407; x_wconf 69' lang='lat' dir='ltr'>hodie</span> <span class='ocrx_word' id='word_1_413' title='bbox 1916 374 2100 410; x_wconf 82' lang='lat' dir='ltr'>Lutherani</span> 
     </span>
    </p>
   </div>
   <div class='ocr_carea' id='block_1_15' title="bbox 1206 510 2099 773">
    <p class='ocr_par' dir='ltr' id='par_1_15' title="bbox 1206 510 2099 773">
     <span class='ocr_line' id='line_1_63' title="bbox 1210 510 2099 568; baseline 0.011 -18"><span class='ocrx_word' id='word_1_414' title='bbox 1210 510 1309 558; x_wconf 64' lang='lat' dir='ltr'>e&#39;leff,</span> <span class='ocrx_word' id='word_1_415' title='bbox 1336 517 1552 563; x_wconf 86' lang='lat' dir='ltr'>Albigenses,</span> <span class='ocrx_word' id='word_1_416' title='bbox 1580 519 1813 566; x_wconf 85' lang='lat' dir='ltr'>Berengarium</span> <span class='ocrx_word' id='word_1_417' title='bbox 1828 546 1841 563; x_wconf 93' lang='lat'>‚</span> <span class='ocrx_word' id='word_1_418' title='bbox 1866 522 2011 568; x_wconf 88' lang='lat' dir='ltr'>aliosque</span> <span class='ocrx_word' id='word_1_419' title='bbox 2022 524 2099 562; x_wconf 72' lang='lat' dir='ltr'>vAu-</span> 
     </span>
     <span class='ocr_line' id='line_1_64' title="bbox 1209 567 2098 615; baseline 0.01 -16"><span class='ocrx_word' id='word_1_420' title='bbox 1209 567 1313 606; x_wconf 65' lang='lat' dir='ltr'>§tores</span> <span class='ocrx_word' id='word_1_421' title='bbox 1333 569 1597 608; x_wconf 74' lang='lat' dir='ltr'>sacramentariae</span> <span class='ocrx_word' id='word_1_422' title='bbox 1619 570 1832 615; x_wconf 80' lang='lat' dir='ltr'>Blasphemiae</span> <span class='ocrx_word' id='word_1_423' title='bbox 1855 598 1862 606; x_wconf 92' lang='lat'>.</span> <span class='ocrx_word' id='word_1_424' title='bbox 1889 572 1986 608; x_wconf 75' lang='lat' dir='ltr'>Vane</span> <span class='ocrx_word' id='word_1_425' title='bbox 2006 600 2014 608; x_wconf 85' lang='lat'><em>.</em></span> <span class='ocrx_word' id='word_1_426' title='bbox 2041 573 2098 608; x_wconf 84' lang='lat' dir='ltr'>Et-</span> 
     </span>
     <span class='ocr_line' id='line_1_65' title="bbox 1208 616 2096 667; baseline 0.008 -17"><span class='ocrx_word' id='word_1_427' title='bbox 1208 618 1298 651; x_wconf 88' lang='lat' dir='ltr'>enim</span> <span class='ocrx_word' id='word_1_428' title='bbox 1321 616 1410 662; x_wconf 79' lang='lat' dir='ltr'>sequi</span> <span class='ocrx_word' id='word_1_429' title='bbox 1429 630 1559 664; x_wconf 88' lang='lat' dir='ltr'>oportet</span> <span class='ocrx_word' id='word_1_430' title='bbox 1580 621 1663 655; x_wconf 82' lang='lat' dir='ltr'>illud</span> <span class='ocrx_word' id='word_1_431' title='bbox 1677 646 1689 663; x_wconf 88' lang='lat'>‚</span> <span class='ocrx_word' id='word_1_432' title='bbox 1706 622 1804 665; x_wconf 81' lang='lat' dir='ltr'>&#39;quod</span> <span class='ocrx_word' id='word_1_433' title='bbox 1825 622 1929 658; x_wconf 88' lang='lat' dir='ltr'>nostri</span> <span class='ocrx_word' id='word_1_434' title='bbox 1953 623 2096 667; x_wconf 84' lang='lat' dir='ltr'>Majores</span> 
     </span>
     <span class='ocr_line' id='line_1_66' title="bbox 1206 665 2097 718; baseline 0.01 -19"><span class='ocrx_word' id='word_1_435' title='bbox 1206 665 1319 708; x_wconf 68' lang='lat' dir='ltr'>asnis,</span> <span class='ocrx_word' id='word_1_436' title='bbox 1346 670 1396 703; x_wconf 84' lang='lat' dir='ltr'>illi</span> <span class='ocrx_word' id='word_1_437' title='bbox 1414 670 1456 704; x_wconf 83' lang='lat' dir='ltr'>ab</span> <span class='ocrx_word' id='word_1_438' title='bbox 1482 669 1674 714; x_wconf 83' lang='lat' dir='ltr'>Apostolis,</span> <span class='ocrx_word' id='word_1_439' title='bbox 1703 670 1855 715; x_wconf 86' lang='lat' dir='ltr'>Apostoli</span> <span class='ocrx_word' id='word_1_440' title='bbox 1867 674 2097 718; x_wconf 52' lang='lat' dir='ltr'>acceperunt&amp;</span> 
     </span>
     <span class='ocr_line' id='line_1_67' title="bbox 1207 716 2097 773; baseline 0.01 -23"><span class='ocrx_word' id='word_1_441' title='bbox 1207 716 1363 759; x_wconf 87' lang='lat' dir='ltr'>Christo,</span> <span class='ocrx_word' id='word_1_442' title='bbox 1390 719 1540 754; x_wconf 88' lang='lat' dir='ltr'>Christus</span> <span class='ocrx_word' id='word_1_443' title='bbox 1561 733 1672 757; x_wconf 86' lang='lat' dir='ltr'>autern</span> <span class='ocrx_word' id='word_1_444' title='bbox 1694 722 1936 767; x_wconf 68' lang='lat' dir='ltr'>accepitaDeo</span> <span class='ocrx_word' id='word_1_445' title='bbox 1951 749 1958 756; x_wconf 96' lang='lat'>.</span> <span class='ocrx_word' id='word_1_446' title='bbox 1988 723 2097 773; x_wconf 81' lang='lat' dir='ltr'>Qid-</span> 
     </span>
    </p>
   </div>
   <div class='ocr_carea' id='block_1_16' title="bbox 1205 766 2099 855">
    <p class='ocr_par' dir='ltr' id='par_1_16' title="bbox 1205 766 2099 855">
     <span class='ocr_line' id='line_1_68' title="bbox 1205 766 2099 851; baseline 0.013 -51"><span class='ocrx_word' id='word_1_447' title='bbox 1205 766 1286 851; x_wconf 53' lang='lat' dir='ltr'>‘sum</span> <span class='ocrx_word' id='word_1_448' title='bbox 1307 779 1377 809; x_wconf 81' lang='lat' dir='ltr'>non</span> <span class='ocrx_word' id='word_1_449' title='bbox 1396 769 1442 808; x_wconf 83' lang='lat' dir='ltr'>est</span> <span class='ocrx_word' id='word_1_450' title='bbox 1461 772 1546 817; x_wconf 83' lang='lat' dir='ltr'>tale,</span> <span class='ocrx_word' id='word_1_451' title='bbox 1570 772 1616 807; x_wconf 85' lang='lat' dir='ltr'>est</span> <span class='ocrx_word' id='word_1_452' title='bbox 1637 784 1766 811; x_wconf 81' lang='lat' dir='ltr'>novum</span> <span class='ocrx_word' id='word_1_453' title='bbox 1779 797 1791 818; x_wconf 83' lang='lat'>,</span> <span class='ocrx_word' id='word_1_454' title='bbox 1817 773 1959 820; x_wconf 77' lang='lat' dir='ltr'>ideoque</span> <span class='ocrx_word' id='word_1_455' title='bbox 1982 774 2025 810; x_wconf 74' lang='grc' dir='ltr'>δι.</span> <span class='ocrx_word' id='word_1_456' title='bbox 2040 775 2099 823; x_wconf 61' lang='lat' dir='ltr'>fal?</span> 
     </span>
     <span class='ocr_line' id='line_1_69' title="bbox 1221 825 1537 855; baseline 0.019 -3"><span class='ocrx_word' id='word_1_457' title='bbox 1221 825 1308 855; x_wconf 46' lang='lat' dir='ltr'>um(</span> <span class='ocrx_word' id='word_1_458' title='bbox 1534 836 1537 839; x_wconf 59' lang='lat'><em>⁴</em></span> 
     </span>
    </p>
   </div>
   <div class='ocr_carea' id='block_1_17' title="bbox 1210 959 2086 979">
    <p class='ocr_par' dir='ltr' id='par_1_17' title="bbox 1210 959 2086 979">
     <span class='ocr_line' id='line_1_70' title="bbox 1210 959 2086 979; baseline 0 2751"><span class='ocrx_word' id='word_1_459' title='bbox 1210 959 2086 979; x_wconf 95' lang='lat' dir='ltr'> </span> 
     </span>
    </p>
   </div>
   <div class='ocr_carea' id='block_1_18' title="bbox 1386 1047 2088 1108">
    <p class='ocr_par' dir='ltr' id='par_1_18' title="bbox 1386 1047 2088 1108">
     <span class='ocr_line' id='line_1_71' title="bbox 1386 1047 2088 1108; baseline 0.016 -11"><span class='ocrx_word' id='word_1_460' title='bbox 1386 1050 1432 1097; x_wconf 85' lang='lat' dir='ltr'>C</span> <span class='ocrx_word' id='word_1_461' title='bbox 1447 1055 1491 1099; x_wconf 89' lang='lat' dir='ltr'><strong>A</strong></span> <span class='ocrx_word' id='word_1_462' title='bbox 1507 1054 1542 1098; x_wconf 88' lang='lat' dir='ltr'>P</span> <span class='ocrx_word' id='word_1_463' title='bbox 1555 1055 1600 1100; x_wconf 86' lang='lat' dir='ltr'>U</span> <span class='ocrx_word' id='word_1_464' title='bbox 1614 1051 1655 1102; x_wconf 86' lang='lat' dir='ltr'>T</span> <span class='ocrx_word' id='word_1_465' title='bbox 1691 1056 1900 1104; x_wconf 86' lang='lat' dir='ltr'><strong>CXCIX.</strong></span> <span class='ocrx_word' id='word_1_466' title='bbox 1945 1047 2088 1108; x_wconf 71' lang='lat'>-2&#39;88</span> 
     </span>
    </p>
   </div>
   <div class='ocr_carea' id='block_1_19' title="bbox 1200 1187 2091 1401">
    <p class='ocr_par' dir='ltr' id='par_1_19' title="bbox 1200 1187 2091 1401">
     <span class='ocr_line' id='line_1_72' title="bbox 1200 1187 2091 1260; baseline 0.013 -27"><span class='ocrx_word' id='word_1_467' title='bbox 1200 1192 1298 1234; x_wconf 78' lang='lat' dir='ltr'>Pars</span> <span class='ocrx_word' id='word_1_468' title='bbox 1333 1223 1346 1248; x_wconf 83' lang='lat'>,</span> <span class='ocrx_word' id='word_1_469' title='bbox 1393 1189 1540 1255; x_wconf 89' lang='lat' dir='ltr'>inquit</span> <span class='ocrx_word' id='word_1_470' title='bbox 1575 1226 1589 1250; x_wconf 84' lang='lat'>,</span> <span class='ocrx_word' id='word_1_471' title='bbox 1625 1187 1812 1240; x_wconf 79' lang='lat' dir='ltr'>Theodoti</span> <span class='ocrx_word' id='word_1_472' title='bbox 1845 1198 2006 1260; x_wconf 74' lang='lat' dir='ltr'>Ancyrae</span> <span class='ocrx_word' id='word_1_473' title='bbox 2039 1197 2091 1245; x_wconf 83' lang='lat' dir='ltr'>ad</span> 
     </span>
     <span class='ocr_line' id='line_1_73' title="bbox 1268 1256 2022 1332; baseline 0.015 -29"><span class='ocrx_word' id='word_1_474' title='bbox 1268 1256 1454 1306; x_wconf 59' lang='lat' dir='ltr'>Saffum</span> <span class='ocrx_word' id='word_1_475' title='bbox 1465 1259 1631 1307; x_wconf 82' lang='lat' dir='ltr'>Vitalem</span> <span class='ocrx_word' id='word_1_476' title='bbox 1653 1262 1920 1326; x_wconf 74' lang='lat' dir='ltr'>Monachum,</span> <span class='ocrx_word' id='word_1_477' title='bbox 1956 1271 2022 1332; x_wconf 75' lang='lat' dir='ltr'>qui</span> 
     </span>
     <span class='ocr_line' id='line_1_74' title="bbox 1420 1332 1861 1401; baseline 0.014 -24"><span class='ocrx_word' id='word_1_478' title='bbox 1420 1346 1503 1377; x_wconf 78' lang='lat' dir='ltr'>erar</span> <span class='ocrx_word' id='word_1_479' title='bbox 1530 1334 1568 1379; x_wconf 79' lang='lat' dir='ltr'>in</span> <span class='ocrx_word' id='word_1_480' title='bbox 1595 1332 1861 1401; x_wconf 80' lang='lat' dir='ltr'>Cappadocia.</span> 
     </span>
    </p>
   </div>
   <div class='ocr_carea' id='block_1_20' title="bbox 1194 1466 2093 2071">
    <p class='ocr_par' dir='ltr' id='par_1_20' title="bbox 1194 1466 2093 2071">
     <span class='ocr_line' id='line_1_75' title="bbox 1199 1466 2084 1553; baseline 0.014 -51"><span class='ocrx_word' id='word_1_481' title='bbox 1199 1466 1337 1553; x_wconf 85' lang='lat' dir='ltr'>ETfi</span> <span class='ocrx_word' id='word_1_482' title='bbox 1367 1471 1456 1508; x_wconf 86' lang='lat' dir='ltr'>enim</span> <span class='ocrx_word' id='word_1_483' title='bbox 1470 1472 1618 1509; x_wconf 81' lang='lat' dir='ltr'>Cilicum</span> <span class='ocrx_word' id='word_1_484' title='bbox 1638 1474 1775 1519; x_wconf 84' lang='lat' dir='ltr'>quidam</span> <span class='ocrx_word' id='word_1_485' title='bbox 1798 1474 1891 1511; x_wconf 87' lang='lat' dir='ltr'>vobis</span> <span class='ocrx_word' id='word_1_486' title='bbox 1913 1475 2084 1522; x_wconf 81' lang='lat' dir='ltr'>impietate</span> 
     </span>
     <span class='ocr_line' id='line_1_76' title="bbox 1301 1524 2093 1570; baseline 0.011 -15"><span class='ocrx_word' id='word_1_487' title='bbox 1301 1524 1551 1559; x_wconf 87' lang='lat' dir='ltr'>communicant</span> <span class='ocrx_word' id='word_1_488' title='bbox 1575 1549 1586 1566; x_wconf 96' lang='lat'>,</span> <span class='ocrx_word' id='word_1_489' title='bbox 1615 1536 1699 1570; x_wconf 88' lang='lat' dir='ltr'>quos</span> <span class='ocrx_word' id='word_1_490' title='bbox 1718 1535 1795 1560; x_wconf 85' lang='lat' dir='ltr'>ante</span> <span class='ocrx_word' id='word_1_491' title='bbox 1818 1526 2010 1562; x_wconf 87' lang='lat' dir='ltr'>Nestorium</span> <span class='ocrx_word' id='word_1_492' title='bbox 2031 1529 2093 1564; x_wconf 53' lang='lat' dir='ltr'>da</span> 
     </span>
     <span class='ocr_line' id='line_1_77' title="bbox 1195 1570 2087 1624; baseline 0.01 -20"><span class='ocrx_word' id='word_1_493' title='bbox 1195 1572 1280 1614; x_wconf 85' lang='lat' dir='ltr'>cepit</span> <span class='ocrx_word' id='word_1_494' title='bbox 1295 1570 1499 1607; x_wconf 89' lang='lat' dir='ltr'>Theodorus</span> <span class='ocrx_word' id='word_1_495' title='bbox 1509 1599 1520 1614; x_wconf 92' lang='lat'>‚</span> <span class='ocrx_word' id='word_1_496' title='bbox 1546 1574 1600 1608; x_wconf 84' lang='lat' dir='ltr'>sed</span> <span class='ocrx_word' id='word_1_497' title='bbox 1612 1586 1680 1609; x_wconf 89' lang='lat' dir='ltr'>non</span> <span class='ocrx_word' id='word_1_498' title='bbox 1691 1586 1824 1620; x_wconf 86' lang='lat' dir='ltr'>oportet</span> <span class='ocrx_word' id='word_1_499' title='bbox 1835 1586 1926 1612; x_wconf 84' lang='lat' dir='ltr'>tuam</span> <span class='ocrx_word' id='word_1_500' title='bbox 1937 1578 2087 1624; x_wconf 86' lang='lat' dir='ltr'>Religio-</span> 
     </span>
     <span class='ocr_line' id='line_1_78' title="bbox 1198 1621 2090 1671; baseline 0.01 -17"><span class='ocrx_word' id='word_1_501' title='bbox 1198 1621 1321 1655; x_wconf 84' lang='lat' dir='ltr'>fitatem</span> <span class='ocrx_word' id='word_1_502' title='bbox 1333 1622 1404 1665; x_wconf 89' lang='lat' dir='ltr'>post</span> <span class='ocrx_word' id='word_1_503' title='bbox 1416 1632 1541 1658; x_wconf 86' lang='lat' dir='ltr'>tantam</span> <span class='ocrx_word' id='word_1_504' title='bbox 1553 1624 1707 1659; x_wconf 88' lang='lat' dir='ltr'>virtutem</span> <span class='ocrx_word' id='word_1_505' title='bbox 1719 1649 1730 1666; x_wconf 94' lang='lat'>‚</span> <span class='ocrx_word' id='word_1_506' title='bbox 1757 1626 1790 1659; x_wconf 74' lang='grc' dir='ltr'>ἀ</span> <span class='ocrx_word' id='word_1_507' title='bbox 1802 1635 1852 1661; x_wconf 84' lang='lat' dir='ltr'>tot</span> <span class='ocrx_word' id='word_1_508' title='bbox 1872 1636 2020 1671; x_wconf 84' lang='lat' dir='ltr'>tempora</span> <span class='ocrx_word' id='word_1_509' title='bbox 2038 1628 2090 1663; x_wconf 70' lang='lat' dir='ltr'>vi-v</span> 
     </span>
     <span class='ocr_line' id='line_1_79' title="bbox 1197 1671 2083 1720; baseline 0.007 -15"><span class='ocrx_word' id='word_1_510' title='bbox 1197 1681 1238 1705; x_wconf 85' lang='lat' dir='ltr'>tae</span> <span class='ocrx_word' id='word_1_511' title='bbox 1249 1671 1461 1707; x_wconf 85' lang='lat' dir='ltr'>Monachicae</span> <span class='ocrx_word' id='word_1_512' title='bbox 1473 1696 1484 1714; x_wconf 88' lang='lat'>,</span> <span class='ocrx_word' id='word_1_513' title='bbox 1510 1673 1644 1708; x_wconf 86' lang='lat' dir='ltr'>subduci</span> <span class='ocrx_word' id='word_1_514' title='bbox 1657 1675 1864 1709; x_wconf 86' lang='lat' dir='ltr'>novitatibus</span> <span class='ocrx_word' id='word_1_515' title='bbox 1874 1676 2083 1720; x_wconf 78' lang='lat' dir='ltr'>dogmatum,</span> 
     </span>
     <span class='ocr_line' id='line_1_80' title="bbox 1195 1722 2086 1769; baseline 0.007 -13"><span class='ocrx_word' id='word_1_516' title='bbox 1195 1733 1264 1766; x_wconf 81' lang='lat' dir='ltr'>quae</span> <span class='ocrx_word' id='word_1_517' title='bbox 1276 1722 1472 1764; x_wconf 66' lang='lat' dir='ltr'>superducta:</span> <span class='ocrx_word' id='word_1_518' title='bbox 1483 1723 1557 1757; x_wconf 87' lang='lat' dir='ltr'>sunt</span> <span class='ocrx_word' id='word_1_519' title='bbox 1570 1724 1683 1767; x_wconf 85' lang='lat' dir='ltr'>pietati</span> <span class='ocrx_word' id='word_1_520' title='bbox 1699 1735 1741 1758; x_wconf 87' lang='lat' dir='ltr'>ex</span> <span class='ocrx_word' id='word_1_521' title='bbox 1762 1725 1940 1768; x_wconf 85' lang='lat' dir='ltr'>quaestione</span> <span class='ocrx_word' id='word_1_522' title='bbox 1960 1726 2086 1769; x_wconf 85' lang='lat' dir='ltr'>juveni-</span> 
     </span>
     <span class='ocr_line' id='line_1_81' title="bbox 1196 1772 2087 1819; baseline 0.009 -15"><span class='ocrx_word' id='word_1_523' title='bbox 1196 1772 1242 1812; x_wconf 88' lang='lat' dir='ltr'>li,</span> <span class='ocrx_word' id='word_1_524' title='bbox 1268 1782 1337 1805; x_wconf 89' lang='lat' dir='ltr'>non</span> <span class='ocrx_word' id='word_1_525' title='bbox 1358 1784 1399 1807; x_wconf 79' lang='lat' dir='ltr'>ex</span> <span class='ocrx_word' id='word_1_526' title='bbox 1423 1773 1530 1807; x_wconf 80' lang='lat' dir='ltr'>nostra</span> <span class='ocrx_word' id='word_1_527' title='bbox 1552 1773 1686 1817; x_wconf 85' lang='lat' dir='ltr'>pristina</span> <span class='ocrx_word' id='word_1_528' title='bbox 1710 1774 1795 1809; x_wconf 87' lang='lat' dir='ltr'>fide.</span> <span class='ocrx_word' id='word_1_529' title='bbox 1821 1775 2087 1819; x_wconf 81' lang='lat' dir='ltr'>Dispensationis</span> 
     </span>
     <span class='ocr_line' id='line_1_82' title="bbox 1194 1821 2084 1869; baseline 0.008 -14"><span class='ocrx_word' id='word_1_530' title='bbox 1194 1823 1284 1856; x_wconf 90' lang='lat' dir='ltr'>enim</span> <span class='ocrx_word' id='word_1_531' title='bbox 1295 1821 1418 1856; x_wconf 87' lang='lat' dir='ltr'>Christi</span> <span class='ocrx_word' id='word_1_532' title='bbox 1432 1823 1587 1858; x_wconf 85' lang='lat' dir='ltr'>miracula</span> <span class='ocrx_word' id='word_1_533' title='bbox 1598 1824 1679 1859; x_wconf 83' lang='lat' dir='ltr'>fides</span> <span class='ocrx_word' id='word_1_534' title='bbox 1691 1825 1826 1869; x_wconf 88' lang='lat' dir='ltr'>quidem</span> <span class='ocrx_word' id='word_1_535' title='bbox 1835 1826 1915 1861; x_wconf 83' lang='lat' dir='ltr'>fecit</span> <span class='ocrx_word' id='word_1_536' title='bbox 1926 1828 2084 1863; x_wconf 79' lang='lat' dir='ltr'>omnium</span> 
     </span>
     <span class='ocr_line' id='line_1_83' title="bbox 1197 1872 2083 1920; baseline 0.007 -14"><span class='ocrx_word' id='word_1_537' title='bbox 1197 1873 1325 1906; x_wconf 90' lang='lat' dir='ltr'>lucrum</span> <span class='ocrx_word' id='word_1_538' title='bbox 1349 1896 1361 1914; x_wconf 89' lang='lat'>,</span> <span class='ocrx_word' id='word_1_539' title='bbox 1387 1873 1524 1916; x_wconf 80' lang='lat' dir='ltr'>quaestio</span> <span class='ocrx_word' id='word_1_540' title='bbox 1549 1885 1659 1909; x_wconf 86' lang='lat' dir='ltr'>autem</span> <span class='ocrx_word' id='word_1_541' title='bbox 1680 1872 1746 1910; x_wconf 89' lang='lat' dir='ltr'>hoc</span> <span class='ocrx_word' id='word_1_542' title='bbox 1773 1875 1867 1910; x_wconf 88' lang='lat' dir='ltr'>lucro</span> <span class='ocrx_word' id='word_1_543' title='bbox 1886 1886 2083 1920; x_wconf 74' lang='lat' dir='ltr'>quaerentem</span> 
     </span>
     <span class='ocr_line' id='line_1_84' title="bbox 1196 1922 2082 1967; baseline 0.006 -10"><span class='ocrx_word' id='word_1_544' title='bbox 1196 1923 1336 1967; x_wconf 86' lang='lat' dir='ltr'>privavit</span> <span class='ocrx_word' id='word_1_545' title='bbox 1350 1947 1357 1955; x_wconf 94' lang='lat'>.</span> <span class='ocrx_word' id='word_1_546' title='bbox 1384 1922 1514 1958; x_wconf 82' lang='lat' dir='ltr'>Praefuit</span> <span class='ocrx_word' id='word_1_547' title='bbox 1527 1924 1604 1959; x_wconf 78' lang='lat' dir='ltr'>vero</span> <span class='ocrx_word' id='word_1_548' title='bbox 1626 1923 1705 1960; x_wconf 89' lang='lat' dir='ltr'>huic</span> <span class='ocrx_word' id='word_1_549' title='bbox 1718 1925 1934 1961; x_wconf 85' lang='lat' dir='ltr'>ineffabilium</span> <span class='ocrx_word' id='word_1_550' title='bbox 1960 1928 2082 1962; x_wconf 83' lang='lat' dir='ltr'>&amp;om-</span> 
     </span>
     <span class='ocr_line' id='line_1_85' title="bbox 1197 1973 2081 2024; baseline 0.007 -18"><span class='ocrx_word' id='word_1_551' title='bbox 1197 1984 1271 2007; x_wconf 89' lang='lat' dir='ltr'>nem</span> <span class='ocrx_word' id='word_1_552' title='bbox 1285 1973 1504 2016; x_wconf 85' lang='lat' dir='ltr'>superantium</span> <span class='ocrx_word' id='word_1_553' title='bbox 1518 1975 1679 2010; x_wconf 87' lang='lat' dir='ltr'>rationem</span> <span class='ocrx_word' id='word_1_554' title='bbox 1701 1974 1935 2020; x_wconf 66' lang='lat' dir='ltr'>Mysten-iorum</span> <span class='ocrx_word' id='word_1_555' title='bbox 1947 1976 2081 2024; x_wconf 84' lang='lat' dir='ltr'>Unige-</span> 
     </span>
     <span class='ocr_line' id='line_1_86' title="bbox 1196 2023 2086 2071; baseline 0.004 -15"><span class='ocrx_word' id='word_1_556' title='bbox 1196 2024 1257 2057; x_wconf 89' lang='lat' dir='ltr'>niti</span> <span class='ocrx_word' id='word_1_557' title='bbox 1270 2023 1438 2067; x_wconf 83' lang='lat' dir='ltr'>quaestioni</span> <span class='ocrx_word' id='word_1_558' title='bbox 1451 2024 1539 2067; x_wconf 78' lang='lat' dir='ltr'>prius</span> <span class='ocrx_word' id='word_1_559' title='bbox 1551 2026 1685 2070; x_wconf 86' lang='lat' dir='ltr'>quidem</span> <span class='ocrx_word' id='word_1_560' title='bbox 1697 2025 1899 2062; x_wconf 83' lang='lat' dir='ltr'>Theodorus</span> <span class='ocrx_word' id='word_1_561' title='bbox 1913 2051 1924 2067; x_wconf 91' lang='lat'>‚</span> <span class='ocrx_word' id='word_1_562' title='bbox 1950 2027 2022 2071; x_wconf 84' lang='lat' dir='ltr'>post</span> <span class='ocrx_word' id='word_1_563' title='bbox 2043 2027 2086 2063; x_wconf 85' lang='lat' dir='ltr'>i1-.</span> 
     </span>
    </p>
   </div>
   <div class='ocr_carea' id='block_1_21' title="bbox 1183 2071 2076 2121">
    <p class='ocr_par' dir='ltr' id='par_1_21' title="bbox 1183 2071 2076 2121">
     <span class='ocr_line' id='line_1_87' title="bbox 1183 2071 2076 2121; baseline 0.008 -18"><span class='ocrx_word' id='word_1_564' title='bbox 1183 2071 1264 2117; x_wconf 24' lang='lat' dir='ltr'>*lum</span> <span class='ocrx_word' id='word_1_565' title='bbox 1287 2072 1363 2105; x_wconf 67' lang='lat' dir='ltr'>vero*</span> <span class='ocrx_word' id='word_1_566' title='bbox 1384 2073 1556 2108; x_wconf 87' lang='lat' dir='ltr'>Nestorius</span> <span class='ocrx_word' id='word_1_567' title='bbox 1582 2099 1595 2116; x_wconf 89' lang='lat'>,</span> <span class='ocrx_word' id='word_1_568' title='bbox 1622 2087 1721 2119; x_wconf 79' lang='lat' dir='ltr'>quem</span> <span class='ocrx_word' id='word_1_569' title='bbox 1743 2088 1833 2111; x_wconf 88' lang='lat' dir='ltr'>nunc</span> <span class='ocrx_word' id='word_1_570' title='bbox 1853 2077 1981 2121; x_wconf 80' lang='lat' dir='ltr'>sequuti</span> <span class='ocrx_word' id='word_1_571' title='bbox 2003 2079 2076 2113; x_wconf 89' lang='lat' dir='ltr'>sunt</span> 
     </span>
    </p>
   </div>
   <div class='ocr_carea' id='block_1_22' title="bbox 1194 2119 1432 2163">
    <p class='ocr_par' dir='ltr' id='par_1_22' title="bbox 1194 2119 1432 2163">
     <span class='ocr_line' id='line_1_88' title="bbox 1194 2119 1432 2163; baseline 0 -9"><span class='ocrx_word' id='word_1_572' title='bbox 1194 2119 1414 2163; x_wconf 85' lang='lat' dir='ltr'>Thyanenses</span> <span class='ocrx_word' id='word_1_573' title='bbox 1423 2144 1432 2154; x_wconf 85' lang='lat'><strong>.</strong></span> 
     </span>
    </p>
   </div>
   <div class='ocr_carea' id='block_1_23' title="bbox 1389 2277 1877 2327">
    <p class='ocr_par' dir='ltr' id='par_1_23' title="bbox 1389 2277 1877 2327">
     <span class='ocr_line' id='line_1_89' title="bbox 1389 2277 1877 2327; baseline 0.008 -4"><span class='ocrx_word' id='word_1_574' title='bbox 1389 2277 1877 2327; x_wconf 68' lang='lat' dir='ltr'>SenorloN.</span> 
     </span>
    </p>
   </div>
   <div class='ocr_carea' id='block_1_24' title="bbox 1191 2422 2084 3418">
    <p class='ocr_par' dir='ltr' id='par_1_24' title="bbox 1191 2422 2084 3418">
     <span class='ocr_line' id='line_1_90' title="bbox 1283 2422 2081 2476; baseline 0.016 -19"><span class='ocrx_word' id='word_1_575' title='bbox 1283 2422 1461 2459; x_wconf 87' lang='lat' dir='ltr'>Heodotus</span> <span class='ocrx_word' id='word_1_576' title='bbox 1473 2423 1612 2469; x_wconf 76' lang='lat' dir='ltr'>Ancyrae</span> <span class='ocrx_word' id='word_1_577' title='bbox 1624 2426 1802 2471; x_wconf 72' lang='lat' dir='ltr'>Episcopus</span> <span class='ocrx_word' id='word_1_578' title='bbox 1816 2428 1868 2465; x_wconf 58' lang='lat' dir='ltr'>sest</span> <span class='ocrx_word' id='word_1_579' title='bbox 1879 2433 2081 2476; x_wconf 84' lang='lat' dir='ltr'>magnusille</span> 
     </span>
     <span class='ocr_line' id='line_1_91' title="bbox 1307 2474 2081 2520; baseline 0.014 -12"><span class='ocrx_word' id='word_1_580' title='bbox 1307 2474 1454 2514; x_wconf 69' lang='lat' dir='ltr'>Doctor,</span> <span class='ocrx_word' id='word_1_581' title='bbox 1478 2477 1536 2520; x_wconf 87' lang='lat' dir='ltr'>qui</span> <span class='ocrx_word' id='word_1_582' title='bbox 1561 2477 1624 2511; x_wconf 72' lang='lat' dir='ltr'>una</span> <span class='ocrx_word' id='word_1_583' title='bbox 1646 2488 1722 2512; x_wconf 87' lang='lat' dir='ltr'>cum</span> <span class='ocrx_word' id='word_1_584' title='bbox 1740 2478 1940 2515; x_wconf 79' lang='lat' dir='ltr'>Melitinenfi</span> <span class='ocrx_word' id='word_1_585' title='bbox 1952 2482 2081 2519; x_wconf 89' lang='lat' dir='ltr'>Acacio</span> 
     </span>
     <span class='ocr_line' id='line_1_92' title="bbox 1193 2522 2082 2575; baseline 0.012 -17"><span class='ocrx_word' id='word_1_586' title='bbox 1193 2522 1312 2568; x_wconf 78' lang='lat' dir='ltr'>Ephesi</span> <span class='ocrx_word' id='word_1_587' title='bbox 1330 2524 1506 2567; x_wconf 83' lang='lat' dir='ltr'>disputavit</span> <span class='ocrx_word' id='word_1_588' title='bbox 1528 2537 1604 2562; x_wconf 89' lang='lat' dir='ltr'>cum</span> <span class='ocrx_word' id='word_1_589' title='bbox 1618 2526 1775 2562; x_wconf 88' lang='lat' dir='ltr'>Nestorio</span> <span class='ocrx_word' id='word_1_590' title='bbox 1790 2554 1800 2570; x_wconf 93' lang='lat'>,</span> <span class='ocrx_word' id='word_1_591' title='bbox 1828 2531 1994 2575; x_wconf 87' lang='lat' dir='ltr'>ipsumque</span> <span class='ocrx_word' id='word_1_592' title='bbox 2003 2545 2082 2568; x_wconf 86' lang='lat' dir='ltr'>con-</span> 
     </span>
     <span class='ocr_line' id='line_1_93' title="bbox 1191 2574 2079 2623; baseline 0.012 -16"><span class='ocrx_word' id='word_1_593' title='bbox 1191 2574 1313 2609; x_wconf 66' lang='lat' dir='ltr'>victum</span> <span class='ocrx_word' id='word_1_594' title='bbox 1334 2574 1459 2619; x_wconf 89' lang='lat' dir='ltr'>redegit</span> <span class='ocrx_word' id='word_1_595' title='bbox 1479 2576 1520 2611; x_wconf 85' lang='lat' dir='ltr'>ad</span> <span class='ocrx_word' id='word_1_596' title='bbox 1543 2587 1689 2620; x_wconf 88' lang='lat' dir='ltr'>patentes</span> <span class='ocrx_word' id='word_1_597' title='bbox 1714 2577 1957 2623; x_wconf 84' lang='lat' dir='ltr'>Blasphemias‚</span> <span class='ocrx_word' id='word_1_598' title='bbox 1982 2583 2017 2617; x_wconf 72' lang='grc' dir='ltr'>ὃς</span> <span class='ocrx_word' id='word_1_599' title='bbox 2037 2584 2079 2618; x_wconf 89' lang='lat' dir='ltr'>ad</span> 
     </span>
     <span class='ocr_line' id='line_1_94' title="bbox 1193 2624 2080 2670; baseline 0.009 -11"><span class='ocrx_word' id='word_1_600' title='bbox 1193 2624 1286 2668; x_wconf 86' lang='lat' dir='ltr'>cujus</span> <span class='ocrx_word' id='word_1_601' title='bbox 1308 2624 1538 2661; x_wconf 87' lang='lat' dir='ltr'>testimonium</span> <span class='ocrx_word' id='word_1_602' title='bbox 1561 2626 1719 2670; x_wconf 86' lang='lat' dir='ltr'>Ephefina</span> <span class='ocrx_word' id='word_1_603' title='bbox 1742 2627 1896 2669; x_wconf 81' lang='lat' dir='ltr'>synodus</span> <span class='ocrx_word' id='word_1_604' title='bbox 1909 2631 2080 2667; x_wconf 80' lang='lat' dir='ltr'>damnavit</span> 
     </span>
     <span class='ocr_line' id='line_1_95' title="bbox 1193 2671 2080 2720; baseline 0.007 -12"><span class='ocrx_word' id='word_1_605' title='bbox 1193 2671 1465 2708; x_wconf 80' lang='lat' dir='ltr'>Haerefiarcham.</span> <span class='ocrx_word' id='word_1_606' title='bbox 1494 2673 1556 2708; x_wconf 87' lang='lat' dir='ltr'>Per</span> <span class='ocrx_word' id='word_1_607' title='bbox 1575 2678 1759 2718; x_wconf 77' lang='lat' dir='ltr'>praesentem</span> <span class='ocrx_word' id='word_1_608' title='bbox 1783 2677 1968 2720; x_wconf 80' lang='lat' dir='ltr'>Epistolam</span> <span class='ocrx_word' id='word_1_609' title='bbox 1980 2682 2080 2718; x_wconf 78' lang='lat' dir='ltr'>docet</span> 
     </span>
     <span class='ocr_line' id='line_1_96' title="bbox 1192 2722 2079 2773; baseline 0.01 -14"><span class='ocrx_word' id='word_1_610' title='bbox 1192 2722 1299 2769; x_wconf 78' lang='lat' dir='ltr'>primo</span> <span class='ocrx_word' id='word_1_611' title='bbox 1306 2748 1318 2765; x_wconf 88' lang='lat'>,</span> <span class='ocrx_word' id='word_1_612' title='bbox 1329 2724 1418 2767; x_wconf 91' lang='lat' dir='ltr'>quod</span> <span class='ocrx_word' id='word_1_613' title='bbox 1432 2722 1632 2760; x_wconf 82' lang='lat' dir='ltr'>Theodorus</span> <span class='ocrx_word' id='word_1_614' title='bbox 1643 2738 1713 2761; x_wconf 88' lang='lat' dir='ltr'>non</span> <span class='ocrx_word' id='word_1_615' title='bbox 1725 2726 1828 2760; x_wconf 91' lang='lat' dir='ltr'>solum</span> <span class='ocrx_word' id='word_1_616' title='bbox 1838 2728 2079 2773; x_wconf 86' lang='lat' dir='ltr'>Mopsuestiam</span> 
     </span>
     <span class='ocr_line' id='line_1_97' title="bbox 1193 2773 2080 2819; baseline 0.01 -10"><span class='ocrx_word' id='word_1_617' title='bbox 1193 2774 1386 2819; x_wconf 88' lang='lat' dir='ltr'>corruperit,</span> <span class='ocrx_word' id='word_1_618' title='bbox 1412 2773 1465 2809; x_wconf 89' lang='lat' dir='ltr'>sed</span> <span class='ocrx_word' id='word_1_619' title='bbox 1484 2786 1619 2810; x_wconf 88' lang='lat' dir='ltr'>omnem</span> <span class='ocrx_word' id='word_1_620' title='bbox 1633 2777 1808 2812; x_wconf 85' lang='lat' dir='ltr'>secundam</span> <span class='ocrx_word' id='word_1_621' title='bbox 1821 2778 1976 2815; x_wconf 87' lang='lat' dir='ltr'>Ciliciam</span> <span class='ocrx_word' id='word_1_622' title='bbox 1989 2807 1998 2815; x_wconf 88' lang='lat'><strong>.</strong></span> <span class='ocrx_word' id='word_1_623' title='bbox 2023 2783 2080 2818; x_wconf 90' lang='lat' dir='ltr'>Se·</span> 
     </span>
     <span class='ocr_line' id='line_1_98' title="bbox 1194 2824 2080 2873; baseline 0.009 -13"><span class='ocrx_word' id='word_1_624' title='bbox 1194 2824 1323 2867; x_wconf 75' lang='lat' dir='ltr'>cundo,</span> <span class='ocrx_word' id='word_1_625' title='bbox 1349 2825 1438 2869; x_wconf 92' lang='lat' dir='ltr'>quod</span> <span class='ocrx_word' id='word_1_626' title='bbox 1462 2825 1584 2873; x_wconf 80' lang='lat' dir='ltr'>Cilices</span> <span class='ocrx_word' id='word_1_627' title='bbox 1605 2826 1692 2862; x_wconf 88' lang='lat' dir='ltr'>virus</span> <span class='ocrx_word' id='word_1_628' title='bbox 1714 2829 1914 2865; x_wconf 82' lang='lat' dir='ltr'>traduxerint</span> <span class='ocrx_word' id='word_1_629' title='bbox 1932 2832 2080 2868; x_wconf 83' lang='lat' dir='ltr'>etiamin</span> 
     </span>
     <span class='ocr_line' id='line_1_99' title="bbox 1196 2875 2084 2924; baseline 0.007 -13"><span class='ocrx_word' id='word_1_630' title='bbox 1196 2875 1368 2911; x_wconf 82' lang='lat' dir='ltr'>secundam</span> <span class='ocrx_word' id='word_1_631' title='bbox 1392 2875 1634 2918; x_wconf 76' lang='lat' dir='ltr'>Cappadociam</span> <span class='ocrx_word' id='word_1_632' title='bbox 1658 2890 1666 2909; x_wconf 90' lang='lat'>:</span> <span class='ocrx_word' id='word_1_633' title='bbox 1707 2878 1840 2923; x_wconf 90' lang='lat' dir='ltr'>Utique</span> <span class='ocrx_word' id='word_1_634' title='bbox 1870 2892 1926 2924; x_wconf 89' lang='lat' dir='ltr'>per</span> <span class='ocrx_word' id='word_1_635' title='bbox 1953 2882 2084 2917; x_wconf 87' lang='lat' dir='ltr'>Metro-</span> 
     </span>
     <span class='ocr_line' id='line_1_100' title="bbox 1195 2924 2081 2971; baseline 0.008 -11"><span class='ocrx_word' id='word_1_636' title='bbox 1195 2926 1331 2971; x_wconf 87' lang='lat' dir='ltr'>politam</span> <span class='ocrx_word' id='word_1_637' title='bbox 1354 2924 1569 2960; x_wconf 88' lang='lat' dir='ltr'>Eutheriurn.</span> <span class='ocrx_word' id='word_1_638' title='bbox 1597 2926 1741 2970; x_wconf 77' lang='lat' dir='ltr'>Tertio,</span> <span class='ocrx_word' id='word_1_639' title='bbox 1767 2930 1857 2970; x_wconf 82' lang='lat' dir='ltr'>quod</span> <span class='ocrx_word' id='word_1_640' title='bbox 1875 2931 1945 2965; x_wconf 91' lang='lat' dir='ltr'>illic</span> <span class='ocrx_word' id='word_1_641' title='bbox 1956 2932 2081 2968; x_wconf 85' lang='lat' dir='ltr'>multos</span> 
     </span>
     <span class='ocr_line' id='line_1_101' title="bbox 1194 2975 2081 3028; baseline 0.007 -17"><span class='ocrx_word' id='word_1_642' title='bbox 1194 2975 1397 3020; x_wconf 87' lang='lat' dir='ltr'>corruperint</span> <span class='ocrx_word' id='word_1_643' title='bbox 1433 3000 1440 3008; x_wconf 91' lang='lat'><strong>.</strong></span> <span class='ocrx_word' id='word_1_644' title='bbox 1480 2975 1593 3012; x_wconf 89' lang='lat' dir='ltr'>Etiam</span> <span class='ocrx_word' id='word_1_645' title='bbox 1627 2976 1716 3012; x_wconf 84' lang='lat' dir='ltr'>hunc</span> <span class='ocrx_word' id='word_1_646' title='bbox 1745 2978 1893 3014; x_wconf 87' lang='lat' dir='ltr'>Vitalem</span> <span class='ocrx_word' id='word_1_647' title='bbox 1915 3005 1927 3021; x_wconf 92' lang='lat'>‚</span> <span class='ocrx_word' id='word_1_648' title='bbox 1953 2992 2081 3028; x_wconf 67' lang='lat' dir='ltr'>magum</span> 
     </span>
     <span class='ocr_line' id='line_1_102' title="bbox 1196 3025 2083 3077; baseline 0.008 -17"><span class='ocrx_word' id='word_1_649' title='bbox 1196 3025 1323 3061; x_wconf 89' lang='lat' dir='ltr'>virtutis</span> <span class='ocrx_word' id='word_1_650' title='bbox 1362 3025 1570 3062; x_wconf 84' lang='lat' dir='ltr'>Monachum</span> <span class='ocrx_word' id='word_1_651' title='bbox 1591 3053 1599 3061; x_wconf 91' lang='lat'><strong>.</strong></span> <span class='ocrx_word' id='word_1_652' title='bbox 1638 3027 1769 3077; x_wconf 72' lang='lat' dir='ltr'>Qarto</span> <span class='ocrx_word' id='word_1_653' title='bbox 1794 3053 1805 3070; x_wconf 90' lang='lat'>,</span> <span class='ocrx_word' id='word_1_654' title='bbox 1830 3030 1919 3074; x_wconf 86' lang='lat' dir='ltr'>quod</span> <span class='ocrx_word' id='word_1_655' title='bbox 1954 3033 2041 3068; x_wconf 87' lang='lat' dir='ltr'>virus</span> <span class='ocrx_word' id='word_1_656' title='bbox 2062 3033 2083 3067; x_wconf 72' lang='lat' dir='ltr'>a.</span> 
     </span>
     <span class='ocr_line' id='line_1_103' title="bbox 1194 3075 2083 3118; baseline 0.01 -8"><span class='ocrx_word' id='word_1_657' title='bbox 1194 3075 1381 3111; x_wconf 87' lang='lat' dir='ltr'>Theodoro</span> <span class='ocrx_word' id='word_1_658' title='bbox 1403 3078 1526 3112; x_wconf 88' lang='lat' dir='ltr'>venerit</span> <span class='ocrx_word' id='word_1_659' title='bbox 1548 3078 1582 3112; x_wconf 88' lang='lat' dir='ltr'>in</span> <span class='ocrx_word' id='word_1_660' title='bbox 1602 3078 1792 3114; x_wconf 89' lang='lat' dir='ltr'>Nestorium</span> <span class='ocrx_word' id='word_1_661' title='bbox 1805 3104 1813 3112; x_wconf 91' lang='lat'>.</span> <span class='ocrx_word' id='word_1_662' title='bbox 1839 3080 1959 3116; x_wconf 87' lang='lat' dir='ltr'>Paulus</span> <span class='ocrx_word' id='word_1_663' title='bbox 1970 3084 2083 3118; x_wconf 83' lang='lat' dir='ltr'>Samo-</span> 
     </span>
     <span class='ocr_line' id='line_1_104' title="bbox 1196 3122 2083 3176; baseline 0.01 -16"><span class='ocrx_word' id='word_1_664' title='bbox 1196 3127 1326 3162; x_wconf 84' lang='lat' dir='ltr'>satenfis</span> <span class='ocrx_word' id='word_1_665' title='bbox 1337 3150 1349 3167; x_wconf 93' lang='lat'>,</span> <span class='ocrx_word' id='word_1_666' title='bbox 1375 3122 1563 3162; x_wconf 69' lang='lat' dir='ltr'>Antiochiae</span> <span class='ocrx_word' id='word_1_667' title='bbox 1583 3128 1773 3164; x_wconf 85' lang='lat' dir='ltr'>Patriarcha</span> <span class='ocrx_word' id='word_1_668' title='bbox 1785 3154 1796 3170; x_wconf 95' lang='lat'>,</span> <span class='ocrx_word' id='word_1_669' title='bbox 1822 3130 1858 3165; x_wconf 89' lang='lat' dir='ltr'>in</span> <span class='ocrx_word' id='word_1_670' title='bbox 1870 3132 2008 3168; x_wconf 91' lang='lat' dir='ltr'>Oriente</span> <span class='ocrx_word' id='word_1_671' title='bbox 2026 3145 2083 3176; x_wconf 89' lang='lat' dir='ltr'>po-</span> 
     </span>
     <span class='ocr_line' id='line_1_105' title="bbox 1196 3177 2083 3221; baseline 0.008 -10"><span class='ocrx_word' id='word_1_672' title='bbox 1196 3178 1257 3212; x_wconf 89' lang='lat' dir='ltr'>suit</span> <span class='ocrx_word' id='word_1_673' title='bbox 1280 3178 1417 3221; x_wconf 85' lang='lat' dir='ltr'>primam</span> <span class='ocrx_word' id='word_1_674' title='bbox 1436 3177 1504 3221; x_wconf 83' lang='lat' dir='ltr'>ejus</span> <span class='ocrx_word' id='word_1_675' title='bbox 1537 3178 1679 3213; x_wconf 87' lang='lat' dir='ltr'>radicem</span> <span class='ocrx_word' id='word_1_676' title='bbox 1692 3204 1699 3211; x_wconf 95' lang='lat'>.</span> <span class='ocrx_word' id='word_1_677' title='bbox 1728 3179 1762 3214; x_wconf 82' lang='lat' dir='ltr'>A</span> <span class='ocrx_word' id='word_1_678' title='bbox 1785 3179 1890 3215; x_wconf 85' lang='lat' dir='ltr'>Paulo</span> <span class='ocrx_word' id='word_1_679' title='bbox 1911 3182 1946 3215; x_wconf 88' lang='lat' dir='ltr'>in</span> <span class='ocrx_word' id='word_1_680' title='bbox 1966 3184 2083 3219; x_wconf 86' lang='lat' dir='ltr'>Lucia·</span> 
     </span>
     <span class='ocr_line' id='line_1_106' title="bbox 1197 3226 2079 3269; baseline 0.008 -8"><span class='ocrx_word' id='word_1_681' title='bbox 1197 3239 1276 3261; x_wconf 89' lang='lat' dir='ltr'>num</span> <span class='ocrx_word' id='word_1_682' title='bbox 1289 3251 1300 3267; x_wconf 91' lang='lat'>,</span> <span class='ocrx_word' id='word_1_683' title='bbox 1326 3226 1345 3260; x_wconf 74' lang='grc' dir='ltr'>ὲ</span> <span class='ocrx_word' id='word_1_684' title='bbox 1363 3228 1512 3262; x_wconf 88' lang='lat' dir='ltr'>Luciano</span> <span class='ocrx_word' id='word_1_685' title='bbox 1533 3228 1568 3262; x_wconf 89' lang='lat' dir='ltr'>in</span> <span class='ocrx_word' id='word_1_686' title='bbox 1593 3229 1781 3265; x_wconf 82' lang='lat' dir='ltr'>Diodorum</span> <span class='ocrx_word' id='word_1_687' title='bbox 1794 3254 1805 3269; x_wconf 85' lang='lat'>,</span> <span class='ocrx_word' id='word_1_688' title='bbox 1830 3231 1849 3264; x_wconf 75' lang='lat' dir='ltr'>a</span> <span class='ocrx_word' id='word_1_689' title='bbox 1872 3230 2025 3267; x_wconf 86' lang='lat' dir='ltr'>Diodoro</span> <span class='ocrx_word' id='word_1_690' title='bbox 2043 3234 2079 3268; x_wconf 83' lang='lat' dir='ltr'>in</span> 
     </span>
     <span class='ocr_line' id='line_1_107' title="bbox 1196 3277 2077 3318; baseline 0.006 -8"><span class='ocrx_word' id='word_1_691' title='bbox 1196 3277 1439 3318; x_wconf 88' lang='lat' dir='ltr'>Theodorum,</span> <span class='ocrx_word' id='word_1_692' title='bbox 1466 3278 1483 3311; x_wconf 72' lang='grc' dir='ltr'>ὲ</span> <span class='ocrx_word' id='word_1_693' title='bbox 1506 3278 1696 3314; x_wconf 88' lang='lat' dir='ltr'>Theodoro</span> <span class='ocrx_word' id='word_1_694' title='bbox 1719 3280 1853 3314; x_wconf 85' lang='lat' dir='ltr'>venitin</span> <span class='ocrx_word' id='word_1_695' title='bbox 1867 3281 2077 3317; x_wconf 77' lang='lat' dir='ltr'>Nestorium.</span> 
     </span>
     <span class='ocr_line' id='line_1_108' title="bbox 1198 3327 2077 3374; baseline 0.002 -12"><span class='ocrx_word' id='word_1_696' title='bbox 1198 3327 1301 3363; x_wconf 86' lang='lat' dir='ltr'>Hunc</span> <span class='ocrx_word' id='word_1_697' title='bbox 1313 3327 1415 3374; x_wconf 86' lang='lat' dir='ltr'>igitur</span> <span class='ocrx_word' id='word_1_698' title='bbox 1426 3329 1574 3366; x_wconf 83' lang='lat' dir='ltr'>Vitalem</span> <span class='ocrx_word' id='word_1_699' title='bbox 1584 3328 1786 3367; x_wconf 87' lang='lat' dir='ltr'>Theodotus</span> <span class='ocrx_word' id='word_1_700' title='bbox 1797 3330 1904 3370; x_wconf 83' lang='lat' dir='ltr'>studet</span> <span class='ocrx_word' id='word_1_701' title='bbox 1915 3332 1956 3366; x_wconf 87' lang='lat' dir='ltr'>ad</span> <span class='ocrx_word' id='word_1_702' title='bbox 1970 3333 2077 3366; x_wconf 71' lang='lat' dir='ltr'>sanam</span> 
     </span>
     <span class='ocr_line' id='line_1_109' title="bbox 1926 3381 2025 3418; baseline 0.01 -4"><span class='ocrx_word' id='word_1_703' title='bbox 1926 3381 2025 3418; x_wconf 79' lang='lat' dir='ltr'>fidem</span> 
     </span>
    </p>
   </div>
  </div>
 </body>
</html>
