2320 3730
604 218 914 272 Scironis,
954 229 1017 258 ετ
1054 212 1246 260 Nous
1280 226 1666 260 ILLUSTRATAE.

430 407 924 452 SCHOL10N.

340 553 394 588 Oc
414 554 460 588 est
483 563 675 598 praeceptum
687 577 699 594 ‚
725 565 793 598 quo
803 552 970 587 Praefestus
982 549 1121 586 mdorus

367 604 599 647 praecedentem
609 604 817 639 Sanctionem
827 602 913 646 juffit
923 613 980 646 per
992 600 1100 635 nescio
1110 622 1121 639 ‚

230 663 330 695 quem
350 653 715 698 Magnificentiffimum
747 653 937 688 Dominum
969 651 1057 686 mitti
1084 650 1119 684 in

229 704 463 738 executionem
483 729 490 737 .
518 705 562 739 Et
585 703 675 739 vides
696 702 750 738 hic
771 703 939 739 Veredum
962 699 1120 746 distingui

230 754 266 786 &
276 752 453 797 Pin-ippum
463 779 470 788 .
499 754 631 789 Horum
643 754 815 789 discrimen
825 751 960 787 exhibet
970 752 1120 787 Lexicon

232 803 411 846 Juridicum
423 805 566 839 Simonis
577 803 724 839 Schardii
738 816 745 837 :
773 803 849 840 Ver.
862 805 969 837 Vereds·
979 827 990 843 ‚
1011 803 1046 836 &
1060 803 1120 835 Pa-

231 859 353 894 rippus.
381 855 435 888 De
448 853 500 888 his
512 854 597 888 varia
609 855 652 888 est
665 854 750 898 apud
762 854 914 897 antiquos
924 852 1050 887 mentio
1059 873 1066 882 -
1081 850 1118 882 In

232 901 472 938 Theodofiano
481 904 609 939 Codice
621 904 680 939 sub
689 904 790 938 titulo
807 905 843 938 de
848 904 964 946 publico
971 898 1042 943 curs
1035 911 1055 932 ¹⁴
1065 909 1118 933 ex·

230 951 305 991 stat,
319 953 523 997 imperatoris
533 954 653 998 Juliani
665 955 748 990 Lex:
766 956 933 994 Partppum
943 962 1010 985 eum
1021 951 1120 985 videri

230 1003 266 1036 G·
275 1001 444 1037 babendum
454 1003 506 1045 effe
515 1026 526 1041 ‚
550 1009 602 1044 qul
615 1002 755 1044 usurpato
765 1013 823 1035 uno
834 1003 886 1038 vel
894 1001 1008 1036 duobus
1038 1004 1119 1035 Vere·

229 1052 280 1082 dis
293 1074 304 1089 ‚
330 1063 402 1092 quos
416 1051 493 1093 fhlos
514 1050 641 1084 Evemo
667 1050 823 1086 continebit
847 1076 858 1092 ,
884 1053 1013 1085 alterum
1023 1075 1035 1092 ,
1060 1059 1118 1084 ter-

228 1100 345 1132 tiumve
354 1108 444 1133 extra
455 1101 599 1135 Ordinem
609 1109 790 1135 commoveat
799 1126 807 1133 .
837 1101 882 1135 Et
905 1101 1118 1144 Imperatores

227 1149 487 1185 Valentinianus
506 1149 541 1183 ὃς
567 1148 693 1184 Valens
715 1150 749 1183 in
765 1150 836 1194 lege
847 1150 888 1184 ad
903 1150 1118 1186 Volusianum

229 1198 338 1233 Urbis
362 1199 573 1235 Praefectum:
603 1202 770 1242 Parippum
788 1201 839 1235 vel
849 1200 1043 1236 AvecYarium
1056 1203 1119 1235 nul-

229 1250 277 1282 lus
287 1254 414 1290 accipiat
427 1273 437 1290 ,
463 1248 520 1290 nist
525 1260 589 1283 eum
606 1250 708 1288 nostrae
719 1252 895 1283 serenitatis
918 1251 1043 1284 arbitrio
1055 1254 1123 1283 Ma-

227 1298 315 1342 gister
330 1301 496 1341 Officlorum
505 1305 603 1333 textui
614 1303 645 1334 E
647 1301 789 1336 vecqionls
800 1301 956 1336 addiderit
971 1326 978 1334 .
1007 1301 1051 1338 Et
1063 1299 1121 1335 hu·

229 1348 370 1391 jusmodi
383 1350 515 1384 Evefflo
526 1361 592 1385 erat
603 1350 686 1386 adeo
699 1350 879 1386 honorifica
892 1376 902 1391 ,
915 1361 953 1385 ut
964 1351 1034 1386 dari
1049 1363 1118 1386 non

231 1401 347 1441 postet,
357 1400 416 1434 nisi
431 1412 485 1444 per
496 1401 600 1444 ipsum
612 1401 800 1447 Principem
813 1426 820 1435 .
830 1400 873 1436 Et
883 1399 962 1438 hinc
973 1401 1121 1436 videmus

231 1448 390 1484 Irenaeutu
410 1449 503 1484 fuisse
512 1462 587 1485 cum
599 1449 728 1488 honore
748 1451 946 1497 relegatum.
977 1452 1018 1486 Ei
1029 1453 1119 1486 enim

232 1496 327 1533 datus
348 1499 411 1535 fuit
432 1499 582 1535 Veredus
603 1512 679 1536 cum
701 1501 862 1546 Parippo.
889 1502 933 1536 Et
952 1502 1120 1545 adjunctus

233 1549 378 1584 famulus
391 1575 397 1582 .
411 1550 521 1585 Etiam
533 1550 670 1585 Photio.
698 1552 741 1585 Et
752 1551 834 1585 hinc
845 1550 970 1586 videtur
982 1552 1121 1586 nullate·

233 1609 296 1632 nus
317 1599 412 1632 fuisse
434 1601 580 1642 praefatus
603 1599 661 1633 ille
671 1599 1017 1643 NestoriiPresbyter.

283 1646 331 1681 At
350 1659 426 1683 ecce
448 1649 525 1683 dum
538 1649 674 1683 Irenaeus
687 1662 740 1693 per
752 1650 879 1693 Syriam
892 1651 1001 1684 transit
1012 1677 1022 1692 ‚
1049 1663 1117 1687 mo·

231 1696 313 1732 titur
335 1697 442 1740 Cyrus
462 1699 649 1741 Tyriorum
668 1700 849 1745 Episcopus
863 1725 873 1740 ,
900 1701 1012 1744 primae
1032 1701 1120 1736 Phae-

230 1747 325 1781 niciae
339 1747 557 1791 Metropolita
569 1773 579 1789 ,
607 1758 703 1793 atque
725 1749 769 1783 ita
782 1751 913 1795 eligitur
923 1751 941 1784 a
953 1750 1071 1794 Tyriis
1086 1753 1119 1786 in

231 1798 326 1831 suum
340 1796 532 1833 Antistitem
545 1823 556 1839 ,
582 1799 614 1833 &
635 1800 653 1833 a
663 1797 882 1835 Theodoreto
895 1802 1118 1836 consecratur.

234 1846 390 1893 Qorum
411 1859 478 1882 arte
497 1859 553 1882 aut
577 1848 685 1883 studio
709 1851 893 1893 processerit
905 1849 972 1885 haec
985 1852 1119 1893 elestio,

233 1897 372 1942 ignoro.
391 1898 524 1932 Interim
537 1896 744 1934 Theodofius
755 1899 924 1946 Augustus
944 1902 1120 1945 acquievit,

233 1958 332 1991 atque
345 1948 388 1982 ita
399 1949 534 1983 Iraeneus
566 1950 664 1984 evasit
686 1950 769 1984 istud
791 1952 947 1985 exilium.
974 1952 1047 1986 Nec
1061 1953 1117 1986 mi-

235 2007 328 2032 rum.
357 1998 492 2033 Etenim
515 2010 667 2043 perpetua
687 1999 975 2046 Romanilmperii
989 2003 1120 2037 consue-

235 2047 320 2080 tudo
331 2072 341 2087 ,
368 2048 401 2082 &
413 2048 594 2083 Catholicae
608 2050 756 2084 Ecclefiae
772 2051 944 2095 disciplina
954 2076 965 2091 ‚
993 2062 1061 2084 non
1074 2053 1119 2084 so·

235 2097 277 2130 lis
289 2097 401 2135 exilii,
427 2099 481 2132 sed
493 2099 527 2132 δε
548 2098 708 2142 Capitalis
718 2099 888 2142 supplicii,
914 2099 984 2134 imo
994 2101 1027 2134 &
1043 2101 1120 2134 laesae

234 2146 416 2190 Majestatis
430 2173 440 2189 ,
464 2149 563 2182 etiam
577 2147 621 2182 ob
633 2148 888 2193 perduellionem
899 2175 909 2191 ,
936 2151 998 2185 reis
1009 2151 1122 2194 permi-

232 2197 345 2230 serunt
365 2206 606 2240 quamcumque
625 2207 755 2240 poenam
766 2200 940 2240 permutari
955 2201 988 2232 in
1008 2199 1119 2233 Eccle-

234 2245 392 2279 siasticam
405 2245 611 2279 Tonsuram:
640 2245 897 2286 Monachalem,
924 2247 1118 2281 Clericalem

233 2305 291 2329 aut
312 2296 412 2330 etiam
433 2295 661 2339 Episcopalem
688 2322 694 2328 .
723 2296 819 2330 Plura
841 2297 915 2330 sunt
938 2296 1118 2331 istiusmodi

234 2344 383 2390 exempla
400 2370 406 2377 .
424 2346 557 2379 Etenim
568 2346 601 2379 in
613 2346 783 2381 Chronico
797 2346 907 2381 scribit
922 2347 1037 2381 Vistor
1048 2347 1117 2381 To-

235 2395 412 2429 mionenfis
438 2395 615 2439 Episcopus
627 2410 637 2428 :
665 2401 777 2429 Avitus
787 2420 798 2437 ‚
827 2402 879 2430 vir
892 2402 979 2430 totius
986 2395 1118 2438 simplici-

236 2449 312 2477 tatis
325 2450 358 2477 in
371 2445 482 2478 Gallils
494 2449 651 2487 Imperium
657 2445 752 2488 sumit
763 2470 773 2486 ‚
799 2450 959 2480 Ricimirus
972 2449 1118 2481 Patricius

238 2500 362 2527 Avitum
371 2493 515 2537 superat,
540 2497 807 2536 cujusinnocentlae
819 2505 948 2539 parcens
960 2521 971 2537 ,
999 2497 1120 2531 Placen-

236 2550 290 2577 tiae
310 2548 461 2578 Civitatis
483 2544 665 2588 Episcopum
675 2545 769 2587 fecit.
797 2547 845 2581 lta
857 2546 965 2581 scribit
977 2546 1016 2580 ad
1030 2546 1118 2581 Con-

234 2592 376 2628 sulatum
399 2595 533 2636 Joannis
554 2595 587 2627 &
610 2594 764 2630 Varami.
792 2596 836 2630 Et
848 2597 888 2631 ad
902 2596 1117 2631 Consulatum

235 2641 456 2676 Rustitionis:
477 2645 637 2686 Joannes,
662 2650 713 2686 qui
732 2646 765 2678 ό·
786 2655 856 2678 ante
872 2646 997 2690 Justum
1009 2647 1054 2679 ad
1063 2651 1118 2679 Im-

231 2698 348 2735 perium
360 2701 424 2727 erat
435 2693 541 2726 eleaus
553 2718 564 2734 ,
590 2695 734 2728 Heracleae
748 2693 883 2729 Thracia·
896 2695 1060 2739 Episcopus
1074 2708 1116 2730 or-

235 2743 360 2775 dinatur
373 2767 380 2774 .
409 2742 453 2775 Et
463 2740 665 2778 Theodorus
675 2745 792 2780 Lector
804 2745 837 2779 in
847 2745 951 2789 primo
963 2745 1117 2781 Collesta-

235 2801 375 2826 neorum
390 2791 493 2826 libro:
519 2795 697 2827 Marcianus
721 2797 848 2829 Zenonis
874 2806 1008 2840 congener
1026 2820 1037 2837 ‚
1064 2797 1116 2829 ad-

234 2843 344 2876 versus
365 2843 448 2876 illum
469 2840 654 2886 conspiravit
676 2869 683 2875 .
712 2847 780 2877 Aere
805 2851 895 2890 (gitur
913 2848 1019 2889 praelio
1039 2850 1118 2879 inter

235 2895 389 2926 Zenonem
427 2894 462 2927 δ’
482 2896 668 2927 Marcianum
689 2892 816 2937 conserto
825 2921 836 2937 ‚
862 2900 1034 2930 Marcianus
1058 2898 1117 2930 Ion-

233 2944 272 2987 g?
279 2942 410 2987 superior
419 2942 512 2985 evasit
523 2969 529 2975 .
559 2947 602 2980 Et
611 2944 728 2978 cunc‘los
738 2969 749 2986 ,
776 2951 827 2988 qul
838 2948 858 2979 ἂ
865 2946 1003 2989 partibus
1024 2949 1117 2981 Zeno-

235 2996 286 3025 nis
292 2993 414 3032 stabant
426 3017 436 3032 ,
463 2999 495 3027 in
498 2994 609 3037 fugam
621 2993 722 3039 versos
733 3020 744 3036 ,
769 3001 851 3029 intra
875 2999 1029 3031 Palatium
1040 2996 1116 3040 obse-

237 3043 306 3082 dit,
333 3044 452 3075 Romulo
470 3044 504 3076 ὦ·
527 3047 685 3086 Procopio,
707 3047 775 3087 ejus
789 3045 940 3088 fratribus
960 3047 1116 3091 ipficmad-

238 3091 434 3134 iuvantibus.
462 3092 605 3132 Postridie
629 3097 699 3128 vero
721 3095 881 3140 captisunt
890 3123 901 3140 ,
926 3104 1033 3132 cumin
1046 3099 1117 3131 Bal-

236 3152 290 3174 neo
299 3143 450 3184 Zeuzippi
459 3143 599 3176 lavarent
615 3169 623 3177 .
652 3148 699 3178 Et
710 3148 899 3181 Marcianum
908 3150 1025 3191 quidem
1035 3151 1118 3181 Zeno

237 3196 270 3223 in
284 3192 485 3230 Presbyterum
494 3194 629 3226 ordinari
631 3195 717 3235 juffit
729 3220 736 3227 .
758 3196 822 3230 Ista
839 3197 928 3232 enim
941 3197 1117 3232 Ordinatio

236 3239 375 3275 faciebat
395 3241 577 3276 inhabilem
598 3243 639 3276 ad
651 3243 827 3287 Imperium
836 3270 848 3287 ,
875 3248 944 3283 imo
955 3249 988 3282 ὃς
999 3246 1037 3280 ad
1049 3260 1118 3282 om·

237 3301 312 3325 nem
324 3292 415 3325 usum
428 3291 531 3336 gladii
545 3306 553 3325 ε
580 3292 730 3328 Ponebat
753 3293 937 3339 Principem
949 3308 1037 3331 extra
1050 3309 1118 3332 om-

238 3350 281 3374 ne
303 3341 497 3384 periculum.
525 3343 620 3376 Hinc
641 3343 741 3387 igitur
761 3345 794 3379 δε
816 3344 1022 3382 Theodosius
1033 3354 1116 3383 con-

238 3390 332 3426 sensit
343 3391 377 3425 in
388 3391 630 3428 ordinationem
641 3392 750 3429 Irenaei
763 3418 769 3427 .

1886 232 1907 277 3
1915 231 1979 279 47

1401 369 1656 419 CAPUT
1691 372 1831 419 CXC.
1907 390 2049 437 -279

1179 527 1329 591 Qanti
1353 563 1366 588 ‚
1413 528 1560 595 inquit
1588 563 1601 587 ,
1649 524 1677 576 ὰ
1698 523 1843 593 [Σιηὲἶίς
1880 527 2049 591 Ecclcfiis

1248 601 1436 660 exierunt,
1472 596 1621 647 nolentes
1647 594 1770 665 suam
1793 594 2047 663 conscientiam

1248 666 1443 716 vulnerare
1476 705 1490 729 ,
1525 688 1632 735 neque
1666 665 1885 734 acquiescere
1920 671 1962 713 F
1962 665 2056 714 abiis

1250 737 1409 802 Cyrilli,
1434 738 1505 809 stu
1540 741 1614 811 ejus
1637 737 1691 807 fi‘
1723 743 1814 787 inere
1838 741 2058 785 communio-

1251 826 1354 856 nem.

1183 996 1487 1037 ALEXANDER
1507 947 1686 1041 Episctipus
1709 997 1895 1042 Hierapolis
1915 995 2063 1041 Euphra-

1230 1050 1314 1085 tefiae
1324 1075 1336 1091 ,
1357 1048 1414 1092 qui
1425 1047 1461 1081 &
1470 1046 1622 1083 exiliatus
1632 1047 1678 1081 est
1692 1048 1728 1083 in
1741 1047 1919 1084 Famothin
1932 1072 1944 1089 ‚
1955 1047 2064 1094 AEgy·

1233 1100 1282 1147 pti
1308 1098 1499 1134 metallum.

1186 1248 1390 1287 Assssmus
1415 1195 1685 1290 Dolich11‚1qli10
1695 1244 1797 1289 ejecto
1817 1244 1858 1281 ab
1869 1244 2012 1281 uenena
2022 1243 2067 1280 ai-

1232 1309 1280 1335 ter
1310 1298 1476 1334 ordinatus
1500 1297 1546 1333 est
1567 1297 1586 1334 ὲ,
1608 1296 1752 1344 Joanne.

1185 1448 1498 1487 DOROTHEUS
1523 1397 1920 1489 Maiciiiomonmus,
1943 1445 2069 1480 Metro-

1233 1500 1399 1544 politanus
1419 1500 1539 1534 Moesiae
1563 1524 1570 1531 .
1595 1497 1658 1532 lste
1680 1498 1818 1543 ejectus,
1844 1494 2002 1533 exiliatus·
2021 1494 2068 1529 est

1234 1551 1269 1586 in
1292 1551 1433 1586 Caesarea
1458 1547 1691 1596 Cappadociae.

1183 1664 1491 1738 VALE-Amos,
1516 1647 1729 1734 {iiiiii}
1755 1696 1905 1736 Moefiae,
1931 1696 1987 1739 qui
2005 1695 2063 1729 sub

1232 1749 1351 1784 eodem
1364 1748 1539 1785 Dorotheo
1559 1748 1736 1786 existentes
1756 1745 1843 1782 ultro
1868 1745 1909 1782 ab
1921 1745 2071 1781 Ecclefiis

1233 1801 1424 1835 recesserunt
1437 1824 1445 1833 .

1184 1947 1439 1983 MELETms
1473 1896 1727 1992 Mopsuisssnus
1754 1946 1900 1982 secundas
1923 1946 2071 1981 cniciae.

1234 1997 1304 2031 Hic
1328 1998 1481 2032 exiliatus
1501 1999 1537 2032 in
1565 1997 1722 2032 Melitina
1748 1997 1919 2030 Armeniae
1939 1997 2073 2029 civitate

1233 2047 1403 2080 defunctus
1412 2047 1458 2080 est
1472 2072 1483 2088 ‚
1508 2047 1613 2080 multa
1634 2047 1741 2081 millia
1762 2047 1867 2090 passus
1887 2044 1929 2079 ab
1947 2044 2072 2081 Acacio

1235 2096 1303 2141 ejus
1316 2095 1465 2131 Ecclefiae
1480 2094 1616 2134 Praesule
1628 2121 1636 2129 .

1185 2241 1430 2277 ZENOBIUS
1460 2240 1639 2285 Episcopus
1657 2238 1816 2299 Zephyrii
1832 2265 1844 2283 ‚
1870 2243 1981 2287 primae
1993 2245 2074 2280 Cili-

1235 2292 1291 2327 ciae
1314 2316 1326 2332 ‚
1351 2292 1408 2335 qui
1429 2290 1516 2326 ultro
1537 2292 1671 2335 quidem
1709 2292 1841 2337 reliquit
1869 2293 2045 2330 Ecclesiam
2059 2320 2071 2336 ,

1235 2341 1306 2386 post
1328 2340 1397 2376 haec
1421 2341 1499 2376 vero
1518 2343 1552 2375 in
1578 2341 1793 2377 Tiberiadem
1817 2342 1977 2388 relegatus
2000 2345 2066 2381 est.

1236 2392 1299 2427 Sed
1321 2391 1444 2426 &inde
1463 2393 1616 2436 fugatus,
1644 2391 1725 2427 dum
1753 2393 1784 2427 se
1794 2389 2003 2439 huncipsum
2015 2395 2070 2430 de·

1235 2442 1416 2478 nunciasset
1429 2442 1584 2478 existere.

1187 2591 1484 2628 EUTHERIUS
1511 2592 1692 2636 Episcopus
1704 2590 1978 2638 Thyanensium,
1996 2597 2069 2631 Me-

1237 2642 1455 2687 tropolitanus
1487 2642 1704 2688 Cappadociae
1731 2643 1876 2679 secundae
1897 2670 1907 2686 ,
1948 2646 2004 2688 qui
2025 2646 2066 2681 ab

1235 2692 1376 2726 Ecclesia
1398 2692 1538 2735 ejectus,
1564 2693 1724 2737 relegatus
1744 2692 1790 2727 est
1812 2694 1946 2738 quidem
1958 2694 2066 2740 Schy-

1232 2743 1393 2786 topolim.
1421 2742 1577 2778 Similiter
1600 2741 1721 2778 &inde
1731 2743 1886 2789 fugatus,
1915 2745 1950 2779 in
1966 2744 2064 2788 Tyro

1231 2793 1405 2827 defunstus
1423 2792 1468 2827 est
1483 2816 1490 2826 .

1180 2942 1486 2978 ANASTAsms
1499 2892 1658 2984 Teneiiif'
1677 2940 1734 2986 qui
1747 2941 1835 2976 ultre>
1848 2944 1936 2978 ωιτη
1950 2943 2058 2979 Eecie-

1227 2994 1269 3028 sia
1280 3018 1290 3034 ,
1317 2993 1351 3028 &
1362 3004 1419 3028 eos
1432 3018 1443 3034 ‚
1470 2992 1526 3035 qui
1537 3002 1627 3026 erant
1641 3003 1696 3035 per
1706 2992 1806 3027 exilia
1817 3017 1829 3034 ‚
1849 2994 2059 3030 circumcirca

1228 3043 1334 3078 iniens
1345 3065 1356 3082 ,
1380 3043 1426 3078 ita
1447 3042 1613 3078 defunctus
1624 3042 1667 3076 est
1679 3065 1687 3075 .

1180 3192 1461 3279 PAPsSIANUS
1487 3142 1650 3237 Hypag',
1678 3193 1779 3238 qui&
1793 3193 1883 3231 ultro
1895 3194 1983 3231 eeffit
1996 3196 2060 3231 Ec·

1228 3257 1246 3280 C
1262 3257 1278 3281 e
1290 3257 1327 3279 1ae
1340 3270 1347 3278 .

1181 3394 1393 3433 BASILIUS
1429 3344 1709 3440 Metropoiitalnus
1750 3408 1819 3433 non
1868 3394 2054 3439 acquievit.-

1934 3445 2005 3494 Qu

2086 1658 2160 1690 Adn.
2171 1661 2252 1692 Nor-³

2087 1701 2244 1731 Martianus

2090 1740 2190 1778 :sbryti
2201 1739 2245 1769 su-

2087 1788 2138 1818 pra
2180 1788 2246 1815 pag.

2087 1817 2188 1856 73.Sed
2198 1818 2247 1848 hic

2087 1857 2199 1890 accessit
2208 1856 2247 1888 ad

2088 1897 2248 1936 synodum:

2088 1947 2154 1970 nam
2179 1937 2252 1975 legi-

2089 1987 2135 2007 tur
2151 1980 2205 2007 To-
2216 1988 2248 2012 4.

2090 2018 2162 2047 C6c‚
2178 2025 2251 2056 paga

2092 2070 2106 2094 9
2113 2069 2123 2086 1
2130 2067 2160 2094 3ο
2195 2057 2227 2086 in

2088 2094 2252 2133 Conciliisi

2090 2138 2148 2170 &c.
