<?xml version="1.0" encoding="UTF-8"?>
<!DOCTYPE html PUBLIC "-//W3C//DTD XHTML 1.0 Transitional//EN"
    "http://www.w3.org/TR/xhtml1/DTD/xhtml1-transitional.dtd">
<html xmlns="http://www.w3.org/1999/xhtml" xml:lang="en" lang="en">
 <head>
  <title>
</title>
<meta http-equiv="Content-Type" content="text/html;charset=utf-8" />
  <meta name='ocr-system' content='tesseract 3.04.00' />
  <meta name='ocr-capabilities' content='ocr_page ocr_carea ocr_par ocr_line ocrx_word'/>
</head>
<body>
  <div class='ocr_page' id='page_1' title='image "./operaomniastudio07lupuuoft/operaomniastudio07lupuuoft_0194.png"; bbox 0 0 2320 3730; ppageno 0'>
   <div class='ocr_carea' id='block_1_1' title="bbox 373 194 467 240">
    <p class='ocr_par' dir='ltr' id='par_1_1' title="bbox 373 194 467 240">
     <span class='ocr_line' id='line_1_1' title="bbox 373 194 467 240; baseline -0.032 0"><span class='ocrx_word' id='word_1_1' title='bbox 373 194 467 240; x_wconf 75' lang='lat'>’188</span> 
     </span>
    </p>
   </div>
   <div class='ocr_carea' id='block_1_2' title="bbox 284 272 1185 1219">
    <p class='ocr_par' dir='ltr' id='par_1_2' title="bbox 284 272 1185 1219">
     <span class='ocr_line' id='line_1_2' title="bbox 297 272 1185 323; baseline -0.01 -9"><span class='ocrx_word' id='word_1_2' title='bbox 297 278 446 314; x_wconf 66' lang='lat' dir='ltr'>[itionem</span> <span class='ocrx_word' id='word_1_3' title='bbox 462 302 470 310; x_wconf 90' lang='lat'>.</span> <span class='ocrx_word' id='word_1_4' title='bbox 497 281 579 312; x_wconf 74' lang='lat' dir='ltr'>ntus</span> <span class='ocrx_word' id='word_1_5' title='bbox 591 276 628 318; x_wconf 76' lang='lat' dir='ltr'>est</span> <span class='ocrx_word' id='word_1_6' title='bbox 635 278 735 323; x_wconf 73' lang='lat' dir='ltr'>paffics</span> <span class='ocrx_word' id='word_1_7' title='bbox 752 290 788 312; x_wconf 85' lang='lat' dir='ltr'>ac</span> <span class='ocrx_word' id='word_1_8' title='bbox 799 286 930 313; x_wconf 86' lang='lat' dir='ltr'>mortuus</span> <span class='ocrx_word' id='word_1_9' title='bbox 942 301 949 308; x_wconf 90' lang='lat'><strong>.</strong></span> <span class='ocrx_word' id='word_1_10' title='bbox 975 273 1055 308; x_wconf 93' lang='lat' dir='ltr'>Dici</span> <span class='ocrx_word' id='word_1_11' title='bbox 1068 272 1185 307; x_wconf 88' lang='lat' dir='ltr'>voluit.</span> 
     </span>
     <span class='ocr_line' id='line_1_3' title="bbox 302 321 1184 373; baseline -0.005 -13"><span class='ocrx_word' id='word_1_12' title='bbox 302 328 437 368; x_wconf 81' lang='lat' dir='ltr'>christus</span> <span class='ocrx_word' id='word_1_13' title='bbox 450 328 487 370; x_wconf 84' lang='lat' dir='ltr'>est</span> <span class='ocrx_word' id='word_1_14' title='bbox 495 330 596 373; x_wconf 78' lang='lat' dir='ltr'>paffus</span> <span class='ocrx_word' id='word_1_15' title='bbox 603 329 763 373; x_wconf 78' lang='lat' dir='ltr'>secundum</span> <span class='ocrx_word' id='word_1_16' title='bbox 782 329 996 362; x_wconf 78' lang='lat' dir='ltr'><em>humanitatem</em></span> <span class='ocrx_word' id='word_1_17' title='bbox 1007 349 1014 355; x_wconf 90' lang='lat'>.</span> <span class='ocrx_word' id='word_1_18' title='bbox 1041 321 1161 357; x_wconf 73' lang='lat' dir='ltr'>Tertio</span> <span class='ocrx_word' id='word_1_19' title='bbox 1173 347 1184 364; x_wconf 90' lang='lat'>‚</span> 
     </span>
     <span class='ocr_line' id='line_1_4' title="bbox 300 372 1184 422; baseline -0.003 -10"><span class='ocrx_word' id='word_1_20' title='bbox 300 379 391 422; x_wconf 85' lang='lat' dir='ltr'>quod</span> <span class='ocrx_word' id='word_1_21' title='bbox 402 390 470 414; x_wconf 90' lang='lat' dir='ltr'>non</span> <span class='ocrx_word' id='word_1_22' title='bbox 484 379 657 414; x_wconf 85' lang='lat' dir='ltr'>crediderit</span> <span class='ocrx_word' id='word_1_23' title='bbox 670 379 687 412; x_wconf 66' lang='lat' dir='ltr'>*a</span> <span class='ocrx_word' id='word_1_24' title='bbox 696 378 824 420; x_wconf 89' lang='lat' dir='ltr'>Cyrillo</span> <span class='ocrx_word' id='word_1_25' title='bbox 838 375 969 409; x_wconf 85' lang='lat' dir='ltr'>admitti</span> <span class='ocrx_word' id='word_1_26' title='bbox 979 372 1058 406; x_wconf 88' lang='lat' dir='ltr'>duas</span> <span class='ocrx_word' id='word_1_27' title='bbox 1069 373 1102 406; x_wconf 90' lang='lat' dir='ltr'>in</span> <span class='ocrx_word' id='word_1_28' title='bbox 1114 373 1184 409; x_wconf 92' lang='lat' dir='ltr'>Do.-</span> 
     </span>
     <span class='ocr_line' id='line_1_5' title="bbox 298 420 1183 474; baseline -0.005 -12"><span class='ocrx_word' id='word_1_29' title='bbox 298 429 394 474; x_wconf 77' lang='lat' dir='ltr'>¹mino</span> <span class='ocrx_word' id='word_1_30' title='bbox 411 440 539 463; x_wconf 85' lang='lat' dir='ltr'>naturas</span> <span class='ocrx_word' id='word_1_31' title='bbox 553 454 559 460; x_wconf 94' lang='lat'>.</span> <span class='ocrx_word' id='word_1_32' title='bbox 587 427 733 474; x_wconf 76' lang='lat' dir='ltr'>Qarto,</span> <span class='ocrx_word' id='word_1_33' title='bbox 762 426 852 469; x_wconf 91' lang='lat' dir='ltr'>quod</span> <span class='ocrx_word' id='word_1_34' title='bbox 867 426 945 459; x_wconf 88' lang='lat' dir='ltr'>dum</span> <span class='ocrx_word' id='word_1_35' title='bbox 956 420 1022 457; x_wconf 83' lang='lat' dir='ltr'>haec</span> <span class='ocrx_word' id='word_1_36' title='bbox 1035 421 1183 458; x_wconf 85' lang='lat' dir='ltr'>Andreas</span> 
     </span>
     <span class='ocr_line' id='line_1_6' title="bbox 300 473 1182 522; baseline -0.005 -10"><span class='ocrx_word' id='word_1_37' title='bbox 300 478 450 514; x_wconf 78' lang='lat' dir='ltr'>scriberet</span> <span class='ocrx_word' id='word_1_38' title='bbox 464 504 474 519; x_wconf 92' lang='lat'>,</span> <span class='ocrx_word' id='word_1_39' title='bbox 501 479 586 522; x_wconf 87' lang='lat' dir='ltr'>apud</span> <span class='ocrx_word' id='word_1_40' title='bbox 612 475 830 512; x_wconf 80' lang='lat' dir='ltr'>Antiochiam</span> <span class='ocrx_word' id='word_1_41' title='bbox 851 474 948 509; x_wconf 83' lang='lat' dir='ltr'>fuerit</span> <span class='ocrx_word' id='word_1_42' title='bbox 959 473 1102 514; x_wconf 78' lang='lat' dir='ltr'>adunata</span> <span class='ocrx_word' id='word_1_43' title='bbox 1124 475 1182 517; x_wconf 92' lang='lat' dir='ltr'>Sy-</span> 
     </span>
     <span class='ocr_line' id='line_1_7' title="bbox 297 523 1184 572; baseline -0.006 -9"><span class='ocrx_word' id='word_1_44' title='bbox 297 529 424 563; x_wconf 87' lang='lat' dir='ltr'>nodus:</span> <span class='ocrx_word' id='word_1_45' title='bbox 450 528 578 572; x_wconf 79' lang='lat' dir='ltr'>Nempe</span> <span class='ocrx_word' id='word_1_46' title='bbox 593 529 734 571; x_wconf 68' lang='lat' dir='ltr'>superius</span> <span class='ocrx_word' id='word_1_47' title='bbox 746 534 922 561; x_wconf 88' lang='lat' dir='ltr'>memorata</span> <span class='ocrx_word' id='word_1_48' title='bbox 938 536 944 555; x_wconf 86' lang='lat'>:</span> <span class='ocrx_word' id='word_1_49' title='bbox 973 523 1027 556; x_wconf 86' lang='lat' dir='ltr'>Ex</span> <span class='ocrx_word' id='word_1_50' title='bbox 1052 523 1184 567; x_wconf 87' lang='lat' dir='ltr'>Episco-</span> 
     </span>
     <span class='ocr_line' id='line_1_8' title="bbox 297 573 1182 629; baseline -0.008 -16"><span class='ocrx_word' id='word_1_51' title='bbox 297 579 348 623; x_wconf 83' lang='lat' dir='ltr'>pis</span> <span class='ocrx_word' id='word_1_52' title='bbox 356 579 508 620; x_wconf 86' lang='lat' dir='ltr'>advenis,</span> <span class='ocrx_word' id='word_1_53' title='bbox 536 590 676 629; x_wconf 70' lang='lat' dir='ltr'>quorum</span> <span class='ocrx_word' id='word_1_54' title='bbox 691 588 774 613; x_wconf 90' lang='lat' dir='ltr'>unus</span> <span class='ocrx_word' id='word_1_55' title='bbox 788 576 850 610; x_wconf 90' lang='lat' dir='ltr'>fuit</span> <span class='ocrx_word' id='word_1_56' title='bbox 862 573 982 608; x_wconf 89' lang='lat' dir='ltr'>Paulus</span> <span class='ocrx_word' id='word_1_57' title='bbox 995 574 1182 609; x_wconf 85' lang='lat' dir='ltr'>Emesenus.</span> 
     </span>
     <span class='ocr_line' id='line_1_9' title="bbox 297 623 1181 677; baseline -0.005 -14"><span class='ocrx_word' id='word_1_58' title='bbox 297 629 448 677; x_wconf 68' lang='lat' dir='ltr'>Qimd,</span> <span class='ocrx_word' id='word_1_59' title='bbox 475 629 564 671; x_wconf 85' lang='lat' dir='ltr'>quod</span> <span class='ocrx_word' id='word_1_60' title='bbox 576 639 681 670; x_wconf 87' lang='lat' dir='ltr'>neque</span> <span class='ocrx_word' id='word_1_61' title='bbox 693 624 879 662; x_wconf 82' lang='lat' dir='ltr'>Alexander</span> <span class='ocrx_word' id='word_1_62' title='bbox 889 649 900 665; x_wconf 88' lang='lat'><strong>,</strong></span> <span class='ocrx_word' id='word_1_63' title='bbox 911 635 1018 668; x_wconf 87' lang='lat' dir='ltr'>neque</span> <span class='ocrx_word' id='word_1_64' title='bbox 1032 623 1181 659; x_wconf 84' lang='lat' dir='ltr'>Andreas</span> 
     </span>
     <span class='ocr_line' id='line_1_10' title="bbox 296 674 1181 722; baseline -0.003 -9"><span class='ocrx_word' id='word_1_65' title='bbox 296 679 353 722; x_wconf 79' lang='lat' dir='ltr'>ipsi</span> <span class='ocrx_word' id='word_1_66' title='bbox 365 680 547 714; x_wconf 84' lang='lat' dir='ltr'>adfuerint.</span> <span class='ocrx_word' id='word_1_67' title='bbox 574 678 674 712; x_wconf 76' lang='lat' dir='ltr'>Sexto</span> <span class='ocrx_word' id='word_1_68' title='bbox 686 700 696 717; x_wconf 93' lang='lat'>‚</span> <span class='ocrx_word' id='word_1_69' title='bbox 724 675 813 719; x_wconf 89' lang='lat' dir='ltr'>quod</span> <span class='ocrx_word' id='word_1_70' title='bbox 828 674 887 708; x_wconf 85' lang='lat' dir='ltr'>ista</span> <span class='ocrx_word' id='word_1_71' title='bbox 898 675 1051 718; x_wconf 86' lang='lat' dir='ltr'>Synodus</span> <span class='ocrx_word' id='word_1_72' title='bbox 1063 685 1181 719; x_wconf 90' lang='lat' dir='ltr'>propo-</span> 
     </span>
     <span class='ocr_line' id='line_1_11' title="bbox 295 724 1180 769; baseline -0.003 -7"><span class='ocrx_word' id='word_1_73' title='bbox 295 729 367 762; x_wconf 87' lang='lat' dir='ltr'>sitas</span> <span class='ocrx_word' id='word_1_74' title='bbox 377 730 395 763; x_wconf 74' lang='grc' dir='ltr'>ὲ</span> <span class='ocrx_word' id='word_1_75' title='bbox 406 730 524 763; x_wconf 76' lang='lat' dir='ltr'>Sancto</span> <span class='ocrx_word' id='word_1_76' title='bbox 537 725 663 769; x_wconf 89' lang='lat' dir='ltr'>Cyrillo</span> <span class='ocrx_word' id='word_1_77' title='bbox 674 726 886 761; x_wconf 87' lang='lat' dir='ltr'>conditiones</span> <span class='ocrx_word' id='word_1_78' title='bbox 896 724 1061 759; x_wconf 85' lang='lat' dir='ltr'>admiserit</span> <span class='ocrx_word' id='word_1_79' title='bbox 1077 748 1087 764; x_wconf 90' lang='lat'>‚</span> <span class='ocrx_word' id='word_1_80' title='bbox 1096 724 1180 759; x_wconf 89' lang='lat' dir='ltr'>ideo·</span> 
     </span>
     <span class='ocr_line' id='line_1_12' title="bbox 295 775 1179 824; baseline -0.001 -14"><span class='ocrx_word' id='word_1_81' title='bbox 295 789 359 820; x_wconf 89' lang='lat' dir='ltr'>que</span> <span class='ocrx_word' id='word_1_82' title='bbox 370 777 516 810; x_wconf 83' lang='lat' dir='ltr'>statuerit</span> <span class='ocrx_word' id='word_1_83' title='bbox 526 775 697 810; x_wconf 82' lang='lat' dir='ltr'>admittere</span> <span class='ocrx_word' id='word_1_84' title='bbox 712 776 779 819; x_wconf 88' lang='lat' dir='ltr'>ejus</span> <span class='ocrx_word' id='word_1_85' title='bbox 790 776 1063 810; x_wconf 85' lang='lat' dir='ltr'>communionem</span> <span class='ocrx_word' id='word_1_86' title='bbox 1078 776 1111 810; x_wconf 75' lang='grc' dir='ltr'>δε</span> <span class='ocrx_word' id='word_1_87' title='bbox 1126 787 1179 824; x_wconf 83' lang='lat' dir='ltr'>pa-</span> 
     </span>
     <span class='ocr_line' id='line_1_13' title="bbox 293 823 1177 869; baseline -0.001 -9"><span class='ocrx_word' id='word_1_88' title='bbox 293 837 364 860; x_wconf 87' lang='lat' dir='ltr'>cem</span> <span class='ocrx_word' id='word_1_89' title='bbox 376 852 384 858; x_wconf 86' lang='lat'>.</span> <span class='ocrx_word' id='word_1_90' title='bbox 411 823 556 869; x_wconf 71' lang='lat' dir='ltr'>Septimo</span> <span class='ocrx_word' id='word_1_91' title='bbox 567 849 578 865; x_wconf 92' lang='lat'>,</span> <span class='ocrx_word' id='word_1_92' title='bbox 605 826 694 868; x_wconf 91' lang='lat' dir='ltr'>quod</span> <span class='ocrx_word' id='word_1_93' title='bbox 705 826 987 869; x_wconf 83' lang='lat' dir='ltr'>eadem&#39;Synodus</span> <span class='ocrx_word' id='word_1_94' title='bbox 1008 825 1177 860; x_wconf 89' lang='lat' dir='ltr'>conditio—</span> 
     </span>
     <span class='ocr_line' id='line_1_14' title="bbox 292 874 1175 920; baseline 0.002 -11"><span class='ocrx_word' id='word_1_95' title='bbox 292 887 352 910; x_wconf 86' lang='lat' dir='ltr'>nes</span> <span class='ocrx_word' id='word_1_96' title='bbox 362 887 429 909; x_wconf 90' lang='lat' dir='ltr'>non</span> <span class='ocrx_word' id='word_1_97' title='bbox 442 874 537 918; x_wconf 77' lang='lat' dir='ltr'>plene</span> <span class='ocrx_word' id='word_1_98' title='bbox 548 874 691 918; x_wconf 87' lang='lat' dir='ltr'>probarit</span> <span class='ocrx_word' id='word_1_99' title='bbox 701 901 712 918; x_wconf 91' lang='lat'>‚</span> <span class='ocrx_word' id='word_1_100' title='bbox 739 877 898 912; x_wconf 84' lang='lat' dir='ltr'>censuerit</span> <span class='ocrx_word' id='word_1_101' title='bbox 917 886 1028 911; x_wconf 83' lang='lat' dir='ltr'>tamen</span> <span class='ocrx_word' id='word_1_102' title='bbox 1051 876 1175 920; x_wconf 87' lang='lat' dir='ltr'>dispeu-</span> 
     </span>
     <span class='ocr_line' id='line_1_15' title="bbox 289 923 1174 971; baseline 0.003 -12"><span class='ocrx_word' id='word_1_103' title='bbox 289 923 405 959; x_wconf 69' lang='lat' dir='ltr'>satorie</span> <span class='ocrx_word' id='word_1_104' title='bbox 415 924 632 960; x_wconf 86' lang='lat' dir='ltr'>admittendas</span> <span class='ocrx_word' id='word_1_105' title='bbox 641 951 653 967; x_wconf 93' lang='lat'><strong>,</strong></span> <span class='ocrx_word' id='word_1_106' title='bbox 663 938 775 962; x_wconf 87' lang='lat' dir='ltr'>amore</span> <span class='ocrx_word' id='word_1_107' title='bbox 789 925 876 971; x_wconf 85' lang='lat' dir='ltr'>pacis</span> <span class='ocrx_word' id='word_1_108' title='bbox 889 951 896 959; x_wconf 87' lang='lat'>.</span> <span class='ocrx_word' id='word_1_109' title='bbox 925 925 1070 968; x_wconf 66' lang='lat' dir='ltr'>Octavo,</span> <span class='ocrx_word' id='word_1_110' title='bbox 1086 927 1174 970; x_wconf 85' lang='lat' dir='ltr'>quod</span> 
     </span>
     <span class='ocr_line' id='line_1_16' title="bbox 287 972 1173 1012; baseline 0.003 -3"><span class='ocrx_word' id='word_1_111' title='bbox 287 972 437 1009; x_wconf 86' lang='lat' dir='ltr'>Andreas</span> <span class='ocrx_word' id='word_1_112' title='bbox 458 976 617 1011; x_wconf 83' lang='lat' dir='ltr'>censuerit</span> <span class='ocrx_word' id='word_1_113' title='bbox 637 976 731 1011; x_wconf 86' lang='lat' dir='ltr'>istam</span> <span class='ocrx_word' id='word_1_114' title='bbox 744 975 1051 1012; x_wconf 87' lang='lat' dir='ltr'>condescensionem</span> <span class='ocrx_word' id='word_1_115' title='bbox 1071 977 1173 1012; x_wconf 87' lang='lat' dir='ltr'>nulla-</span> 
     </span>
     <span class='ocr_line' id='line_1_17' title="bbox 286 1025 1172 1071; baseline 0.003 -13"><span class='ocrx_word' id='word_1_116' title='bbox 286 1035 381 1059; x_wconf 83' lang='lat' dir='ltr'>tenus</span> <span class='ocrx_word' id='word_1_117' title='bbox 390 1025 453 1060; x_wconf 73' lang='lat' dir='ltr'>esse</span> <span class='ocrx_word' id='word_1_118' title='bbox 469 1025 734 1069; x_wconf 78' lang='lat' dir='ltr'>dispensatoriam</span> <span class='ocrx_word' id='word_1_119' title='bbox 747 1052 757 1068; x_wconf 90' lang='lat'><em>‚</em></span> <span class='ocrx_word' id='word_1_120' title='bbox 782 1027 835 1062; x_wconf 89' lang='lat' dir='ltr'>sed</span> <span class='ocrx_word' id='word_1_121' title='bbox 849 1027 979 1070; x_wconf 88' lang='lat' dir='ltr'>penitus</span> <span class='ocrx_word' id='word_1_122' title='bbox 990 1027 1172 1071; x_wconf 84' lang='lat' dir='ltr'>praevarica-</span> 
     </span>
     <span class='ocr_line' id='line_1_18' title="bbox 286 1074 1172 1119; baseline 0.002 -11"><span class='ocrx_word' id='word_1_123' title='bbox 286 1074 404 1110; x_wconf 85' lang='lat' dir='ltr'>toriam</span> <span class='ocrx_word' id='word_1_124' title='bbox 417 1101 425 1108; x_wconf 94' lang='lat'>.</span> <span class='ocrx_word' id='word_1_125' title='bbox 451 1075 573 1110; x_wconf 86' lang='lat' dir='ltr'>Veram</span> <span class='ocrx_word' id='word_1_126' title='bbox 586 1078 860 1112; x_wconf 89' lang='lat' dir='ltr'>communionem</span> <span class='ocrx_word' id='word_1_127' title='bbox 881 1087 956 1111; x_wconf 86' lang='lat' dir='ltr'>cnm</span> <span class='ocrx_word' id='word_1_128' title='bbox 974 1076 1172 1119; x_wconf 89' lang='lat' dir='ltr'>Apollinari-</span> 
     </span>
     <span class='ocr_line' id='line_1_19' title="bbox 284 1125 1170 1169; baseline 0.001 -10"><span class='ocrx_word' id='word_1_129' title='bbox 284 1126 343 1159; x_wconf 83' lang='lat' dir='ltr'>stis</span> <span class='ocrx_word' id='word_1_130' title='bbox 355 1151 363 1158; x_wconf 88' lang='lat'><strong>.</strong></span> <span class='ocrx_word' id='word_1_131' title='bbox 391 1127 437 1159; x_wconf 86' lang='lat' dir='ltr'>Et</span> <span class='ocrx_word' id='word_1_132' title='bbox 447 1125 586 1160; x_wconf 84' lang='lat' dir='ltr'>credidit</span> <span class='ocrx_word' id='word_1_133' title='bbox 598 1127 628 1160; x_wconf 88' lang='lat' dir='ltr'>se</span> <span class='ocrx_word' id='word_1_134' title='bbox 639 1127 755 1162; x_wconf 82' lang='lat' dir='ltr'>sentire</span> <span class='ocrx_word' id='word_1_135' title='bbox 766 1139 807 1162; x_wconf 83' lang='lat' dir='ltr'>ex</span> <span class='ocrx_word' id='word_1_136' title='bbox 827 1126 939 1162; x_wconf 85' lang='lat' dir='ltr'>divina</span> <span class='ocrx_word' id='word_1_137' title='bbox 950 1126 1149 1169; x_wconf 73' lang='lat' dir='ltr'>revelatione</span> <span class='ocrx_word' id='word_1_138' title='bbox 1163 1152 1170 1160; x_wconf 96' lang='lat'>.</span> 
     </span>
     <span class='ocr_line' id='line_1_20' title="bbox 285 1175 673 1219; baseline -0.002 -9"><span class='ocrx_word' id='word_1_139' title='bbox 285 1175 363 1216; x_wconf 82' lang='lat' dir='ltr'>Erat</span> <span class='ocrx_word' id='word_1_140' title='bbox 381 1186 492 1219; x_wconf 82' lang='lat' dir='ltr'>nugax</span> <span class='ocrx_word' id='word_1_141' title='bbox 508 1176 673 1211; x_wconf 89' lang='lat' dir='ltr'>somnium</span> 
     </span>
    </p>
   </div>
   <div class='ocr_carea' id='block_1_3' title="bbox 289 1350 1159 1369">
    <p class='ocr_par' dir='ltr' id='par_1_3' title="bbox 289 1350 1159 1369">
     <span class='ocr_line' id='line_1_21' title="bbox 289 1350 1159 1369; baseline 0 2361"><span class='ocrx_word' id='word_1_142' title='bbox 289 1350 1159 1369; x_wconf 95' lang='lat' dir='ltr'> </span> 
     </span>
    </p>
   </div>
   <div class='ocr_carea' id='block_1_4' title="bbox 524 1493 1165 1557">
    <p class='ocr_par' dir='ltr' id='par_1_4' title="bbox 524 1493 1165 1557">
     <span class='ocr_line' id='line_1_22' title="bbox 524 1493 1165 1557; baseline 0.003 -18"><span class='ocrx_word' id='word_1_143' title='bbox 524 1493 790 1548; x_wconf 82' lang='lat' dir='ltr'><strong>CAPUT</strong></span> <span class='ocrx_word' id='word_1_144' title='bbox 838 1497 930 1548; x_wconf 86' lang='lat' dir='ltr'>LX.</span> <span class='ocrx_word' id='word_1_145' title='bbox 1002 1495 1165 1557; x_wconf 69' lang='lat'>,-.-148</span> 
     </span>
    </p>
   </div>
   <div class='ocr_carea' id='block_1_5' title="bbox 276 1680 1167 2012">
    <p class='ocr_par' dir='ltr' id='par_1_5' title="bbox 276 1680 1167 2012">
     <span class='ocr_line' id='line_1_23' title="bbox 276 1680 1167 1756; baseline 0.003 -28"><span class='ocrx_word' id='word_1_146' title='bbox 276 1681 445 1756; x_wconf 71' lang='lat' dir='ltr'>Epssola</span> <span class='ocrx_word' id='word_1_147' title='bbox 495 1680 718 1729; x_wconf 69' lang='lat' dir='ltr'>Theodoreti</span> <span class='ocrx_word' id='word_1_148' title='bbox 752 1680 930 1752; x_wconf 72' lang='lat' dir='ltr'>Epifiopz&#39;</span> <span class='ocrx_word' id='word_1_149' title='bbox 962 1721 975 1744; x_wconf 83' lang='grc'>,</span> <span class='ocrx_word' id='word_1_150' title='bbox 1013 1683 1167 1752; x_wconf 56' lang='lat' dir='ltr'>scripta</span> 
     </span>
     <span class='ocr_line' id='line_1_24' title="bbox 346 1750 1099 1820; baseline 0.004 -23"><span class='ocrx_word' id='word_1_151' title='bbox 346 1752 398 1803; x_wconf 70' lang='lat' dir='ltr'>ad</span> <span class='ocrx_word' id='word_1_152' title='bbox 433 1757 617 1798; x_wconf 67' lang='lat' dir='ltr'>Acacium</span> <span class='ocrx_word' id='word_1_153' title='bbox 648 1750 834 1809; x_wconf 59' lang='lat' dir='ltr'>sscrrhaeae</span> <span class='ocrx_word' id='word_1_154' title='bbox 856 1751 1099 1820; x_wconf 62' lang='lat' dir='ltr'>Episcopum,</span> 
     </span>
     <span class='ocr_line' id='line_1_25' title="bbox 415 1819 1027 1887; baseline 0.003 -21"><span class='ocrx_word' id='word_1_155' title='bbox 415 1821 457 1874; x_wconf 83' lang='lat' dir='ltr'>de</span> <span class='ocrx_word' id='word_1_156' title='bbox 484 1819 617 1867; x_wconf 70' lang='lat' dir='ltr'>litteris</span> <span class='ocrx_word' id='word_1_157' title='bbox 643 1839 721 1886; x_wconf 71' lang='lat' dir='ltr'>quae</span> <span class='ocrx_word' id='word_1_158' title='bbox 747 1823 797 1867; x_wconf 72' lang='lat' dir='ltr'>ab</span> <span class='ocrx_word' id='word_1_159' title='bbox 839 1827 929 1887; x_wconf 80' lang='lat' dir='ltr'>AEg</span> <span class='ocrx_word' id='word_1_160' title='bbox 925 1840 962 1886; x_wconf 89' lang='lat' dir='ltr'><em>y</em></span> <span class='ocrx_word' id='word_1_161' title='bbox 990 1837 1027 1869; x_wconf 85' lang='lat' dir='ltr'>to</span> 
     </span>
     <span class='ocr_line' id='line_1_26' title="bbox 498 1891 943 1946; baseline 0 -8"><span class='ocrx_word' id='word_1_162' title='bbox 498 1907 676 1946; x_wconf 66' lang='lat' dir='ltr'>venerunt</span> <span class='ocrx_word' id='word_1_163' title='bbox 714 1891 767 1937; x_wconf 79' lang='lat' dir='ltr'>ad</span> <span class='ocrx_word' id='word_1_164' title='bbox 792 1891 943 1944; x_wconf 68' lang='lat' dir='ltr'>emulrm</span> 
     </span>
     <span class='ocr_line' id='line_1_27' title="bbox 617 1965 827 2012; baseline 0.01 -5"><span class='ocrx_word' id='word_1_165' title='bbox 617 1965 827 2012; x_wconf 70' lang='lat' dir='ltr'>Acacium.</span> 
     </span>
    </p>
   </div>
   <div class='ocr_carea' id='block_1_6' title="bbox 273 2125 1169 3419">
    <p class='ocr_par' dir='ltr' id='par_1_6' title="bbox 284 2125 1164 2169">
     <span class='ocr_line' id='line_1_28' title="bbox 284 2125 1164 2169; baseline 0.001 -10"><span class='ocrx_word' id='word_1_166' title='bbox 284 2143 287 2147; x_wconf 60' lang='lat'>&gt;</span> <span class='ocrx_word' id='word_1_167' title='bbox 355 2126 410 2160; x_wconf 87' lang='lat' dir='ltr'>Go</span> <span class='ocrx_word' id='word_1_168' title='bbox 420 2125 552 2169; x_wconf 85' lang='lat' dir='ltr'>quidem</span> <span class='ocrx_word' id='word_1_169' title='bbox 565 2136 633 2160; x_wconf 85' lang='lat' dir='ltr'>non</span> <span class='ocrx_word' id='word_1_170' title='bbox 649 2125 753 2160; x_wconf 76' lang='lat' dir='ltr'>solum</span> <span class='ocrx_word' id='word_1_171' title='bbox 766 2134 911 2167; x_wconf 83' lang='lat' dir='ltr'>vocatus,</span> <span class='ocrx_word' id='word_1_172' title='bbox 922 2125 972 2160; x_wconf 88' lang='lat' dir='ltr'>sed</span> <span class='ocrx_word' id='word_1_173' title='bbox 985 2127 1084 2161; x_wconf 85' lang='lat' dir='ltr'>etiam</span> <span class='ocrx_word' id='word_1_174' title='bbox 1097 2137 1164 2161; x_wconf 88' lang='lat' dir='ltr'>non</span> 
     </span>
    </p>

    <p class='ocr_par' dir='ltr' id='par_1_7' title="bbox 273 2173 1169 3419">
     <span class='ocr_line' id='line_1_29' title="bbox 381 2173 1166 2220; baseline 0.003 -11"><span class='ocrx_word' id='word_1_175' title='bbox 381 2186 514 2210; x_wconf 87' lang='lat' dir='ltr'>vocatus</span> <span class='ocrx_word' id='word_1_176' title='bbox 537 2175 654 2210; x_wconf 88' lang='lat' dir='ltr'>vellem</span> <span class='ocrx_word' id='word_1_177' title='bbox 677 2177 800 2219; x_wconf 81' lang='lat' dir='ltr'>semper</span> <span class='ocrx_word' id='word_1_178' title='bbox 828 2173 1052 2220; x_wconf 79' lang='lat' dir='ltr'>venire‘juxta</span> <span class='ocrx_word' id='word_1_179' title='bbox 1076 2187 1166 2212; x_wconf 89' lang='lat' dir='ltr'>tuam</span> 
     </span>
     <span class='ocr_line' id='line_1_30' title="bbox 273 2224 1166 2261; baseline 0 -1"><span class='ocrx_word' id='word_1_180' title='bbox 273 2226 504 2260; x_wconf 59' lang='lat' dir='ltr'>Sandiitarem.</span> <span class='ocrx_word' id='word_1_181' title='bbox 534 2224 687 2259; x_wconf 86' lang='lat' dir='ltr'>Tantum</span> <span class='ocrx_word' id='word_1_182' title='bbox 707 2237 818 2259; x_wconf 83' lang='lat' dir='ltr'>autem</span> <span class='ocrx_word' id='word_1_183' title='bbox 841 2224 881 2258; x_wconf 89' lang='lat' dir='ltr'>ab</span> <span class='ocrx_word' id='word_1_184' title='bbox 905 2224 967 2260; x_wconf 86' lang='lat' dir='ltr'>hac</span> <span class='ocrx_word' id='word_1_185' title='bbox 978 2226 1166 2261; x_wconf 87' lang='lat' dir='ltr'>intentione</span> 
     </span>
     <span class='ocr_line' id='line_1_31' title="bbox 273 2275 1166 2318; baseline 0 -8"><span class='ocrx_word' id='word_1_186' title='bbox 273 2276 433 2318; x_wconf 87' lang='lat' dir='ltr'>delinquo</span> <span class='ocrx_word' id='word_1_187' title='bbox 452 2300 463 2316; x_wconf 90' lang='lat'>,</span> <span class='ocrx_word' id='word_1_188' title='bbox 490 2283 526 2308; x_wconf 91' lang='lat' dir='ltr'>ut</span> <span class='ocrx_word' id='word_1_189' title='bbox 540 2286 600 2309; x_wconf 86' lang='lat' dir='ltr'>nec</span> <span class='ocrx_word' id='word_1_190' title='bbox 621 2285 683 2309; x_wconf 82' lang='lat' dir='ltr'>tuae</span> <span class='ocrx_word' id='word_1_191' title='bbox 702 2276 817 2318; x_wconf 85' lang='lat' dir='ltr'>poffim</span> <span class='ocrx_word' id='word_1_192' title='bbox 840 2275 1028 2310; x_wconf 67' lang='lat' dir='ltr'>Sanctitatis</span> <span class='ocrx_word' id='word_1_193' title='bbox 1050 2276 1166 2310; x_wconf 89' lang='lat' dir='ltr'>litteris</span> 
     </span>
     <span class='ocr_line' id='line_1_32' title="bbox 274 2323 1166 2370; baseline -0.001 -9"><span class='ocrx_word' id='word_1_194' title='bbox 274 2327 452 2361; x_wconf 86' lang='lat' dir='ltr'>obaudire.</span> <span class='ocrx_word' id='word_1_195' title='bbox 482 2323 606 2358; x_wconf 70' lang='lat' dir='ltr'>Rursus</span> <span class='ocrx_word' id='word_1_196' title='bbox 625 2325 715 2359; x_wconf 86' lang='lat' dir='ltr'>enim</span> <span class='ocrx_word' id='word_1_197' title='bbox 736 2325 876 2370; x_wconf 89' lang='lat' dir='ltr'>languor</span> <span class='ocrx_word' id='word_1_198' title='bbox 898 2324 982 2359; x_wconf 83' lang='lat' dir='ltr'>mihi</span> <span class='ocrx_word' id='word_1_199' title='bbox 1003 2326 1108 2360; x_wconf 78' lang='lat' dir='ltr'>valide</span> <span class='ocrx_word' id='word_1_200' title='bbox 1120 2327 1166 2360; x_wconf 89' lang='lat' dir='ltr'>su·</span> 
     </span>
     <span class='ocr_line' id='line_1_33' title="bbox 274 2374 1165 2421; baseline 0 -11"><span class='ocrx_word' id='word_1_201' title='bbox 274 2376 423 2420; x_wconf 82' lang='lat' dir='ltr'>pervenit</span> <span class='ocrx_word' id='word_1_202' title='bbox 437 2400 448 2415; x_wconf 94' lang='lat'>,</span> <span class='ocrx_word' id='word_1_203' title='bbox 474 2376 509 2409; x_wconf 85' lang='lat'>&amp;</span> <span class='ocrx_word' id='word_1_204' title='bbox 523 2375 693 2419; x_wconf 83' lang='lat' dir='ltr'>peffimum</span> <span class='ocrx_word' id='word_1_205' title='bbox 718 2374 939 2409; x_wconf 86' lang='lat' dir='ltr'>Tercranium</span> <span class='ocrx_word' id='word_1_206' title='bbox 961 2376 1031 2418; x_wconf 84' lang='lat' dir='ltr'>post</span> <span class='ocrx_word' id='word_1_207' title='bbox 1052 2378 1165 2421; x_wconf 87' lang='lat' dir='ltr'>regres-</span> 
     </span>
     <span class='ocr_line' id='line_1_34' title="bbox 275 2423 1167 2469; baseline 0 -9"><span class='ocrx_word' id='word_1_208' title='bbox 275 2428 349 2460; x_wconf 87' lang='lat' dir='ltr'>sum</span> <span class='ocrx_word' id='word_1_209' title='bbox 368 2424 409 2460; x_wconf 89' lang='lat' dir='ltr'>de</span> <span class='ocrx_word' id='word_1_210' title='bbox 420 2425 602 2459; x_wconf 72' lang='lat' dir='ltr'>montuosis</span> <span class='ocrx_word' id='word_1_211' title='bbox 623 2423 902 2469; x_wconf 86' lang='lat' dir='ltr'>partibusincidi.</span> <span class='ocrx_word' id='word_1_212' title='bbox 929 2427 1032 2469; x_wconf 83' lang='lat' dir='ltr'>Super</span> <span class='ocrx_word' id='word_1_213' title='bbox 1044 2425 1112 2460; x_wconf 87' lang='lat' dir='ltr'>haec</span> <span class='ocrx_word' id='word_1_214' title='bbox 1133 2427 1167 2460; x_wconf 74' lang='grc' dir='ltr'>ὅ(</span> 
     </span>
     <span class='ocr_line' id='line_1_35' title="bbox 274 2475 1167 2522; baseline -0.001 -12"><span class='ocrx_word' id='word_1_215' title='bbox 274 2475 621 2521; x_wconf 75' lang='lat' dir='ltr'>Magnificentiffimus</span> <span class='ocrx_word' id='word_1_216' title='bbox 633 2486 732 2520; x_wconf 89' lang='lat' dir='ltr'>atque</span> <span class='ocrx_word' id='word_1_217' title='bbox 745 2475 997 2510; x_wconf 82' lang='lat' dir='ltr'>Gloriosiffimus</span> <span class='ocrx_word' id='word_1_218' title='bbox 1007 2476 1167 2522; x_wconf 85' lang='lat' dir='ltr'>Magister</span> 
     </span>
     <span class='ocr_line' id='line_1_36' title="bbox 275 2524 1168 2571; baseline -0.001 -12"><span class='ocrx_word' id='word_1_219' title='bbox 275 2527 422 2560; x_wconf 88' lang='lat' dir='ltr'>militum</span> <span class='ocrx_word' id='word_1_220' title='bbox 443 2524 499 2559; x_wconf 87' lang='lat' dir='ltr'>hic</span> <span class='ocrx_word' id='word_1_221' title='bbox 523 2525 568 2560; x_wconf 90' lang='lat' dir='ltr'>est</span> <span class='ocrx_word' id='word_1_222' title='bbox 581 2549 591 2564; x_wconf 87' lang='lat'>‚</span> <span class='ocrx_word' id='word_1_223' title='bbox 619 2536 751 2569; x_wconf 85' lang='lat' dir='ltr'>propter</span> <span class='ocrx_word' id='word_1_224' title='bbox 773 2524 863 2569; x_wconf 90' lang='lat' dir='ltr'>quod</span> <span class='ocrx_word' id='word_1_225' title='bbox 884 2526 1057 2560; x_wconf 82' lang='lat' dir='ltr'>&amp;veniam</span> <span class='ocrx_word' id='word_1_226' title='bbox 1071 2536 1148 2571; x_wconf 89' lang='lat' dir='ltr'>peto</span> <span class='ocrx_word' id='word_1_227' title='bbox 1161 2551 1168 2558; x_wconf 94' lang='lat'>.</span> 
     </span>
     <span class='ocr_line' id='line_1_37' title="bbox 277 2573 1169 2620; baseline 0.001 -10"><span class='ocrx_word' id='word_1_228' title='bbox 277 2577 322 2610; x_wconf 90' lang='lat' dir='ltr'>Et</span> <span class='ocrx_word' id='word_1_229' title='bbox 337 2577 508 2610; x_wconf 85' lang='lat' dir='ltr'>innotesco</span> <span class='ocrx_word' id='word_1_230' title='bbox 520 2586 582 2609; x_wconf 85' lang='lat' dir='ltr'>tuae</span> <span class='ocrx_word' id='word_1_231' title='bbox 594 2574 761 2608; x_wconf 67' lang='lat' dir='ltr'>Sanftitati</span> <span class='ocrx_word' id='word_1_232' title='bbox 775 2598 785 2614; x_wconf 87' lang='lat'><em>,</em></span> <span class='ocrx_word' id='word_1_233' title='bbox 798 2575 874 2618; x_wconf 90' lang='lat' dir='ltr'>quia</span> <span class='ocrx_word' id='word_1_234' title='bbox 888 2573 920 2606; x_wconf 87' lang='lat' dir='ltr'>in</span> <span class='ocrx_word' id='word_1_235' title='bbox 937 2575 1053 2609; x_wconf 87' lang='lat' dir='ltr'>litteris</span> <span class='ocrx_word' id='word_1_236' title='bbox 1064 2600 1075 2615; x_wconf 90' lang='lat'>‚</span> <span class='ocrx_word' id='word_1_237' title='bbox 1101 2588 1169 2620; x_wconf 85' lang='lat' dir='ltr'>quae</span> 
     </span>
     <span class='ocr_line' id='line_1_38' title="bbox 276 2624 1167 2669; baseline 0.001 -10"><span class='ocrx_word' id='word_1_238' title='bbox 276 2626 319 2665; x_wconf 64' lang='lat' dir='ltr'>ab</span> <span class='ocrx_word' id='word_1_239' title='bbox 330 2625 533 2659; x_wconf 83' lang='lat' dir='ltr'>Alexandria</span> <span class='ocrx_word' id='word_1_240' title='bbox 557 2624 681 2658; x_wconf 67' lang='lat' dir='ltr'>direstae</span> <span class='ocrx_word' id='word_1_241' title='bbox 696 2626 792 2663; x_wconf 91' lang='lat' dir='ltr'>sunt,</span> <span class='ocrx_word' id='word_1_242' title='bbox 820 2624 934 2658; x_wconf 87' lang='lat' dir='ltr'>inveni</span> <span class='ocrx_word' id='word_1_243' title='bbox 953 2635 990 2659; x_wconf 88' lang='lat' dir='ltr'>ea</span> <span class='ocrx_word' id='word_1_244' title='bbox 1013 2626 1143 2669; x_wconf 87' lang='lat' dir='ltr'>quidem</span> <span class='ocrx_word' id='word_1_245' title='bbox 1157 2651 1167 2667; x_wconf 89' lang='lat'><strong>,</strong></span> 
     </span>
     <span class='ocr_line' id='line_1_39' title="bbox 277 2672 1168 2719; baseline 0.001 -10"><span class='ocrx_word' id='word_1_246' title='bbox 277 2687 350 2719; x_wconf 85' lang='lat' dir='ltr'>quae</span> <span class='ocrx_word' id='word_1_247' title='bbox 365 2675 407 2708; x_wconf 89' lang='lat' dir='ltr'>ab</span> <span class='ocrx_word' id='word_1_248' title='bbox 428 2686 470 2707; x_wconf 88' lang='lat' dir='ltr'>eo</span> <span class='ocrx_word' id='word_1_249' title='bbox 489 2673 676 2717; x_wconf 72' lang='lat' dir='ltr'>dogmatice</span> <span class='ocrx_word' id='word_1_250' title='bbox 699 2672 782 2707; x_wconf 68' lang='lat' dir='ltr'>dista</span> <span class='ocrx_word' id='word_1_251' title='bbox 807 2675 879 2708; x_wconf 88' lang='lat' dir='ltr'>sunt</span> <span class='ocrx_word' id='word_1_252' title='bbox 897 2698 908 2715; x_wconf 91' lang='lat'><strong><em>,</em></strong></span> <span class='ocrx_word' id='word_1_253' title='bbox 932 2676 1095 2709; x_wconf 87' lang='lat' dir='ltr'>contraria</span> <span class='ocrx_word' id='word_1_254' title='bbox 1116 2675 1168 2710; x_wconf 89' lang='lat' dir='ltr'>his</span> 
     </span>
     <span class='ocr_line' id='line_1_40' title="bbox 276 2723 1167 2768; baseline 0.002 -10"><span class='ocrx_word' id='word_1_255' title='bbox 276 2736 348 2768; x_wconf 81' lang='lat' dir='ltr'>quae</span> <span class='ocrx_word' id='word_1_256' title='bbox 359 2724 442 2758; x_wconf 90' lang='lat' dir='ltr'>olim</span> <span class='ocrx_word' id='word_1_257' title='bbox 454 2725 529 2757; x_wconf 89' lang='lat' dir='ltr'>sunt</span> <span class='ocrx_word' id='word_1_258' title='bbox 540 2723 581 2756; x_wconf 91' lang='lat' dir='ltr'>ab</span> <span class='ocrx_word' id='word_1_259' title='bbox 601 2734 641 2757; x_wconf 88' lang='lat' dir='ltr'>eo</span> <span class='ocrx_word' id='word_1_260' title='bbox 653 2724 796 2767; x_wconf 77' lang='lat' dir='ltr'>expolita</span> <span class='ocrx_word' id='word_1_261' title='bbox 807 2737 821 2765; x_wconf 94' lang='lat'><em>;</em></span> <span class='ocrx_word' id='word_1_262' title='bbox 847 2725 992 2758; x_wconf 89' lang='lat' dir='ltr'>consona</span> <span class='ocrx_word' id='word_1_263' title='bbox 1004 2724 1081 2760; x_wconf 75' lang='lat' dir='ltr'>vero</span> <span class='ocrx_word' id='word_1_264' title='bbox 1103 2737 1167 2760; x_wconf 89' lang='lat' dir='ltr'>ma·</span> 
     </span>
     <span class='ocr_line' id='line_1_41' title="bbox 274 2771 1166 2822; baseline 0 -13"><span class='ocrx_word' id='word_1_265' title='bbox 274 2775 330 2822; x_wconf 81' lang='lat' dir='ltr'>gis</span> <span class='ocrx_word' id='word_1_266' title='bbox 352 2774 520 2809; x_wconf 60' lang='lat' dir='ltr'>Doctrinae</span> <span class='ocrx_word' id='word_1_267' title='bbox 541 2771 674 2807; x_wconf 84' lang='lat' dir='ltr'>Parrum</span> <span class='ocrx_word' id='word_1_268' title='bbox 696 2798 702 2804; x_wconf 93' lang='lat'>.</span> <span class='ocrx_word' id='word_1_269' title='bbox 740 2774 785 2806; x_wconf 90' lang='lat' dir='ltr'>Et</span> <span class='ocrx_word' id='word_1_270' title='bbox 805 2774 899 2808; x_wconf 73' lang='lat' dir='ltr'>valde</span> <span class='ocrx_word' id='word_1_271' title='bbox 922 2775 1051 2810; x_wconf 68' lang='lat' dir='ltr'>affestus</span> <span class='ocrx_word' id='word_1_272' title='bbox 1074 2776 1166 2817; x_wconf 90' lang='lat' dir='ltr'>sum,</span> 
     </span>
     <span class='ocr_line' id='line_1_42' title="bbox 279 2822 1167 2867; baseline 0.001 -8"><span class='ocrx_word' id='word_1_273' title='bbox 279 2824 455 2863; x_wconf 83' lang='lat' dir='ltr'>&amp;laudavi</span> <span class='ocrx_word' id='word_1_274' title='bbox 469 2822 656 2858; x_wconf 88' lang='lat' dir='ltr'>Dominum</span> <span class='ocrx_word' id='word_1_275' title='bbox 668 2822 835 2857; x_wconf 78' lang='lat' dir='ltr'>Christum</span> <span class='ocrx_word' id='word_1_276' title='bbox 859 2826 951 2867; x_wconf 89' lang='lat' dir='ltr'>super</span> <span class='ocrx_word' id='word_1_277' title='bbox 962 2826 1146 2860; x_wconf 85' lang='lat' dir='ltr'>mutatione</span> <span class='ocrx_word' id='word_1_278' title='bbox 1156 2849 1167 2865; x_wconf 94' lang='lat'>‚</span> 
     </span>
     <span class='ocr_line' id='line_1_43' title="bbox 280 2872 1164 2921; baseline -0.001 -12"><span class='ocrx_word' id='word_1_279' title='bbox 280 2886 352 2919; x_wconf 80' lang='lat' dir='ltr'>quae</span> <span class='ocrx_word' id='word_1_280' title='bbox 373 2876 455 2910; x_wconf 67' lang='lat' dir='ltr'>facta</span> <span class='ocrx_word' id='word_1_281' title='bbox 479 2873 525 2921; x_wconf 76' lang='lat' dir='ltr'>est</span> <span class='ocrx_word' id='word_1_282' title='bbox 537 2885 592 2917; x_wconf 85' lang='lat' dir='ltr'>per</span> <span class='ocrx_word' id='word_1_283' title='bbox 615 2883 678 2909; x_wconf 77' lang='lat' dir='ltr'>tuae</span> <span class='ocrx_word' id='word_1_284' title='bbox 697 2872 881 2912; x_wconf 69' lang='lat' dir='ltr'>sanctitatis</span> <span class='ocrx_word' id='word_1_285' title='bbox 903 2875 1164 2911; x_wconf 84' lang='lat' dir='ltr'>admonitiones.</span> 
     </span>
     <span class='ocr_line' id='line_1_44' title="bbox 282 2923 1166 2968; baseline 0.003 -10"><span class='ocrx_word' id='word_1_286' title='bbox 282 2925 422 2968; x_wconf 87' lang='lat' dir='ltr'>Aliquas</span> <span class='ocrx_word' id='word_1_287' title='bbox 445 2923 521 2959; x_wconf 77' lang='lat' dir='ltr'>vero</span> <span class='ocrx_word' id='word_1_288' title='bbox 546 2933 648 2967; x_wconf 90' lang='lat' dir='ltr'>partes</span> <span class='ocrx_word' id='word_1_289' title='bbox 657 2923 809 2967; x_wconf 77' lang='lat' dir='ltr'>Epistola:</span> <span class='ocrx_word' id='word_1_290' title='bbox 821 2924 933 2958; x_wconf 86' lang='lat' dir='ltr'>multis</span> <span class='ocrx_word' id='word_1_291' title='bbox 945 2925 1012 2958; x_wconf 89' lang='lat' dir='ltr'>vidi</span> <span class='ocrx_word' id='word_1_292' title='bbox 1024 2926 1166 2961; x_wconf 89' lang='lat' dir='ltr'>volutio-</span> 
     </span>
     <span class='ocr_line' id='line_1_45' title="bbox 281 2973 1164 3018; baseline -0.002 -8"><span class='ocrx_word' id='word_1_293' title='bbox 281 2974 378 3010; x_wconf 86' lang='lat' dir='ltr'>nibus</span> <span class='ocrx_word' id='word_1_294' title='bbox 400 2976 434 3010; x_wconf 87' lang='lat'>&amp;</span> <span class='ocrx_word' id='word_1_295' title='bbox 459 2973 679 3018; x_wconf 89' lang='lat' dir='ltr'>multiloquiis</span> <span class='ocrx_word' id='word_1_296' title='bbox 699 2973 782 3007; x_wconf 79' lang='lat' dir='ltr'>falsis</span> <span class='ocrx_word' id='word_1_297' title='bbox 804 2973 916 3018; x_wconf 86' lang='lat' dir='ltr'>plenas</span> <span class='ocrx_word' id='word_1_298' title='bbox 936 2999 942 3005; x_wconf 95' lang='lat'>.</span> <span class='ocrx_word' id='word_1_299' title='bbox 970 2974 1060 3011; x_wconf 87' lang='lat' dir='ltr'>Nam</span> <span class='ocrx_word' id='word_1_300' title='bbox 1085 2976 1164 3010; x_wconf 91' lang='lat' dir='ltr'>dum</span> 
     </span>
     <span class='ocr_line' id='line_1_46' title="bbox 279 3019 1164 3069; baseline 0.002 -11"><span class='ocrx_word' id='word_1_301' title='bbox 279 3035 444 3069; x_wconf 78' lang='lat' dir='ltr'>oporteret</span> <span class='ocrx_word' id='word_1_302' title='bbox 466 3025 485 3059; x_wconf 71' lang='grc' dir='ltr'>ὲ</span> <span class='ocrx_word' id='word_1_303' title='bbox 497 3023 594 3059; x_wconf 86' lang='lat' dir='ltr'>nobis</span> <span class='ocrx_word' id='word_1_304' title='bbox 616 3024 669 3058; x_wconf 83' lang='lat' dir='ltr'>sex</span> <span class='ocrx_word' id='word_1_305' title='bbox 680 3024 794 3067; x_wconf 82' lang='lat' dir='ltr'>positas</span> <span class='ocrx_word' id='word_1_306' title='bbox 805 3019 1059 3067; x_wconf 74' lang='lat' dir='ltr'>propositione-S,</span> <span class='ocrx_word' id='word_1_307' title='bbox 1089 3037 1164 3061; x_wconf 81' lang='lat' dir='ltr'>cum</span> 
     </span>
     <span class='ocr_line' id='line_1_47' title="bbox 282 3073 1164 3118; baseline 0.002 -10"><span class='ocrx_word' id='word_1_308' title='bbox 282 3075 393 3111; x_wconf 87' lang='lat' dir='ltr'>breves</span> <span class='ocrx_word' id='word_1_309' title='bbox 409 3076 509 3110; x_wconf 78' lang='lat' dir='ltr'>essent</span> <span class='ocrx_word' id='word_1_310' title='bbox 521 3099 532 3116; x_wconf 87' lang='lat'><em>‚</em></span> <span class='ocrx_word' id='word_1_311' title='bbox 559 3074 730 3118; x_wconf 79' lang='lat' dir='ltr'>approbari</span> <span class='ocrx_word' id='word_1_312' title='bbox 739 3073 781 3108; x_wconf 84' lang='lat' dir='ltr'>ab</span> <span class='ocrx_word' id='word_1_313' title='bbox 792 3085 834 3108; x_wconf 88' lang='lat' dir='ltr'>eo</span> <span class='ocrx_word' id='word_1_314' title='bbox 849 3098 859 3113; x_wconf 93' lang='lat'>,</span> <span class='ocrx_word' id='word_1_315' title='bbox 886 3074 993 3108; x_wconf 88' lang='lat' dir='ltr'>nescio</span> <span class='ocrx_word' id='word_1_316' title='bbox 1016 3075 1108 3118; x_wconf 82' lang='lat' dir='ltr'>cujus</span> <span class='ocrx_word' id='word_1_317' title='bbox 1121 3077 1164 3110; x_wconf 89' lang='lat' dir='ltr'>rei</span> 
     </span>
     <span class='ocr_line' id='line_1_48' title="bbox 283 3123 1163 3169; baseline 0.002 -11"><span class='ocrx_word' id='word_1_318' title='bbox 283 3127 376 3159; x_wconf 84' lang='lat' dir='ltr'>causa</span> <span class='ocrx_word' id='word_1_319' title='bbox 387 3125 498 3159; x_wconf 91' lang='lat' dir='ltr'>multis</span> <span class='ocrx_word' id='word_1_320' title='bbox 509 3125 612 3158; x_wconf 86' lang='lat' dir='ltr'>verbis</span> <span class='ocrx_word' id='word_1_321' title='bbox 619 3126 693 3159; x_wconf 88' lang='lat' dir='ltr'>usus</span> <span class='ocrx_word' id='word_1_322' title='bbox 704 3124 819 3169; x_wconf 85' lang='lat' dir='ltr'>effugit</span> <span class='ocrx_word' id='word_1_323' title='bbox 830 3123 958 3158; x_wconf 88' lang='lat' dir='ltr'>brevem</span> <span class='ocrx_word' id='word_1_324' title='bbox 970 3124 1056 3168; x_wconf 83' lang='lat' dir='ltr'>pacis</span> <span class='ocrx_word' id='word_1_325' title='bbox 1069 3126 1163 3160; x_wconf 86' lang='lat' dir='ltr'>viam.</span> 
     </span>
     <span class='ocr_line' id='line_1_49' title="bbox 284 3174 1164 3218; baseline 0.001 -10"><span class='ocrx_word' id='word_1_326' title='bbox 284 3175 338 3208; x_wconf 84' lang='lat' dir='ltr'>Sic</span> <span class='ocrx_word' id='word_1_327' title='bbox 346 3175 434 3208; x_wconf 88' lang='lat' dir='ltr'>enim</span> <span class='ocrx_word' id='word_1_328' title='bbox 446 3174 712 3218; x_wconf 76' lang='lat' dir='ltr'>propositionem</span> <span class='ocrx_word' id='word_1_329' title='bbox 725 3175 971 3218; x_wconf 84' lang='lat' dir='ltr'>temperavimus</span> <span class='ocrx_word' id='word_1_330' title='bbox 980 3201 989 3215; x_wconf 91' lang='lat'>‚</span> <span class='ocrx_word' id='word_1_331' title='bbox 1019 3186 1054 3209; x_wconf 83' lang='lat' dir='ltr'>ut</span> <span class='ocrx_word' id='word_1_332' title='bbox 1065 3176 1164 3210; x_wconf 89' lang='lat' dir='ltr'>nullis</span> 
     </span>
     <span class='ocr_line' id='line_1_50' title="bbox 283 3222 1162 3268; baseline 0.003 -11"><span class='ocrx_word' id='word_1_333' title='bbox 283 3224 391 3263; x_wconf 74' lang='lat' dir='ltr'>fuerat</span> <span class='ocrx_word' id='word_1_334' title='bbox 415 3222 587 3266; x_wconf 85' lang='lat' dir='ltr'>fugienda·</span> <span class='ocrx_word' id='word_1_335' title='bbox 614 3224 966 3268; x_wconf 84' lang='lat' dir='ltr'>Proposuimusenim,</span> <span class='ocrx_word' id='word_1_336' title='bbox 993 3225 1073 3259; x_wconf 81' lang='lat' dir='ltr'>ficut</span> <span class='ocrx_word' id='word_1_337' title='bbox 1084 3226 1162 3260; x_wconf 90' lang='lat' dir='ltr'>Tua</span> 
     </span>
     <span class='ocr_line' id='line_1_51' title="bbox 285 3272 1162 3319; baseline 0.006 -13"><span class='ocrx_word' id='word_1_338' title='bbox 285 3272 440 3311; x_wconf 57' lang='lat' dir='ltr'>Sanctitas</span> <span class='ocrx_word' id='word_1_339' title='bbox 460 3272 573 3314; x_wconf 90' lang='lat' dir='ltr'>novit,</span> <span class='ocrx_word' id='word_1_340' title='bbox 601 3284 785 3317; x_wconf 88' lang='lat' dir='ltr'>permanere</span> <span class='ocrx_word' id='word_1_341' title='bbox 805 3285 865 3308; x_wconf 87' lang='lat' dir='ltr'>nos</span> <span class='ocrx_word' id='word_1_342' title='bbox 887 3273 1016 3314; x_wconf 87' lang='lat' dir='ltr'>infide,</span> <span class='ocrx_word' id='word_1_343' title='bbox 1038 3287 1107 3319; x_wconf 83' lang='lat' dir='ltr'>quae</span> <span class='ocrx_word' id='word_1_344' title='bbox 1126 3276 1162 3311; x_wconf 87' lang='lat' dir='ltr'>in</span> 
     </span>
     <span class='ocr_line' id='line_1_52' title="bbox 286 3321 1160 3368; baseline 0.006 -12"><span class='ocrx_word' id='word_1_345' title='bbox 286 3323 400 3363; x_wconf 82' lang='lat' dir='ltr'>Nicaea</span> <span class='ocrx_word' id='word_1_346' title='bbox 420 3322 562 3363; x_wconf 80' lang='lat' dir='ltr'>exposita</span> <span class='ocrx_word' id='word_1_347' title='bbox 586 3321 632 3354; x_wconf 91' lang='lat' dir='ltr'>est</span> <span class='ocrx_word' id='word_1_348' title='bbox 651 3322 669 3355; x_wconf 75' lang='lat' dir='ltr'>a</span> <span class='ocrx_word' id='word_1_349' title='bbox 681 3323 803 3358; x_wconf 62' lang='lat' dir='ltr'>Sanctis</span> <span class='ocrx_word' id='word_1_350' title='bbox 821 3324 972 3360; x_wconf 86' lang='lat' dir='ltr'>&amp;Beatis</span> <span class='ocrx_word' id='word_1_351' title='bbox 992 3323 1160 3368; x_wconf 84' lang='lat' dir='ltr'>Patribus,</span> 
     </span>
     <span class='ocr_line' id='line_1_53' title="bbox 285 3369 1158 3419; baseline -0.005 -5"><span class='ocrx_word' id='word_1_352' title='bbox 285 3373 318 3414; x_wconf 61' lang='grc' dir='ltr'>ὃς</span> <span class='ocrx_word' id='word_1_353' title='bbox 344 3373 379 3408; x_wconf 88' lang='lat' dir='ltr'>in</span> <span class='ocrx_word' id='word_1_354' title='bbox 402 3369 547 3419; x_wconf 80' lang='lat' dir='ltr'>Epistola</span> <span class='ocrx_word' id='word_1_355' title='bbox 574 3371 763 3407; x_wconf 65' lang='lat' dir='ltr'>Sanctiffimi</span> <span class='ocrx_word' id='word_1_356' title='bbox 789 3386 828 3409; x_wconf 90' lang='lat' dir='ltr'>ac</span> <span class='ocrx_word' id='word_1_357' title='bbox 856 3374 950 3414; x_wconf 83' lang='lat' dir='ltr'>Beati</span> <span class='ocrx_word' id='word_1_358' title='bbox 970 3373 1158 3418; x_wconf 82' lang='lat' dir='ltr'>Athanafii,</span> 
     </span>
    </p>
   </div>
   <div class='ocr_carea' id='block_1_7' title="bbox 717 186 1695 252">
    <p class='ocr_par' dir='ltr' id='par_1_8' title="bbox 717 186 1695 252">
     <span class='ocr_line' id='line_1_54' title="bbox 717 186 1695 252; baseline 0.003 -14"><span class='ocrx_word' id='word_1_359' title='bbox 717 187 1049 238; x_wconf 67' lang='lat' dir='ltr'>Vaaronum</span> <span class='ocrx_word' id='word_1_360' title='bbox 1085 189 1337 233; x_wconf 75' lang='lat' dir='ltr'>PATRUM</span> <span class='ocrx_word' id='word_1_361' title='bbox 1372 186 1695 252; x_wconf 58' lang='lat' dir='ltr'>Eumene,</span> 
     </span>
    </p>
   </div>
   <div class='ocr_carea' id='block_1_8' title="bbox 1239 271 2131 965">
    <p class='ocr_par' dir='ltr' id='par_1_9' title="bbox 1239 271 2131 965">
     <span class='ocr_line' id='line_1_55' title="bbox 1251 271 2131 325; baseline 0.016 -20"><span class='ocrx_word' id='word_1_362' title='bbox 1251 271 1416 316; x_wconf 74' lang='lat' dir='ltr'>tamquam</span> <span class='ocrx_word' id='word_1_363' title='bbox 1439 285 1510 316; x_wconf 84' lang='lat' dir='ltr'>quae</span> <span class='ocrx_word' id='word_1_364' title='bbox 1519 274 1604 310; x_wconf 87' lang='lat' dir='ltr'>hanc</span> <span class='ocrx_word' id='word_1_365' title='bbox 1624 278 1783 316; x_wconf 81' lang='lat' dir='ltr'>subtiliter</span> <span class='ocrx_word' id='word_1_366' title='bbox 1791 278 1999 325; x_wconf 70' lang='lat' dir='ltr'>interpretata</span> <span class='ocrx_word' id='word_1_367' title='bbox 2009 282 2108 321; x_wconf 81' lang='lat' dir='ltr'>fuerit</span> <span class='ocrx_word' id='word_1_368' title='bbox 2116 289 2131 319; x_wconf 65' lang='grc' dir='ltr'><em>ξ</em></span> 
     </span>
     <span class='ocr_line' id='line_1_56' title="bbox 1244 322 2128 377; baseline 0.018 -23"><span class='ocrx_word' id='word_1_369' title='bbox 1244 323 1329 369; x_wconf 82' lang='lat' dir='ltr'>Qiae</span> <span class='ocrx_word' id='word_1_370' title='bbox 1349 322 1426 358; x_wconf 66' lang='lat' dir='ltr'>verti</span> <span class='ocrx_word' id='word_1_371' title='bbox 1453 334 1556 366; x_wconf 88' lang='lat' dir='ltr'>nuper</span> <span class='ocrx_word' id='word_1_372' title='bbox 1582 326 2016 377; x_wconf 53' lang='lat' dir='ltr'>exsurreh&#39;remnt*Dogtnata</span> <span class='ocrx_word' id='word_1_373' title='bbox 2036 360 2047 376; x_wconf 91' lang='lat'>‚</span> <span class='ocrx_word' id='word_1_374' title='bbox 2073 337 2128 375; x_wconf 69' lang='lat' dir='ltr'>seu</span> 
     </span>
     <span class='ocr_line' id='line_1_57' title="bbox 1245 371 2130 429; baseline 0.02 -25"><span class='ocrx_word' id='word_1_375' title='bbox 1245 383 1299 415; x_wconf 87' lang='lat' dir='ltr'>per</span> <span class='ocrx_word' id='word_1_376' title='bbox 1312 371 1475 416; x_wconf 81' lang='lat' dir='ltr'>Epistolas</span> <span class='ocrx_word' id='word_1_377' title='bbox 1495 374 1558 411; x_wconf 85' lang='lat' dir='ltr'>sive</span> <span class='ocrx_word' id='word_1_378' title='bbox 1579 385 1636 419; x_wconf 89' lang='lat' dir='ltr'>per</span> <span class='ocrx_word' id='word_1_379' title='bbox 1655 374 1825 419; x_wconf 76' lang='lat' dir='ltr'>Capitula,</span> <span class='ocrx_word' id='word_1_380' title='bbox 1852 381 1945 423; x_wconf 89' lang='lat' dir='ltr'>ejici,</span> <span class='ocrx_word' id='word_1_381' title='bbox 1971 394 2130 429; x_wconf 82' lang='lat' dir='ltr'>tanquam</span> 
     </span>
     <span class='ocr_line' id='line_1_58' title="bbox 1245 422 2130 470; baseline 0.014 -15"><span class='ocrx_word' id='word_1_382' title='bbox 1245 422 1279 456; x_wconf 91' lang='lat' dir='ltr'>id</span> <span class='ocrx_word' id='word_1_383' title='bbox 1302 423 1392 466; x_wconf 85' lang='lat' dir='ltr'>quod</span> <span class='ocrx_word' id='word_1_384' title='bbox 1416 434 1595 458; x_wconf 89' lang='lat' dir='ltr'>commune</span> <span class='ocrx_word' id='word_1_385' title='bbox 1619 425 1664 460; x_wconf 86' lang='lat' dir='ltr'>est</span> <span class='ocrx_word' id='word_1_386' title='bbox 1676 426 1916 468; x_wconf 82' lang='lat' dir='ltr'>perturbantia:</span> <span class='ocrx_word' id='word_1_387' title='bbox 1940 434 2024 470; x_wconf 86' lang='lat' dir='ltr'>Haec</span> <span class='ocrx_word' id='word_1_388' title='bbox 2034 436 2130 470; x_wconf 68' lang='lat' dir='ltr'>relin-</span> 
     </span>
     <span class='ocr_line' id='line_1_59' title="bbox 1245 472 2128 521; baseline 0.018 -16"><span class='ocrx_word' id='word_1_389' title='bbox 1245 472 1323 516; x_wconf 86' lang='lat' dir='ltr'>qui,</span> <span class='ocrx_word' id='word_1_390' title='bbox 1353 485 1424 517; x_wconf 82' lang='lat' dir='ltr'>quae</span> <span class='ocrx_word' id='word_1_391' title='bbox 1443 474 1671 509; x_wconf 78' lang='lat' dir='ltr'>dissensionem</span> <span class='ocrx_word' id='word_1_392' title='bbox 1685 476 1844 520; x_wconf 75' lang='lat' dir='ltr'>praecipue</span> <span class='ocrx_word' id='word_1_393' title='bbox 1854 478 1999 517; x_wconf 86' lang='lat' dir='ltr'>fecerunt</span> <span class='ocrx_word' id='word_1_394' title='bbox 2012 507 2020 517; x_wconf 89' lang='lat'><strong>.</strong></span> <span class='ocrx_word' id='word_1_395' title='bbox 2045 486 2128 521; x_wconf 86' lang='lat' dir='ltr'>Sub·-</span> 
     </span>
     <span class='ocr_line' id='line_1_60' title="bbox 1245 523 2126 577; baseline 0.015 -20"><span class='ocrx_word' id='word_1_396' title='bbox 1245 523 1458 567; x_wconf 85' lang='lat' dir='ltr'>scriptionem</span> <span class='ocrx_word' id='word_1_397' title='bbox 1487 536 1547 558; x_wconf 89' lang='lat' dir='ltr'>nos</span> <span class='ocrx_word' id='word_1_398' title='bbox 1567 525 1672 570; x_wconf 87' lang='lat' dir='ltr'>exigit</span> <span class='ocrx_word' id='word_1_399' title='bbox 1694 526 1910 570; x_wconf 86' lang='lat' dir='ltr'>depositionis</span> <span class='ocrx_word' id='word_1_400' title='bbox 1937 530 2022 566; x_wconf 86' lang='lat' dir='ltr'>illius</span> <span class='ocrx_word' id='word_1_401' title='bbox 2041 536 2126 577; x_wconf 77' lang='lat' dir='ltr'>viri,</span> 
     </span>
     <span class='ocr_line' id='line_1_61' title="bbox 1244 573 2127 620; baseline 0.014 -13"><span class='ocrx_word' id='word_1_402' title='bbox 1244 573 1334 616; x_wconf 80' lang='lat' dir='ltr'>cujus</span> <span class='ocrx_word' id='word_1_403' title='bbox 1345 574 1475 618; x_wconf 88' lang='lat' dir='ltr'>Judices</span> <span class='ocrx_word' id='word_1_404' title='bbox 1486 586 1554 609; x_wconf 90' lang='lat' dir='ltr'>non</span> <span class='ocrx_word' id='word_1_405' title='bbox 1568 577 1676 610; x_wconf 89' lang='lat' dir='ltr'>sumus</span> <span class='ocrx_word' id='word_1_406' title='bbox 1684 577 1807 611; x_wconf 60' lang='lat' dir='ltr'>effecti.</span> <span class='ocrx_word' id='word_1_407' title='bbox 1836 578 1904 612; x_wconf 87' lang='lat' dir='ltr'>Scit</span> <span class='ocrx_word' id='word_1_408' title='bbox 1924 589 2033 616; x_wconf 89' lang='lat' dir='ltr'>autem</span> <span class='ocrx_word' id='word_1_409' title='bbox 2050 584 2127 620; x_wconf 85' lang='lat' dir='ltr'>San-</span> 
     </span>
     <span class='ocr_line' id='line_1_62' title="bbox 1244 622 2127 670; baseline 0.012 -11"><span class='ocrx_word' id='word_1_410' title='bbox 1244 622 1335 659; x_wconf 65' lang='lat' dir='ltr'>critas</span> <span class='ocrx_word' id='word_1_411' title='bbox 1347 634 1402 658; x_wconf 90' lang='lat' dir='ltr'>tua</span> <span class='ocrx_word' id='word_1_412' title='bbox 1414 648 1426 665; x_wconf 92' lang='lat'><strong>,</strong></span> <span class='ocrx_word' id='word_1_413' title='bbox 1452 626 1528 669; x_wconf 87' lang='lat' dir='ltr'>quia</span> <span class='ocrx_word' id='word_1_414' title='bbox 1540 624 1581 659; x_wconf 91' lang='lat' dir='ltr'>ab</span> <span class='ocrx_word' id='word_1_415' title='bbox 1591 626 1685 660; x_wconf 89' lang='lat' dir='ltr'>omni</span> <span class='ocrx_word' id='word_1_416' title='bbox 1697 627 1851 662; x_wconf 88' lang='lat' dir='ltr'>carnifice</span> <span class='ocrx_word' id='word_1_417' title='bbox 1873 628 1983 664; x_wconf 72' lang='lat' dir='ltr'>durius</span> <span class='ocrx_word' id='word_1_418' title='bbox 1995 642 2055 666; x_wconf 91' lang='lat' dir='ltr'>nos</span> <span class='ocrx_word' id='word_1_419' title='bbox 2063 642 2127 670; x_wconf 88' lang='lat' dir='ltr'>tru-</span> 
     </span>
     <span class='ocr_line' id='line_1_63' title="bbox 1242 671 2126 724; baseline 0.01 -19"><span class='ocrx_word' id='word_1_420' title='bbox 1242 671 1328 708; x_wconf 87' lang='lat' dir='ltr'>cidat</span> <span class='ocrx_word' id='word_1_421' title='bbox 1349 675 1548 721; x_wconf 78' lang='lat' dir='ltr'>conscientia</span> <span class='ocrx_word' id='word_1_422' title='bbox 1571 676 1701 718; x_wconf 79' lang='lat' dir='ltr'>nostra,</span> <span class='ocrx_word' id='word_1_423' title='bbox 1728 677 1817 720; x_wconf 77' lang='lat' dir='ltr'>siilla</span> <span class='ocrx_word' id='word_1_424' title='bbox 1835 679 2030 722; x_wconf 77' lang='lat' dir='ltr'>fecerimus,</span> <span class='ocrx_word' id='word_1_425' title='bbox 2056 693 2126 724; x_wconf 71' lang='lat' dir='ltr'>quae</span> 
     </span>
     <span class='ocr_line' id='line_1_64' title="bbox 1241 722 2126 768; baseline 0.014 -12"><span class='ocrx_word' id='word_1_426' title='bbox 1241 722 1433 758; x_wconf 86' lang='lat' dir='ltr'>arbitramur</span> <span class='ocrx_word' id='word_1_427' title='bbox 1444 737 1512 759; x_wconf 91' lang='lat' dir='ltr'>non</span> <span class='ocrx_word' id='word_1_428' title='bbox 1524 725 1642 760; x_wconf 91' lang='lat' dir='ltr'>debere</span> <span class='ocrx_word' id='word_1_429' title='bbox 1663 727 1847 762; x_wconf 89' lang='lat' dir='ltr'>committi.</span> <span class='ocrx_word' id='word_1_430' title='bbox 1875 728 1983 765; x_wconf 87' lang='lat' dir='ltr'>Unde</span> <span class='ocrx_word' id='word_1_431' title='bbox 2004 731 2126 768; x_wconf 83' lang='lat' dir='ltr'>&amp;Bea-</span> 
     </span>
     <span class='ocr_line' id='line_1_65' title="bbox 1240 773 2126 822; baseline 0.014 -16"><span class='ocrx_word' id='word_1_432' title='bbox 1240 781 1292 807; x_wconf 90' lang='lat' dir='ltr'>tus</span> <span class='ocrx_word' id='word_1_433' title='bbox 1303 773 1422 808; x_wconf 87' lang='lat' dir='ltr'>Paulus</span> <span class='ocrx_word' id='word_1_434' title='bbox 1434 774 1531 809; x_wconf 88' lang='lat' dir='ltr'>dicit.</span> <span class='ocrx_word' id='word_1_435' title='bbox 1562 776 1647 810; x_wconf 81' lang='lat' dir='ltr'>Tuae</span> <span class='ocrx_word' id='word_1_436' title='bbox 1656 776 1762 822; x_wconf 83' lang='lat' dir='ltr'>igitur</span> <span class='ocrx_word' id='word_1_437' title='bbox 1783 779 1946 822; x_wconf 81' lang='lat' dir='ltr'>sapientiae</span> <span class='ocrx_word' id='word_1_438' title='bbox 1965 781 2002 815; x_wconf 85' lang='lat' dir='ltr'>sit</span> <span class='ocrx_word' id='word_1_439' title='bbox 2014 781 2054 816; x_wconf 90' lang='lat' dir='ltr'>sic</span> <span class='ocrx_word' id='word_1_440' title='bbox 2064 782 2126 818; x_wconf 89' lang='lat' dir='ltr'>dis-</span> 
     </span>
     <span class='ocr_line' id='line_1_66' title="bbox 1241 825 2124 873; baseline 0.011 -17"><span class='ocrx_word' id='word_1_441' title='bbox 1241 825 1372 868; x_wconf 87' lang='lat' dir='ltr'>pensare</span> <span class='ocrx_word' id='word_1_442' title='bbox 1383 826 1510 862; x_wconf 84' lang='lat' dir='ltr'>causam</span> <span class='ocrx_word' id='word_1_443' title='bbox 1519 848 1530 864; x_wconf 93' lang='lat'>,</span> <span class='ocrx_word' id='word_1_444' title='bbox 1556 835 1592 860; x_wconf 89' lang='lat' dir='ltr'>ut</span> <span class='ocrx_word' id='word_1_445' title='bbox 1602 825 1751 862; x_wconf 85' lang='lat' dir='ltr'>facienda</span> <span class='ocrx_word' id='word_1_446' title='bbox 1763 840 1825 871; x_wconf 85' lang='lat' dir='ltr'>pax</span> <span class='ocrx_word' id='word_1_447' title='bbox 1837 830 2041 873; x_wconf 85' lang='lat' dir='ltr'>complaceat</span> <span class='ocrx_word' id='word_1_448' title='bbox 2051 833 2124 866; x_wconf 87' lang='lat' dir='ltr'>uni-</span> 
     </span>
     <span class='ocr_line' id='line_1_67' title="bbox 1240 874 2122 926; baseline 0.008 -17"><span class='ocrx_word' id='word_1_449' title='bbox 1240 875 1333 909; x_wconf 88' lang='lat' dir='ltr'>verfis</span> <span class='ocrx_word' id='word_1_450' title='bbox 1346 899 1356 915; x_wconf 96' lang='lat'>,</span> <span class='ocrx_word' id='word_1_451' title='bbox 1384 876 1418 910; x_wconf 74' lang='grc' dir='ltr'>δε</span> <span class='ocrx_word' id='word_1_452' title='bbox 1429 884 1505 909; x_wconf 89' lang='lat' dir='ltr'>ante</span> <span class='ocrx_word' id='word_1_453' title='bbox 1515 876 1629 915; x_wconf 84' lang='lat' dir='ltr'>omnia</span> <span class='ocrx_word' id='word_1_454' title='bbox 1642 874 1775 916; x_wconf 78' lang='lat' dir='ltr'>Christo</span> <span class='ocrx_word' id='word_1_455' title='bbox 1785 878 1937 917; x_wconf 79' lang='lat' dir='ltr'>omnIum</span> <span class='ocrx_word' id='word_1_456' title='bbox 1949 881 2024 916; x_wconf 82' lang='lat' dir='ltr'>Deo</span> <span class='ocrx_word' id='word_1_457' title='bbox 2031 881 2122 926; x_wconf 87' lang='lat' dir='ltr'>supet</span> 
     </span>
     <span class='ocr_line' id='line_1_68' title="bbox 1239 923 1930 965; baseline 0.003 -4"><span class='ocrx_word' id='word_1_458' title='bbox 1239 923 1300 963; x_wconf 73' lang='lat' dir='ltr'>hac</span> <span class='ocrx_word' id='word_1_459' title='bbox 1321 925 1514 965; x_wconf 72' lang='lat' dir='ltr'>obediatur.</span> <span class='ocrx_word' id='word_1_460' title='bbox 1926 941 1930 946; x_wconf 93' lang='lat'>·</span> 
     </span>
    </p>
   </div>
   <div class='ocr_carea' id='block_1_9' title="bbox 1423 1083 1927 1132">
    <p class='ocr_par' dir='ltr' id='par_1_10' title="bbox 1423 1083 1927 1132">
     <span class='ocr_line' id='line_1_69' title="bbox 1423 1083 1927 1132; baseline 0.008 -7"><span class='ocrx_word' id='word_1_461' title='bbox 1423 1083 1927 1132; x_wconf 73' lang='lat' dir='ltr'>SeHoLION.</span> 
     </span>
    </p>
   </div>
   <div class='ocr_carea' id='block_1_10' title="bbox 1230 1224 2124 2765">
    <p class='ocr_par' dir='ltr' id='par_1_11' title="bbox 1230 1224 2124 2765">
     <span class='ocr_line' id='line_1_70' title="bbox 1344 1224 2124 1269; baseline 0.012 -11"><span class='ocrx_word' id='word_1_462' title='bbox 1344 1224 1415 1259; x_wconf 83' lang='lat' dir='ltr'>AEc</span> <span class='ocrx_word' id='word_1_463' title='bbox 1433 1225 1581 1269; x_wconf 86' lang='lat' dir='ltr'>Epistola</span> <span class='ocrx_word' id='word_1_464' title='bbox 1601 1237 1664 1261; x_wconf 86' lang='lat' dir='ltr'>nos</span> <span class='ocrx_word' id='word_1_465' title='bbox 1686 1225 1784 1263; x_wconf 88' lang='lat' dir='ltr'>docet</span> <span class='ocrx_word' id='word_1_466' title='bbox 1807 1229 1908 1265; x_wconf 86' lang='lat' dir='ltr'>etiam</span> <span class='ocrx_word' id='word_1_467' title='bbox 1929 1228 2124 1267; x_wconf 83' lang='lat' dir='ltr'>Theodore-</span> 
     </span>
     <span class='ocr_line' id='line_1_71' title="bbox 1367 1274 2121 1323; baseline 0.011 -15"><span class='ocrx_word' id='word_1_468' title='bbox 1367 1283 1438 1309; x_wconf 89' lang='lat' dir='ltr'>tum</span> <span class='ocrx_word' id='word_1_469' title='bbox 1458 1277 1594 1319; x_wconf 74' lang='lat' dir='ltr'>praefatae</span> <span class='ocrx_word' id='word_1_470' title='bbox 1628 1274 1850 1313; x_wconf 84' lang='lat' dir='ltr'>Antiochenae</span> <span class='ocrx_word' id='word_1_471' title='bbox 1875 1281 2014 1323; x_wconf 82' lang='lat' dir='ltr'>synodo</span> <span class='ocrx_word' id='word_1_472' title='bbox 2050 1293 2121 1317; x_wconf 87' lang='lat' dir='ltr'>non</span> 
     </span>
     <span class='ocr_line' id='line_1_72' title="bbox 1235 1324 2122 1374; baseline 0.011 -18"><span class='ocrx_word' id='word_1_473' title='bbox 1235 1324 1432 1359; x_wconf 79' lang='lat' dir='ltr'>interfuisse.</span> <span class='ocrx_word' id='word_1_474' title='bbox 1461 1325 1543 1359; x_wconf 86' lang='lat' dir='ltr'>Item</span> <span class='ocrx_word' id='word_1_475' title='bbox 1559 1324 1655 1359; x_wconf 88' lang='lat' dir='ltr'>nobis</span> <span class='ocrx_word' id='word_1_476' title='bbox 1666 1326 1888 1370; x_wconf 79' lang='lat' dir='ltr'>demonstrat,</span> <span class='ocrx_word' id='word_1_477' title='bbox 1915 1331 1995 1374; x_wconf 86' lang='lat' dir='ltr'>quid</span> <span class='ocrx_word' id='word_1_478' title='bbox 2005 1331 2122 1366; x_wconf 86' lang='lat' dir='ltr'>Theo·</span> 
     </span>
     <span class='ocr_line' id='line_1_73' title="bbox 1234 1373 2121 1420; baseline 0.01 -13"><span class='ocrx_word' id='word_1_479' title='bbox 1234 1373 1366 1408; x_wconf 83' lang='lat' dir='ltr'>doretus</span> <span class='ocrx_word' id='word_1_480' title='bbox 1376 1374 1417 1408; x_wconf 89' lang='lat' dir='ltr'>de</span> <span class='ocrx_word' id='word_1_481' title='bbox 1428 1375 1538 1409; x_wconf 70' lang='lat' dir='ltr'>Sancti</span> <span class='ocrx_word' id='word_1_482' title='bbox 1551 1374 1673 1416; x_wconf 83' lang='lat' dir='ltr'>cyrilli</span> <span class='ocrx_word' id='word_1_483' title='bbox 1687 1376 1861 1420; x_wconf 87' lang='lat' dir='ltr'>Rescripto</span> <span class='ocrx_word' id='word_1_484' title='bbox 1887 1390 1926 1412; x_wconf 88' lang='lat' dir='ltr'>ac</span> <span class='ocrx_word' id='word_1_485' title='bbox 1940 1380 2121 1416; x_wconf 80' lang='lat' dir='ltr'>Postulatis</span> 
     </span>
     <span class='ocr_line' id='line_1_74' title="bbox 1233 1423 2121 1472; baseline 0.01 -15"><span class='ocrx_word' id='word_1_486' title='bbox 1233 1434 1313 1458; x_wconf 91' lang='lat' dir='ltr'>tunc</span> <span class='ocrx_word' id='word_1_487' title='bbox 1340 1424 1501 1459; x_wconf 88' lang='lat' dir='ltr'>censuerit</span> <span class='ocrx_word' id='word_1_488' title='bbox 1525 1450 1534 1457; x_wconf 89' lang='lat'>.</span> <span class='ocrx_word' id='word_1_489' title='bbox 1571 1423 1685 1459; x_wconf 76' lang='lat' dir='ltr'>Primo</span> <span class='ocrx_word' id='word_1_490' title='bbox 1710 1427 1838 1460; x_wconf 87' lang='lat' dir='ltr'>censuit</span> <span class='ocrx_word' id='word_1_491' title='bbox 1859 1427 2121 1472; x_wconf 62' lang='lat' dir='ltr'>Cyrillillitteras</span> 
     </span>
     <span class='ocr_line' id='line_1_75' title="bbox 1233 1471 2122 1515; baseline 0.007 -8"><span class='ocrx_word' id='word_1_492' title='bbox 1233 1474 1296 1508; x_wconf 82' lang='lat' dir='ltr'>effe</span> <span class='ocrx_word' id='word_1_493' title='bbox 1331 1471 1539 1509; x_wconf 85' lang='lat' dir='ltr'>orthodoxas</span> <span class='ocrx_word' id='word_1_494' title='bbox 1563 1498 1575 1515; x_wconf 91' lang='lat'>,</span> <span class='ocrx_word' id='word_1_495' title='bbox 1599 1476 1765 1511; x_wconf 84' lang='lat' dir='ltr'>consonas</span> <span class='ocrx_word' id='word_1_496' title='bbox 1788 1477 1942 1513; x_wconf 72' lang='lat' dir='ltr'>dostrinae</span> <span class='ocrx_word' id='word_1_497' title='bbox 1968 1478 2122 1515; x_wconf 82' lang='lat' dir='ltr'>Parrum.</span> 
     </span>
     <span class='ocr_line' id='line_1_76' title="bbox 1233 1523 2121 1573; baseline 0.007 -14"><span class='ocrx_word' id='word_1_498' title='bbox 1233 1523 1385 1559; x_wconf 75' lang='lat' dir='ltr'>Secundo</span> <span class='ocrx_word' id='word_1_499' title='bbox 1395 1524 1524 1558; x_wconf 88' lang='lat' dir='ltr'>censuit</span> <span class='ocrx_word' id='word_1_500' title='bbox 1533 1524 1575 1559; x_wconf 90' lang='lat' dir='ltr'>ab</span> <span class='ocrx_word' id='word_1_501' title='bbox 1586 1524 1660 1569; x_wconf 85' lang='lat' dir='ltr'>ipsis</span> <span class='ocrx_word' id='word_1_502' title='bbox 1673 1526 1803 1570; x_wconf 72' lang='lat' dir='ltr'>penitus</span> <span class='ocrx_word' id='word_1_503' title='bbox 1815 1529 1917 1562; x_wconf 85' lang='lat' dir='ltr'>everti</span> <span class='ocrx_word' id='word_1_504' title='bbox 1943 1528 2099 1573; x_wconf 74' lang='lat' dir='ltr'>capitula</span> <span class='ocrx_word' id='word_1_505' title='bbox 2108 1555 2121 1573; x_wconf 90' lang='lat'><strong>,</strong></span> 
     </span>
     <span class='ocr_line' id='line_1_77' title="bbox 1234 1573 2119 1624; baseline 0.005 -16"><span class='ocrx_word' id='word_1_506' title='bbox 1234 1574 1374 1618; x_wconf 87' lang='lat' dir='ltr'>ideoque</span> <span class='ocrx_word' id='word_1_507' title='bbox 1392 1573 1581 1616; x_wconf 80' lang='lat' dir='ltr'>cyrillum,</span> <span class='ocrx_word' id='word_1_508' title='bbox 1607 1574 1686 1610; x_wconf 87' lang='lat' dir='ltr'>licet</span> <span class='ocrx_word' id='word_1_509' title='bbox 1707 1587 1778 1610; x_wconf 89' lang='lat' dir='ltr'>non</span> <span class='ocrx_word' id='word_1_510' title='bbox 1802 1577 1902 1613; x_wconf 81' lang='lat' dir='ltr'>verbo</span> <span class='ocrx_word' id='word_1_511' title='bbox 1927 1578 1961 1612; x_wconf 77' lang='grc' dir='ltr'>δι</span> <span class='ocrx_word' id='word_1_512' title='bbox 1980 1579 2119 1624; x_wconf 57' lang='lat' dir='ltr'>lingua,</span> 
     </span>
     <span class='ocr_line' id='line_1_78' title="bbox 1232 1625 2116 1667; baseline 0.006 -10"><span class='ocrx_word' id='word_1_513' title='bbox 1232 1633 1342 1658; x_wconf 89' lang='lat' dir='ltr'>tamen</span> <span class='ocrx_word' id='word_1_514' title='bbox 1369 1634 1465 1667; x_wconf 88' lang='lat' dir='ltr'>opere</span> <span class='ocrx_word' id='word_1_515' title='bbox 1490 1625 1553 1658; x_wconf 81' lang='lat' dir='ltr'>effe</span> <span class='ocrx_word' id='word_1_516' title='bbox 1580 1625 1797 1667; x_wconf 78' lang='lat' dir='ltr'>poenitentem</span> <span class='ocrx_word' id='word_1_517' title='bbox 1834 1626 1868 1660; x_wconf 76' lang='grc' dir='ltr'>ὅτ.</span> <span class='ocrx_word' id='word_1_518' title='bbox 1904 1629 2116 1664; x_wconf 85' lang='lat' dir='ltr'>conversum.</span> 
     </span>
     <span class='ocr_line' id='line_1_79' title="bbox 1235 1672 2117 1718; baseline 0.005 -9"><span class='ocrx_word' id='word_1_519' title='bbox 1235 1672 1356 1709; x_wconf 76' lang='lat' dir='ltr'>Tertio</span> <span class='ocrx_word' id='word_1_520' title='bbox 1379 1673 1465 1708; x_wconf 88' lang='lat' dir='ltr'>hanc</span> <span class='ocrx_word' id='word_1_521' title='bbox 1489 1674 1681 1718; x_wconf 87' lang='lat' dir='ltr'>insperatam</span> <span class='ocrx_word' id='word_1_522' title='bbox 1715 1675 1937 1711; x_wconf 80' lang='lat' dir='ltr'>mutationem</span> <span class='ocrx_word' id='word_1_523' title='bbox 1962 1688 2032 1714; x_wconf 83' lang='lat' dir='ltr'>non</span> <span class='ocrx_word' id='word_1_524' title='bbox 2053 1679 2117 1713; x_wconf 87' lang='lat' dir='ltr'>soli</span> 
     </span>
     <span class='ocr_line' id='line_1_80' title="bbox 1232 1723 2117 1771; baseline 0.003 -12"><span class='ocrx_word' id='word_1_525' title='bbox 1232 1723 1395 1769; x_wconf 83' lang='lat' dir='ltr'>adscripsit</span> <span class='ocrx_word' id='word_1_526' title='bbox 1403 1724 1521 1759; x_wconf 85' lang='lat' dir='ltr'>divinae</span> <span class='ocrx_word' id='word_1_527' title='bbox 1531 1724 1642 1768; x_wconf 78' lang='lat' dir='ltr'>gratiae</span> <span class='ocrx_word' id='word_1_528' title='bbox 1652 1746 1663 1763; x_wconf 87' lang='lat'>,</span> <span class='ocrx_word' id='word_1_529' title='bbox 1689 1724 1742 1758; x_wconf 88' lang='lat' dir='ltr'>sed</span> <span class='ocrx_word' id='word_1_530' title='bbox 1760 1724 1859 1759; x_wconf 87' lang='lat' dir='ltr'>etiam</span> <span class='ocrx_word' id='word_1_531' title='bbox 1871 1726 1964 1761; x_wconf 71' lang='lat' dir='ltr'>factis</span> <span class='ocrx_word' id='word_1_532' title='bbox 1977 1738 2032 1771; x_wconf 84' lang='lat' dir='ltr'>per</span> <span class='ocrx_word' id='word_1_533' title='bbox 2041 1727 2117 1762; x_wconf 85' lang='lat' dir='ltr'>Ber·</span> 
     </span>
     <span class='ocr_line' id='line_1_81' title="bbox 1232 1773 2117 1812; baseline 0.003 -3"><span class='ocrx_word' id='word_1_534' title='bbox 1232 1775 1406 1810; x_wconf 86' lang='lat' dir='ltr'>rhaeensem</span> <span class='ocrx_word' id='word_1_535' title='bbox 1429 1773 1588 1808; x_wconf 88' lang='lat' dir='ltr'>Acacium</span> <span class='ocrx_word' id='word_1_536' title='bbox 1608 1773 1911 1810; x_wconf 85' lang='lat' dir='ltr'>admonitionibus.</span> <span class='ocrx_word' id='word_1_537' title='bbox 1940 1776 2006 1811; x_wconf 87' lang='lat' dir='ltr'>Eas</span> <span class='ocrx_word' id='word_1_538' title='bbox 2017 1778 2117 1812; x_wconf 80' lang='lat' dir='ltr'>credi·</span> 
     </span>
     <span class='ocr_line' id='line_1_82' title="bbox 1232 1825 2118 1869; baseline 0.003 -10"><span class='ocrx_word' id='word_1_539' title='bbox 1232 1825 1280 1859; x_wconf 91' lang='lat' dir='ltr'>dit</span> <span class='ocrx_word' id='word_1_540' title='bbox 1291 1825 1384 1859; x_wconf 77' lang='lat' dir='ltr'>fuisse</span> <span class='ocrx_word' id='word_1_541' title='bbox 1395 1825 1636 1867; x_wconf 86' lang='lat' dir='ltr'>plantationem</span> <span class='ocrx_word' id='word_1_542' title='bbox 1661 1835 1699 1860; x_wconf 90' lang='lat' dir='ltr'>ac</span> <span class='ocrx_word' id='word_1_543' title='bbox 1712 1825 1931 1869; x_wconf 85' lang='lat' dir='ltr'>rigationem,</span> <span class='ocrx_word' id='word_1_544' title='bbox 1957 1827 2118 1862; x_wconf 89' lang='lat' dir='ltr'>cuiDivi-</span> 
     </span>
     <span class='ocr_line' id='line_1_83' title="bbox 1232 1874 2117 1922; baseline 0.005 -14"><span class='ocrx_word' id='word_1_545' title='bbox 1232 1886 1274 1910; x_wconf 88' lang='lat' dir='ltr'>na</span> <span class='ocrx_word' id='word_1_546' title='bbox 1296 1874 1539 1918; x_wconf 85' lang='lat' dir='ltr'>omnipotentia</span> <span class='ocrx_word' id='word_1_547' title='bbox 1561 1874 1685 1909; x_wconf 88' lang='lat' dir='ltr'>dederit</span> <span class='ocrx_word' id='word_1_548' title='bbox 1698 1875 1960 1910; x_wconf 85' lang='lat' dir='ltr'>incrementum.</span> <span class='ocrx_word' id='word_1_549' title='bbox 1985 1876 2117 1922; x_wconf 71' lang='lat' dir='ltr'>Qrtd</span> 
     </span>
     <span class='ocr_line' id='line_1_84' title="bbox 1231 1924 2116 1962; baseline 0.003 -3"><span class='ocrx_word' id='word_1_550' title='bbox 1231 1925 1357 1959; x_wconf 88' lang='lat' dir='ltr'>addidit</span> <span class='ocrx_word' id='word_1_551' title='bbox 1370 1925 1491 1960; x_wconf 75' lang='lat' dir='ltr'>litteras</span> <span class='ocrx_word' id='word_1_552' title='bbox 1511 1925 1574 1961; x_wconf 78' lang='lat' dir='ltr'>esse</span> <span class='ocrx_word' id='word_1_553' title='bbox 1584 1924 1733 1960; x_wconf 88' lang='lat' dir='ltr'>dolosas:</span> <span class='ocrx_word' id='word_1_554' title='bbox 1759 1925 1878 1962; x_wconf 85' lang='lat' dir='ltr'>Plenas</span> <span class='ocrx_word' id='word_1_555' title='bbox 1899 1927 2116 1962; x_wconf 83' lang='lat' dir='ltr'>circumlocu-</span> 
     </span>
     <span class='ocr_line' id='line_1_85' title="bbox 1231 1974 2116 2025; baseline 0.003 -16"><span class='ocrx_word' id='word_1_556' title='bbox 1231 1975 1378 2009; x_wconf 89' lang='lat' dir='ltr'>tionibus</span> <span class='ocrx_word' id='word_1_557' title='bbox 1405 1975 1439 2008; x_wconf 85' lang='lat'>&amp;</span> <span class='ocrx_word' id='word_1_558' title='bbox 1461 1974 1571 2008; x_wconf 82' lang='lat' dir='ltr'>astutis</span> <span class='ocrx_word' id='word_1_559' title='bbox 1592 1976 1825 2017; x_wconf 88' lang='lat' dir='ltr'>multiloquiis.</span> <span class='ocrx_word' id='word_1_560' title='bbox 1853 1977 1989 2025; x_wconf 73' lang='lat' dir='ltr'>Qinto</span> <span class='ocrx_word' id='word_1_561' title='bbox 2010 1978 2116 2022; x_wconf 85' lang='lat' dir='ltr'>gravi·</span> 
     </span>
     <span class='ocr_line' id='line_1_86' title="bbox 1231 2024 2113 2069; baseline 0.005 -13"><span class='ocrx_word' id='word_1_562' title='bbox 1231 2035 1277 2057; x_wconf 85' lang='lat' dir='ltr'>ter</span> <span class='ocrx_word' id='word_1_563' title='bbox 1299 2024 1485 2066; x_wconf 87' lang='lat' dir='ltr'>improbat,</span> <span class='ocrx_word' id='word_1_564' title='bbox 1512 2024 1603 2067; x_wconf 84' lang='lat' dir='ltr'>quod</span> <span class='ocrx_word' id='word_1_565' title='bbox 1628 2025 1793 2067; x_wconf 88' lang='lat' dir='ltr'>Cyrillus,</span> <span class='ocrx_word' id='word_1_566' title='bbox 1821 2025 1878 2069; x_wconf 87' lang='lat' dir='ltr'>qui</span> <span class='ocrx_word' id='word_1_567' title='bbox 1900 2026 2033 2061; x_wconf 89' lang='lat' dir='ltr'>deberet</span> <span class='ocrx_word' id='word_1_568' title='bbox 2058 2029 2113 2061; x_wconf 87' lang='lat' dir='ltr'>sex</span> 
     </span>
     <span class='ocr_line' id='line_1_87' title="bbox 1231 2072 2115 2117; baseline 0.009 -13"><span class='ocrx_word' id='word_1_569' title='bbox 1231 2073 1264 2106; x_wconf 69' lang='grc' dir='ltr'>ὅ(</span> <span class='ocrx_word' id='word_1_570' title='bbox 1286 2072 1388 2115; x_wconf 72' lang='lat' dir='ltr'>longe</span> <span class='ocrx_word' id='word_1_571' title='bbox 1410 2072 1516 2114; x_wconf 89' lang='lat' dir='ltr'>plures</span> <span class='ocrx_word' id='word_1_572' title='bbox 1525 2083 1585 2115; x_wconf 88' lang='lat' dir='ltr'>pro</span> <span class='ocrx_word' id='word_1_573' title='bbox 1609 2085 1686 2115; x_wconf 84' lang='lat' dir='ltr'>pace</span> <span class='ocrx_word' id='word_1_574' title='bbox 1697 2075 1907 2110; x_wconf 88' lang='lat' dir='ltr'>conditiones</span> <span class='ocrx_word' id='word_1_575' title='bbox 1917 2077 2115 2117; x_wconf 84' lang='lat' dir='ltr'>admittere,</span> 
     </span>
     <span class='ocr_line' id='line_1_88' title="bbox 1232 2122 2112 2164; baseline 0.006 -9"><span class='ocrx_word' id='word_1_576' title='bbox 1232 2133 1290 2155; x_wconf 90' lang='lat' dir='ltr'>nec</span> <span class='ocrx_word' id='word_1_577' title='bbox 1310 2122 1346 2155; x_wconf 88' lang='lat' dir='ltr'>in</span> <span class='ocrx_word' id='word_1_578' title='bbox 1369 2122 1500 2155; x_wconf 85' lang='lat' dir='ltr'>unicam</span> <span class='ocrx_word' id='word_1_579' title='bbox 1511 2146 1522 2162; x_wconf 90' lang='lat'>,</span> <span class='ocrx_word' id='word_1_580' title='bbox 1549 2131 1685 2164; x_wconf 84' lang='lat' dir='ltr'>eamque</span> <span class='ocrx_word' id='word_1_581' title='bbox 1696 2123 1885 2158; x_wconf 79' lang='lat' dir='ltr'>facillimam</span> <span class='ocrx_word' id='word_1_582' title='bbox 1898 2150 1909 2164; x_wconf 96' lang='lat'>,</span> <span class='ocrx_word' id='word_1_583' title='bbox 1937 2138 1975 2160; x_wconf 91' lang='lat' dir='ltr'>ac</span> <span class='ocrx_word' id='word_1_584' title='bbox 1987 2127 2004 2160; x_wconf 74' lang='lat' dir='ltr'>a</span> <span class='ocrx_word' id='word_1_585' title='bbox 2017 2126 2112 2160; x_wconf 89' lang='lat' dir='ltr'>nullo</span> 
     </span>
     <span class='ocr_line' id='line_1_89' title="bbox 1232 2170 2115 2218; baseline 0.005 -12"><span class='ocrx_word' id='word_1_586' title='bbox 1232 2170 1463 2216; x_wconf 87' lang='lat' dir='ltr'>repudiabilem</span> <span class='ocrx_word' id='word_1_587' title='bbox 1477 2195 1488 2210; x_wconf 90' lang='lat'>‚</span> <span class='ocrx_word' id='word_1_588' title='bbox 1515 2171 1653 2205; x_wconf 90' lang='lat' dir='ltr'>voluerit</span> <span class='ocrx_word' id='word_1_589' title='bbox 1673 2172 1880 2207; x_wconf 88' lang='lat' dir='ltr'>descendere:</span> <span class='ocrx_word' id='word_1_590' title='bbox 1908 2174 2039 2218; x_wconf 87' lang='lat' dir='ltr'>Nempe</span> <span class='ocrx_word' id='word_1_591' title='bbox 2061 2187 2115 2210; x_wconf 89' lang='lat' dir='ltr'>ac-</span> 
     </span>
     <span class='ocr_line' id='line_1_90' title="bbox 1230 2219 2112 2265; baseline 0.005 -10"><span class='ocrx_word' id='word_1_592' title='bbox 1230 2231 1358 2265; x_wconf 88' lang='lat' dir='ltr'>ceptare</span> <span class='ocrx_word' id='word_1_593' title='bbox 1383 2221 1488 2254; x_wconf 91' lang='lat' dir='ltr'>solum</span> <span class='ocrx_word' id='word_1_594' title='bbox 1511 2219 1684 2254; x_wconf 82' lang='lat' dir='ltr'>Nicaenum</span> <span class='ocrx_word' id='word_1_595' title='bbox 1704 2222 1920 2265; x_wconf 85' lang='lat' dir='ltr'>Symbolum,</span> <span class='ocrx_word' id='word_1_596' title='bbox 1949 2236 1987 2258; x_wconf 88' lang='lat' dir='ltr'>ac</span> <span class='ocrx_word' id='word_1_597' title='bbox 2003 2225 2112 2259; x_wconf 67' lang='lat' dir='ltr'>Sanfli</span> 
     </span>
     <span class='ocr_line' id='line_1_91' title="bbox 1234 2269 2112 2318; baseline 0.006 -15"><span class='ocrx_word' id='word_1_598' title='bbox 1234 2269 1401 2306; x_wconf 82' lang='lat' dir='ltr'>Athanasii</span> <span class='ocrx_word' id='word_1_599' title='bbox 1430 2270 1552 2307; x_wconf 87' lang='lat' dir='ltr'>litteras</span> <span class='ocrx_word' id='word_1_600' title='bbox 1573 2269 1613 2304; x_wconf 91' lang='lat' dir='ltr'>ad</span> <span class='ocrx_word' id='word_1_601' title='bbox 1627 2271 1830 2315; x_wconf 62' lang='lat' dir='ltr'>Epictetum,</span> <span class='ocrx_word' id='word_1_602' title='bbox 1858 2273 1960 2307; x_wconf 78' lang='lat' dir='ltr'>Sexto</span> <span class='ocrx_word' id='word_1_603' title='bbox 1970 2275 2112 2318; x_wconf 86' lang='lat' dir='ltr'>graviter</span> 
     </span>
     <span class='ocr_line' id='line_1_92' title="bbox 1233 2319 2112 2367; baseline 0.003 -12"><span class='ocrx_word' id='word_1_604' title='bbox 1233 2323 1311 2356; x_wconf 81' lang='lat' dir='ltr'>item</span> <span class='ocrx_word' id='word_1_605' title='bbox 1335 2319 1500 2365; x_wconf 83' lang='lat' dir='ltr'>improbat</span> <span class='ocrx_word' id='word_1_606' title='bbox 1519 2344 1531 2360; x_wconf 91' lang='lat'>,</span> <span class='ocrx_word' id='word_1_607' title='bbox 1561 2319 1650 2364; x_wconf 88' lang='lat' dir='ltr'>quod</span> <span class='ocrx_word' id='word_1_608' title='bbox 1672 2321 1818 2365; x_wconf 77' lang='lat' dir='ltr'>cyrillus</span> <span class='ocrx_word' id='word_1_609' title='bbox 1838 2324 1983 2357; x_wconf 87' lang='lat' dir='ltr'>noluerit</span> <span class='ocrx_word' id='word_1_610' title='bbox 2002 2323 2112 2367; x_wconf 71' lang='lat' dir='ltr'>aperte</span> 
     </span>
     <span class='ocr_line' id='line_1_93' title="bbox 1233 2370 2111 2415; baseline 0.002 -9"><span class='ocrx_word' id='word_1_611' title='bbox 1233 2371 1410 2406; x_wconf 86' lang='lat' dir='ltr'>valedicere</span> <span class='ocrx_word' id='word_1_612' title='bbox 1429 2371 1494 2405; x_wconf 89' lang='lat' dir='ltr'>suis</span> <span class='ocrx_word' id='word_1_613' title='bbox 1506 2370 1688 2413; x_wconf 87' lang='lat' dir='ltr'>Capitulis.</span> <span class='ocrx_word' id='word_1_614' title='bbox 1717 2371 1865 2415; x_wconf 72' lang='lat' dir='ltr'>Septimo</span> <span class='ocrx_word' id='word_1_615' title='bbox 1885 2373 1984 2407; x_wconf 89' lang='lat' dir='ltr'>etiam</span> <span class='ocrx_word' id='word_1_616' title='bbox 2004 2374 2111 2408; x_wconf 88' lang='lat' dir='ltr'>omni-</span> 
     </span>
     <span class='ocr_line' id='line_1_94' title="bbox 1234 2419 2111 2465; baseline 0 -9"><span class='ocrx_word' id='word_1_617' title='bbox 1234 2420 1454 2465; x_wconf 78' lang='lat' dir='ltr'>noimprobat</span> <span class='ocrx_word' id='word_1_618' title='bbox 1472 2444 1483 2459; x_wconf 91' lang='lat'>‚</span> <span class='ocrx_word' id='word_1_619' title='bbox 1505 2420 1595 2462; x_wconf 90' lang='lat' dir='ltr'>quod</span> <span class='ocrx_word' id='word_1_620' title='bbox 1616 2419 1761 2463; x_wconf 87' lang='lat' dir='ltr'>Cyrillus</span> <span class='ocrx_word' id='word_1_621' title='bbox 1783 2422 1860 2455; x_wconf 90' lang='lat' dir='ltr'>velit</span> <span class='ocrx_word' id='word_1_622' title='bbox 1873 2423 2025 2463; x_wconf 86' lang='lat' dir='ltr'>admitti,</span> <span class='ocrx_word' id='word_1_623' title='bbox 2053 2424 2111 2456; x_wconf 87' lang='lat' dir='ltr'>im-</span> 
     </span>
     <span class='ocr_line' id='line_1_95' title="bbox 1233 2469 2112 2509; baseline 0.001 -4"><span class='ocrx_word' id='word_1_624' title='bbox 1233 2472 1288 2506; x_wconf 77' lang='lat' dir='ltr'>mo</span> <span class='ocrx_word' id='word_1_625' title='bbox 1314 2472 1346 2506; x_wconf 73' lang='grc' dir='ltr'>ὃ(</span> <span class='ocrx_word' id='word_1_626' title='bbox 1367 2470 1520 2504; x_wconf 87' lang='lat' dir='ltr'>subscribi</span> <span class='ocrx_word' id='word_1_627' title='bbox 1543 2469 1792 2505; x_wconf 86' lang='lat' dir='ltr'>damnationem</span> <span class='ocrx_word' id='word_1_628' title='bbox 1814 2471 1960 2506; x_wconf 83' lang='lat' dir='ltr'>Nestorii</span> <span class='ocrx_word' id='word_1_629' title='bbox 1986 2497 1993 2504; x_wconf 92' lang='lat'>.</span> <span class='ocrx_word' id='word_1_630' title='bbox 2021 2472 2112 2509; x_wconf 85' lang='lat' dir='ltr'>Con-</span> 
     </span>
     <span class='ocr_line' id='line_1_96' title="bbox 1232 2518 2110 2562; baseline 0 -5"><span class='ocrx_word' id='word_1_631' title='bbox 1232 2524 1350 2557; x_wconf 85' lang='lat' dir='ltr'>stanter</span> <span class='ocrx_word' id='word_1_632' title='bbox 1369 2521 1506 2555; x_wconf 85' lang='lat' dir='ltr'>affirmat</span> <span class='ocrx_word' id='word_1_633' title='bbox 1528 2518 1593 2553; x_wconf 90' lang='lat' dir='ltr'>hoc</span> <span class='ocrx_word' id='word_1_634' title='bbox 1613 2519 1700 2562; x_wconf 89' lang='lat' dir='ltr'>apud</span> <span class='ocrx_word' id='word_1_635' title='bbox 1727 2520 1849 2555; x_wconf 90' lang='lat' dir='ltr'>bonam</span> <span class='ocrx_word' id='word_1_636' title='bbox 1875 2521 2110 2557; x_wconf 84' lang='lat' dir='ltr'>conscientiam</span> 
     </span>
     <span class='ocr_line' id='line_1_97' title="bbox 1231 2567 2109 2614; baseline -0.001 -7"><span class='ocrx_word' id='word_1_637' title='bbox 1231 2569 1515 2614; x_wconf 77' lang='lat' dir='ltr'>effeimpoffibile.</span> <span class='ocrx_word' id='word_1_638' title='bbox 1542 2569 1638 2601; x_wconf 89' lang='lat' dir='ltr'>Hinc</span> <span class='ocrx_word' id='word_1_639' title='bbox 1654 2567 1798 2605; x_wconf 86' lang='lat' dir='ltr'>Aeacius</span> <span class='ocrx_word' id='word_1_640' title='bbox 1810 2572 1991 2613; x_wconf 89' lang='lat' dir='ltr'>supplicat,</span> <span class='ocrx_word' id='word_1_641' title='bbox 2016 2580 2054 2604; x_wconf 93' lang='lat' dir='ltr'>ut</span> <span class='ocrx_word' id='word_1_642' title='bbox 2064 2583 2109 2606; x_wconf 85' lang='lat' dir='ltr'>ex</span> 
     </span>
     <span class='ocr_line' id='line_1_98' title="bbox 1230 2616 2110 2662; baseline 0 -7"><span class='ocrx_word' id='word_1_643' title='bbox 1230 2629 1385 2662; x_wconf 88' lang='lat' dir='ltr'>concepta</span> <span class='ocrx_word' id='word_1_644' title='bbox 1397 2629 1474 2662; x_wconf 89' lang='lat' dir='ltr'>pace</span> <span class='ocrx_word' id='word_1_645' title='bbox 1487 2627 1555 2650; x_wconf 90' lang='lat' dir='ltr'>non</span> <span class='ocrx_word' id='word_1_646' title='bbox 1569 2616 1703 2654; x_wconf 87' lang='lat' dir='ltr'>seminet</span> <span class='ocrx_word' id='word_1_647' title='bbox 1715 2629 1799 2656; x_wconf 79' lang='lat' dir='ltr'>nova</span> <span class='ocrx_word' id='word_1_648' title='bbox 1811 2619 1895 2654; x_wconf 88' lang='lat' dir='ltr'>bella</span> <span class='ocrx_word' id='word_1_649' title='bbox 1908 2645 1919 2661; x_wconf 91' lang='lat'>‚</span> <span class='ocrx_word' id='word_1_650' title='bbox 1945 2619 1999 2654; x_wconf 87' lang='lat' dir='ltr'>sed</span> <span class='ocrx_word' id='word_1_651' title='bbox 2009 2621 2110 2656; x_wconf 88' lang='lat' dir='ltr'>faciat</span> 
     </span>
     <span class='ocr_line' id='line_1_99' title="bbox 1230 2666 2111 2718; baseline -0.001 -12"><span class='ocrx_word' id='word_1_652' title='bbox 1230 2672 1327 2706; x_wconf 88' lang='lat' dir='ltr'>talem</span> <span class='ocrx_word' id='word_1_653' title='bbox 1338 2693 1349 2711; x_wconf 86' lang='lat'><em>,</em></span> <span class='ocrx_word' id='word_1_654' title='bbox 1375 2678 1445 2711; x_wconf 80' lang='lat' dir='ltr'>quae</span> <span class='ocrx_word' id='word_1_655' title='bbox 1455 2675 1546 2711; x_wconf 87' lang='lat' dir='ltr'>grata</span> <span class='ocrx_word' id='word_1_656' title='bbox 1556 2666 1595 2700; x_wconf 86' lang='lat' dir='ltr'>fit</span> <span class='ocrx_word' id='word_1_657' title='bbox 1605 2666 1762 2702; x_wconf 88' lang='lat' dir='ltr'>omnibus</span> <span class='ocrx_word' id='word_1_658' title='bbox 1771 2680 1827 2712; x_wconf 87' lang='lat' dir='ltr'>per</span> <span class='ocrx_word' id='word_1_659' title='bbox 1839 2670 2012 2707; x_wconf 85' lang='lat' dir='ltr'>Orientem</span> <span class='ocrx_word' id='word_1_660' title='bbox 2032 2670 2111 2718; x_wconf 62' lang='lat' dir='ltr'>Ep13</span> 
     </span>
     <span class='ocr_line' id='line_1_100' title="bbox 1231 2716 1880 2765; baseline -0.008 -9"><span class='ocrx_word' id='word_1_661' title='bbox 1231 2720 1357 2765; x_wconf 84' lang='lat' dir='ltr'>scopis,</span> <span class='ocrx_word' id='word_1_662' title='bbox 1382 2730 1420 2754; x_wconf 88' lang='lat' dir='ltr'>ac</span> <span class='ocrx_word' id='word_1_663' title='bbox 1440 2716 1610 2764; x_wconf 85' lang='lat' dir='ltr'>praesertim</span> <span class='ocrx_word' id='word_1_664' title='bbox 1622 2718 1773 2752; x_wconf 89' lang='lat' dir='ltr'>Domino</span> <span class='ocrx_word' id='word_1_665' title='bbox 1787 2719 1880 2756; x_wconf 84' lang='lat' dir='ltr'>Deo.</span> 
     </span>
    </p>
   </div>
   <div class='ocr_carea' id='block_1_11' title="bbox 1468 2939 1875 3200">
    <p class='ocr_par' dir='ltr' id='par_1_12' title="bbox 1468 2939 1875 3200">
     <span class='ocr_line' id='line_1_101' title="bbox 1468 2939 1875 3200; baseline 0 530"><span class='ocrx_word' id='word_1_666' title='bbox 1468 2939 1875 3200; x_wconf 95' lang='lat' dir='ltr'> </span> 
     </span>
    </p>
   </div>
   <div class='ocr_carea' id='block_1_12' title="bbox 1878 3417 2054 3458">
    <p class='ocr_par' dir='ltr' id='par_1_13' title="bbox 1878 3417 2054 3458">
     <span class='ocr_line' id='line_1_102' title="bbox 1878 3417 2054 3458; baseline -0.011 0"><span class='ocrx_word' id='word_1_667' title='bbox 1878 3417 2054 3458; x_wconf 82' lang='lat' dir='ltr'>CAPUT</span> 
     </span>
    </p>
   </div>
  </div>
 </body>
</html>
