2320 3730
103 933 202 973 AstQr-
213 940 246 970 ssp

345 124 419 186 48

276 205 456 249 Imperator
478 202 695 247 Justinianus.
723 203 769 236 Et
780 204 897 246 quinta
914 204 1067 248 Synodus
1084 215 1165 237 con-

276 256 417 291 firmavit
430 254 497 296 ejus
510 252 672 288 Affertum
686 279 693 287 .
722 253 856 288 Etenim
871 255 910 289 ad
924 253 1029 289 Edisti
1055 253 1089 287 &
1111 252 1164 286 ad-

274 307 453 349 {tinearum
476 303 675 338 Litterarum
689 305 859 339 lectionem
873 305 984 339 Patres
1007 304 1161 347 reposue—

422 353 656 399 Chalcedonense
674 357 796 388 sacrum
820 356 982 388 Concilium
1005 353 1162 385 Theodore-

275 418 339 437 ium
363 405 396 437 (9·
409 403 493 437 Ibam
512 411 652 449 graviter
672 404 772 439 verbis
792 404 968 448 insellatum
980 429 990 443 ‚
1018 415 1075 436 non
1097 404 1159 435 alia

271 456 436 488 conditione
449 460 481 487 in
488 461 622 499 gratiam
633 461 739 498 recepit
750 480 761 496 ,
788 467 879 498 quam
889 465 922 488 ut
930 455 1018 496 prins
1032 455 1157 487 damna-

274 366 350 392 runt
383 368 394 397 ¹:

270 514 338 543 ‚rent
345 504 404 548 sua
414 505 495 539 mala
517 508 637 548 Scripta
649 531 656 538 .

320 555 376 590 Ad
402 555 615 599 quaestionem
643 556 753 591 tamen
780 554 960 599 respondeo
985 552 1154 599 negative.

267 606 403 640 Etenim
414 605 486 650 post
499 606 594 640 letias
618 606 652 640 δε
667 607 816 649 probatas
829 606 950 647 priores
965 604 1072 638 Sansti
1086 605 1153 648 Cy-

266 656 334 690 rilli
358 657 498 690 Litteras
522 654 656 691 Atticus
667 655 926 698 Nicopolitanus
949 655 1150 698 Episcopus,

265 707 380 741 veteris
404 706 496 749 Epiri
518 706 735 750 Metropolita
757 727 768 743 ‚
795 703 880 738 dixit
903 704 944 738 ad
966 702 1153 739 Chalcedo-

263 759 399 791 nensem
420 757 613 798 Synodum:
641 758 792 797 ,Quoniam
818 765 895 797 nunc
907 754 1150 796 Domininostri,

264 806 482 846 &Saneiiffimi
504 810 611 839 Patris
627 829 639 845 ,
666 806 701 838 (ν’
726 802 991 848 Archi-Episcopi
1018 809 1127 839 Leonis
1140 830 1149 846 ,

261 858 444 893 adornantis
467 856 652 897 Apostolicam
673 855 779 887 sedem
802 878 813 894 ,
839 854 915 887 ledia
932 855 969 894 est
996 856 1147 898 Epistola,

261 915 374 949 oportet
394 908 466 939 vero
493 906 527 938 <5
555 904 654 938 beata
677 910 827 938 memoriae
853 906 956 945 Cyrilli
984 906 1147 948 Epistolam

253 956 401 1000 scriptam
413 955 459 987 ad
467 953 656 995 Nestorium,
686 960 718 987 in
729 966 788 998 qua
799 954 933 989 hortatur
956 968 1023 989 eum
1034 956 1147 1000 consen-

251 1004 313 1049 tire
324 1005 472 1038 duodecim
484 1005 636 1045 Capitulis
657 1028 669 1045 ,
695 1006 730 1039 ὑ
742 1005 820 1039 banc
843 1007 914 1039 dari
929 1006 1014 1040 nobis
1025 1031 1035 1046 ,
1061 1017 1095 1041 ut
1113 1015 1145 1041 in

257 1065 387 1099 tempore
398 1052 623 1097 disceptationis
632 1062 740 1097 parati
755 1062 949 1091 inveniamur
964 1083 971 1090 .
996 1059 1142 1103 Dogma-

253 1107 319 1141 tica
332 1105 438 1139 Sanffl
462 1103 587 1138 Leonis
599 1106 767 1149 Epistola,
794 1109 884 1151 quod
897 1108 997 1152 aliqui
1012 1120 1054 1142 ex
1066 1109 1143 1151 Illy-

254 1157 326 1190 rico
347 1167 385 1190 ac
396 1154 562 1197 palestina
575 1155 729 1201 Episcopi
748 1158 789 1191 de
802 1157 997 1206 quibusdam
1015 1158 1082 1201 ejus
1096 1152 1142 1191 ar-

254 1206 366 1241 ticulis
388 1205 595 1247 dubitarent,
626 1217 692 1241 erat
704 1208 908 1242 discutienda
924 1219 962 1242 ae
976 1219 1142 1251 exponen-

252 1257 318 1291 da:
345 1257 439 1291 Hinc
464 1256 597 1291 Atticus
610 1257 740 1301 rogavit
761 1257 896 1303 adjungi
917 1259 951 1292 &
964 1258 1140 1292 duodecim

252 1307 485 1351 Capitulorum
507 1307 691 1351 Epistolam
716 1334 727 1350 ,
755 1308 795 1343 ad
818 1320 916 1354 quam
940 1310 1142 1343 conferretur

250 1357 334 1396 ista,
360 1369 458 1402 atque
482 1358 526 1393 ita
550 1359 651 1392 altera
668 1371 709 1394 ex
730 1359 828 1394 altera
856 1358 1046 1403 probaretur
1070 1384 1080 1400 ,
1107 1361 1139 1394 &

249 1407 352 1442 amba:
385 1408 662 1451 confirmarentur
690 1434 697 1442 .
725 1410 769 1443 Et
796 1410 924 1445 Praefati
953 1409 1140 1444 dubitantes

248 1455 408 1502 Episcopi
430 1459 656 1494 clamaverunt
679 1475 690 1493 t
717 1452 873 1502 sijubetis
901 1463 969 1493 dari
990 1461 1071 1493 nobis
1095 1466 1140 1493 in-

248 1506 377 1547 ducias,
401 1514 534 1550 petimus
561 1511 670 1543 Patres
686 1509 776 1551 fimul
779 1512 986 1554 perscrutari.
1013 1511 1139 1546 Ambas

247 1557 343 1591 fimul
371 1558 538 1601 Epistolas
563 1584 571 1591 .
599 1559 644 1593 Et
671 1561 982 1605 magnificentissimi
1010 1559 1139 1605 Judices

247 1608 482 1651 reposuerunt:
510 1608 679 1648 Diffiratur
703 1613 864 1644 Audientia
887 1610 975 1655 usque
998 1613 1043 1645 ad
1052 1618 1137 1654 quin-

246 1669 304 1699 que
326 1659 392 1691 dies
407 1682 417 1698 ,
443 1666 477 1691 ut
491 1662 570 1691 inter
581 1658 636 1691 hos
647 1666 806 1693 conveniat
826 1661 925 1701 vestra
934 1662 1086 1695 santiam
1096 1664 1140 1695 ad

246 1707 457 1748 Sanc‘Iifflmum
480 1708 674 1742 Anatholium
688 1711 970 1757 Archi-Episcopum
983 1737 992 1751 ,
1020 1714 1054 1746 (st
1065 1724 1138 1745 com-

246 1764 377 1791 muniter
401 1760 438 1792 de
455 1759 517 1801 fide
541 1760 676 1794 trat‘ietis
688 1786 710 1801 ,v
729 1771 762 1802 ut
781 1769 833 1804 qai
858 1762 1002 1795 dubitant
1016 1764 1136 1795 docean-

245 1817 295 1841 tur
320 1832 327 1840 .
355 1808 401 1842 Et
425 1809 666 1853 Episcoporum
701 1812 834 1853 plurimi
861 1814 978 1847 Santsto
1005 1813 1136 1852 Leoni,

244 1858 393 1901 adeoque
417 1859 451 1892 δε
477 1859 544 1901 ejus
568 1860 723 1901 Epistolae
743 1862 964 1894 acclamarunt
985 1887 995 1901 ,
1025 1862 1136 1894 nullus

244 1918 354 1941 autem
372 1909 488 1942 Sansto
501 1908 651 1951 Cyrillo.
667 1910 775 1944 Etiam
788 1910 860 1954 post
875 1912 1021 1954 elapsum
1037 1911 1134 1945 istum

243 1959 421 1991 terminum
445 1957 479 1989 in
502 1967 614 1999 quarta
637 1959 779 1992 Αὲὶὶοηε
803 1959 989 2001 Apostolici
1014 1961 1131 2004 Legati

243 2007 277 2040 ὃς
289 2007 399 2041 omnis
408 2006 563 2048 Synoduts
575 2006 764 2041 solemniter
789 2009 919 2051 profeffi
940 2010 1013 2042 sunt
1029 2011 1059 2042 se
1070 2021 1134 2043 cre·

244 2056 320 2091 dere
341 2068 418 2090 cum
428 2056 565 2090 Nicaeno
589 2057 623 2090 &
638 2057 1018 2101 Constantinopolitano>
1042 2060 1133 2101 Sym-

244 2107 326 2141 bolo
339 2131 350 2147 ‚
376 2118 453 2141 cum
467 2107 574 2140 Sancti
587 2106 711 2141 Leonis
725 2108 887 2151 Epistola,
913 2112 960 2141 Et
971 2114 1009 2141 iis
1023 2120 1091 2151 quae
1102 2116 1133 2142 in

245 2155 364 2200 Ephesi>
383 2156 441 2200 sub
453 2158 618 2197 Beatiffimo
629 2159 733 2197 cyrillo
737 2158 817 2202 gesta
824 2157 897 2201 sunt
920 2159 959 2192 ab
968 2158 1134 2202 universali

244 2210 279 2241 (θ’
298 2208 406 2241 sancio
430 2209 559 2241 Concilio
582 2232 593 2248 ,
620 2209 736 2251 quando
756 2210 942 2242 maledictum
966 2209 1132 2250 Nestorium

243 2260 458 2292 condemnavit
486 2284 492 2291 .
521 2258 635 2293 Palam
662 2260 794 2293 firmant
821 2260 926 2293 solam
956 2261 1131 2295 secundam

243 2307 351 2342 saneti
374 2306 715 2352 CyrilliEpistolam,
743 2310 887 2344 detertia
914 2320 969 2344 aut
991 2310 1058 2354 ejus
1072 2311 1132 2346 Ca-

242 2359 357 2402 pitulis
380 2370 479 2393 nemo
501 2360 579 2393 fecit
599 2362 809 2394 mentionem
832 2385 840 2393 .
869 2361 962 2394 Hinc
983 2361 1131 2395 Nonnus

242 2409 423 2443 Edessenus
436 2409 616 2453 Episcopus
628 2435 639 2450 ,
666 2410 843 2444 Osthoenae
859 2411 1038 2453 provinciae
1059 2412 1132 2444 Me-

240 2459 398 2502 tropolita
414 2483 425 2498 ,
452 2458 643 2492 Alexander
662 2460 857 2493 Sebastenfis
878 2459 913 2492 in
928 2459 1033 2502 prima
1047 2460 1129 2493 Cili-

240 2509 291 2542 cia
305 2509 487 2552 Episcopus
504 2532 513 2547 ,
541 2508 663 2551 aliique
674 2509 778 2551 plures
801 2510 859 2542 suo
871 2509 1026 2553 suffragio
1035 2509 1129 2543 diser-

240 2558 273 2592 te
286 2558 482 2591 addiderunt
496 2569 502 2588 :
530 2561 576 2588 Et
588 2558 727 2597 Epistolae
738 2561 838 2596 cyrilli
860 2564 893 2591 in
903 2558 1054 2600 Ephefina
1067 2563 1126 2592 Me-

240 2607 346 2650 tropoli
367 2606 550 2648 confirmatae
569 2631 576 2637 .
602 2607 685 2652 Qae
708 2609 752 2641 est
779 2609 846 2643 sola
869 2609 1037 2643 Secunda.
1068 2610 1129 2642 Ea-

241 2656 317 2690 dem
338 2657 378 2690 de
392 2657 485 2690 causa
508 2657 622 2691 octava
647 2657 745 2690 Aetio
757 2657 1015 2693 Theodoretum
1034 2684 1045 2700 ,
1071 2661 1127 2701 qui

242 2706 397 2750 capitula
423 2705 676 2749 petulantiffime
697 2708 856 2743 invaserat
877 2710 977 2744 etiam
1000 2709 1071 2752 post
1084 2710 1127 2743 fa-

242 2758 325 2790 stam
345 2766 458 2799 pacem
482 2756 567 2789 inter
588 2756 776 2801 AEgyptum
800 2770 838 2792 ac
861 2759 1032 2795 Orientem
1053 2783 1063 2799 ,
1092 2760 1127 2793 in

233 2808 373 2851 -plenam
387 2805 590 2850 Episcopalis
611 2808 731 2850 gradus
754 2810 1026 2843 communionem
1048 2820 1128 2844 rece-

242 2858 291 2900 pit
315 2882 325 2898 ,
353 2858 386 2890 &
413 2868 482 2890 non
517 2857 680 2898 compulit
706 2856 746 2891 ad
774 2858 878 2892 ullam
905 2859 1127 2901 palinodiam.

241 2907 345 2954 Qod
369 2918 486 2950 nempe
512 2907 571 2940 ista
597 2907 752 2950 Capitula
776 2918 843 2942 non
869 2910 969 2943 effent
992 2910 1126 2944 admissa

242 2956 277 2989 in
304 2957 477 2991 Canonem
495 2981 503 2989 .
530 2956 619 2990 Nam
645 2958 819 2991 &Sanetus
841 2959 1016 2992 Flavianus
1038 2960 1130 2993 Con·

243 3006 554 3050 stantinopolitanus
578 3007 770 3042 Antistesin
794 3010 847 3043 sua
859 3009 1011 3043 adversus
1026 3009 1127 3052 Euty-

244 3055 361 3090 cheten
384 3056 521 3100 Synodo
549 3057 697 3101 probavit
721 3059 823 3093 solam
852 3059 1026 3092 secundam
1051 3059 1127 3102 Epi-

244 3105 361 3140 stolam
375 3132 385 3146 ‚
412 3119 448 3140 ac
459 3107 642 3151 Epistolam
655 3108 774 3143 Pacis.
802 3109 896 3156 Qin
913 3109 1044 3142 &illius
1055 3109 1126 3151 post

244 3153 467 3199 Anatholium
489 3156 838 3193 &Chalcedonensem
854 3159 1028 3202 Synodum
1047 3161 1126 3193 Suc-

244 3204 345 3238 cessor
368 3205 500 3239 Sanstus
511 3207 704 3241 Gennadius
726 3208 794 3250 haee
817 3210 935 3252 scripsit
950 3224 960 3243 .-
989 3214 1041 3242 Vae
1052 3208 1126 3242 mihi

245 3256 266 3287 ei
286 3254 394 3288 malis.
422 3261 509 3294 Heu,
534 3257 610 3293 heu!
638 3259 723 3290 Unde
741 3266 817 3292 enim
840 3264 908 3302 quis
930 3265 962 3292 in
981 3258 1125 3302 prasenti

243 3300 532 3346 fumatexordium?
558 3309 675 3350 ‚Quales
688 3311 961 3353 CyrilliAEgyptii,
987 3310 1126 3351 &quan-

244 3353 519 3405 iasxbiasphemias
543 3359 652 3391 incurri
674 3382 685 3399 ‚
711 3358 745 3392 Θ
769 3370 898 3404 quantas
923 3358 1124 3403 blasphemias

705 122 1045 168 VARIORUM
1080 122 1330 166 PATRUM
1365 121 1673 174 E-PISTOLAE,

1222 203 1355 235 audivi?
1380 206 1461 247 ‚Quis
1487 218 1595 241 revera
1619 211 1671 243 det
1695 214 1788 253 capiti
1811 221 1873 245 meo
1907 222 2019 255 aquam
2041 236 2053 253 ,
2078 213 2111 247 (9¹

1222 251 1311 285 oculis
1334 259 1406 285 meis
1422 253 1542 294 fontem
1561 258 1796 299 lachrymarum?
1824 261 1925 296 Adeo
1949 263 2111 307 impoten-

1222 311 1269 335 ter
1294 301 1421 336 invadit
1449 303 1624 348 Capitula,
1650 320 1687 344 ut
1706 311 1776 354 ejus
1796 311 1978 347 Investivas
2003 313 2112 347 nolim

1223 352 1387 386 scribere.
1427 352 1493 387 Eas
1528 355 1637 391 videre
1664 360 1768 402 ,poffis
1800 363 1885 405 apud
1915 363 2112 398 Facundum
2135 366 2286 407 Lib-2.c.3.

1220 402 1494 439 Hermianensem
1510 405 1723 451 Episcopum
1742 433 1749 440 .
1775 410 1873 445 Certe
1892 413 1915 445 fi
1940 414 1992 448 vel
2004 413 2112 458 Ephe-

1221 453 1285 486 fina
1301 454 1350 487 vel
1364 452 1642 491 Chalcedonensis
1667 458 1820 501 Synodus
1834 460 1987 505 Capitula
2008 465 2111 499 admi-

1218 504 1323 537 sissent
1346 504 1381 536 in
1403 516 1563 540 canonem
1578 533 1589 548 ,
1614 508 1712 541 istum
1729 510 1942 546 Gennadium
1965 512 2108 550 Ecclesia

1218 565 1284 587 non
1313 565 1517 589 veneraretur
1543 568 1579 591 ut
1606 560 1760 593 Sanstum
1781 584 1792 601 ,
1831 560 1883 595 sed
1911 564 2107 601 aversaretur

1214 614 1252 638 ut
1274 605 1567 641 calumniatorem.

1266 653 1310 688 Et
1349 654 1486 690 adducta
1531 658 1565 692 in
1595 661 1797 696 contrarium
1823 673 2015 708 argumenta
2034 676 2106 700 non

1214 705 1391 739 evincunt.
1421 707 1542 742 Omnis
1565 710 1624 744 iste
1638 723 1727 746 error
1749 713 1790 746 ab
1803 712 2001 757 Imperatore
2011 715 2105 758 Justi-

1214 755 1316 789 niano
1347 754 1438 789 ducit
1449 758 1633 803 originem.
1659 761 1729 797 Hic
1752 773 1788 797 ut
1799 762 1966 808 Vigiliutn
1979 763 2103 809 Papam

1211 816 1249 838 ac
1273 805 1395 840 latinos
1410 807 1587 852 Episcopos
1607 811 1647 845 ad
1669 812 1729 847 tria
1750 812 2026 848 Chalcedonensis
2045 817 2103 859 Sy-

1211 855 1458 900 nodiCapitula
1481 858 1865 904 damnandainduceret,
1893 865 2027 909 vulgare
2038 876 2104 901 coe·

1210 905 1258 948 pit
1272 930 1282 945 ,
1308 906 1341 940 ὃς
1352 908 1537 950 persuadere
1548 909 1670 945 studuit
1683 913 1928 957 SanstiCyrilli
1942 914 2100 958 Capitula.

1183 979 1186 982 -
1211 956 1302 990 fuisse
1324 957 1458 1000 probata
1480 958 1694 995 Chalcedone
1712 986 1722 1001 ,
1755 964 1788 997 <Sc
1808 973 1877 998 tam
1904 962 2101 999 Theodore-

1209 1016 1280 1044 tum
1294 1031 1304 1046 ‚
1330 1018 1426 1050 quam
1441 1008 1531 1044 Ibam
1545 1013 1599 1045 sua
1609 1012 1650 1047 de
1663 1014 1735 1056 ipfis
1747 1013 1830 1049 Acta
1842 1015 1875 1048 &
1889 1013 2014 1057 Scripta
2028 1014 2101 1049 istic

1208 1055 1380 1099 abjurasse.
1407 1060 1486 1095 Fuit
1506 1062 1746 1097 circumventus
1768 1063 1986 1099 &Theodoro
1999 1064 2101 1099 Caesa·

1209 1107 1307 1139 reenfi
1322 1109 1408 1151 apud
1420 1109 1634 1154 Cappadoces
1658 1114 1824 1157 Episcopo
1837 1139 1848 1155 ,
1874 1126 1912 1148 ac
1924 1114 1994 1157 ejus
2006 1115 2100 1158 Sym·

1208 1156 1339 1199 mystis.
1367 1158 1480 1207 Qm
1503 1159 1609 1195 foedos
1632 1162 1684 1196 illi
1698 1174 1736 1197 ac
1755 1164 1823 1205 ejus
1838 1164 1955 1198 Edicto
1975 1176 2099 1200 errores

1208 1206 1444 1249 impresserint,
1471 1209 1559 1245 lucet
1577 1212 1720 1254 exiliis,
1746 1224 1816 1256 quae
1837 1212 1956 1258 scripfit
1968 1213 2008 1248 de
2020 1215 2099 1248 San-

1205 1258 1257 1290 eto
1279 1257 1429 1292 proterio
1451 1258 1679 1297 Alexandrino
1705 1263 1895 1308 Episcopo:
1922 1264 2010 1298 Eum
2025 1265 2098 1299 scri-

1206 1307 1262 1349 pfit
1275 1308 1418 1342 occisum
1447 1321 1523 1344 ante
1534 1311 1692 1347 Martiani
1714 1314 1891 1357 Imperium
1903 1338 1914 1354 ,
1939 1326 1977 1349 ac
1989 1315 2099 1358 Syno-

1204 1356 1284 1390 dum
1300 1356 1627 1394 Chalcedonensem.
1655 1363 1758 1408 Qod
1779 1364 1879 1407 igitur
1892 1363 1958 1398 haec
1971 1365 2004 1398 in
2027 1366 2096 1408 ipsa

1205 1407 1279 1441 fidei
1293 1407 1488 1442 definitione
1502 1410 1605 1444 solam
1623 1412 1800 1446 secundam
1816 1412 1857 1447 ad
1879 1412 2073 1447 Nestorium
2085 1438 2097 1455 ‚

1206 1468 1264 1491 nec
1288 1469 1357 1492 non
1385 1458 1419 1493 ὅτ.
1442 1458 1538 1494 Pacis
1557 1461 1742 1504 Epistulam
1757 1484 1768 1501 ‚
1795 1474 1864 1496 non
1882 1472 1993 1497 autem
2015 1462 2098 1499 duo·

1204 1508 1312 1541 decim
1338 1509 1494 1551 Capitula
1520 1510 1704 1553 probaverit
1724 1535 1735 1552 ,
1761 1512 1806 1546 est
1831 1512 1928 1546 nimis
1957 1513 2095 1548 manife-

1203 1557 1285 1591 stum
1298 1583 1305 1590 .
1343 1559 1478 1593 Interim
1493 1558 1618 1605 Vigilii
1641 1573 1729 1596 error
1749 1561 1795 1596 est
1818 1561 2026 1607 digniffimus
2044 1574 2095 1597 ve-

1203 1607 1255 1642 nia
1270 1633 1277 1640 .
1305 1608 1486 1644 Rationem
1503 1611 1569 1654 ipse
1580 1611 1636 1646 dat
1652 1613 1685 1645 in
1699 1613 1757 1646 suo
1769 1624 1829 1656 pro
1839 1612 1943 1647 tribus
1954 1613 2093 1658 Capitu-

1202 1655 1240 1691 lis
1251 1658 1445 1694 Constituto
1456 1674 1467 1694 .·
1494 1663 1580 1705 ,Quia
1596 1665 1710 1696 Graecae
1724 1661 1941 1707 linguaesumus
1966 1669 2090 1708 ignari,

1202 1719 1276 1741 nunc
1284 1717 1342 1751 per
1355 1710 1464 1750 nostros
1477 1733 1488 1749 ‚
1514 1717 1565 1754 qui
1581 1712 1727 1755 ,ejusdcm
1745 1715 1857 1757 {inguae
1877 1715 2019 1748 videntur
2036 1711 2091 1746 ha-

1201 1759 1265 1792 bere
1277 1765 1414 1792 notitiam
1426 1785 1436 1800 ,
1463 1761 1549 1799 Gesta
1564 1763 1670 1796 sanc‘li
1699 1763 1940 1806 Chalcedonensis
1963 1765 2090 1797 concilii

1199 1814 1232 1841 in
1244 1810 1439 1848 synodalibus
1454 1812 1614 1846 Codicibus
1631 1815 1844 1856 diligentiffime
1855 1820 2066 1858 perquirentes
2076 1838 2089 1856 ,

1199 1860 1254 1890 &a
1276 1859 1406 1892 Eodem
1427 1869 1573 1903 tempore
1593 1864 1712 1906 scripsit
1735 1865 1769 1897 in
1783 1866 1841 1897 suo
1853 1864 2021 1906 Breviario
2034 1865 2092 1898 Li-

1199 1907 1328 1942 beratus
1342 1908 1538 1944 Diaconus:
1565 1913 1724 1954 ,Quaerenti
1744 1914 1862 1954 plenius
1881 1912 1959 1957 scire
1982 1916 2091 1947 Latro·v

1198 1963 1275 1988 cinia
1288 1958 1367 1999 Di0s
1361 1964 1418 1990 cori
1430 1965 1463 1991 in
1476 1959 1542 2001 ipsa
1551 1963 1571 1992 5
1566 1963 1658 1997 ynodo
1664 1970 1843 2003 perpetrata
1855 1986 1866 2001 ,
1888 1969 1993 2004 prima
2004 1963 2087 1996 Ac'iio

1198 2007 1302 2044 synodi
1317 2007 1558 2047 Chalcedonensis
1570 2032 1580 2049 ,
1608 2015 1641 2042 in
1655 2021 1714 2052 qua
1724 2023 1775 2044 nec
1785 2014 1961 2045 nominandi
1982 2011 2087 2055 secun-

1197 2057 1229 2087 di
1253 2055 1393 2097 Ephefini
1416 2060 1541 2092 concilii
1557 2065 1686 2094 recitata
1699 2060 1774 2104 sunt
1797 2062 1872 2094 Aeta
1895 2087 1905 2103 ,
1932 2064 1967 2096 (9'
1991 2062 2086 2102 Gestis

1197 2103 1332 2148 inserta,
1358 2108 1467 2150 legenti
1475 2115 1574 2143 omnia
1587 2133 1599 2150 ,
1619 2111 1779 2152 plentffime
1792 2111 1967 2155 innoteftet.
1995 2117 2087 2146 Nam

1197 2166 1247 2188 nos
1259 2156 1313 2196 ista
1324 2159 1612 2198 nuperAlexandr-iae
1625 2162 1663 2194 de
1673 2164 1776 2195 Graeco
1784 2167 1818 2194 in
1830 2166 1972 2196 Latinum
1985 2171 2057 2196 tran
2055 2161 2086 2205 fi

1195 2207 1260 2238 lata
1277 2205 1459 2249 suscepimus
1488 2235 1495 2243 .
1524 2210 1636 2258 Quare
1662 2210 1809 2256 Vigilius
1833 2211 2087 2248 Chalcedonen-

1197 2257 1238 2290 sia
1265 2257 1503 2293 Aeta-scrutari
1529 2271 1599 2296 non
1623 2263 1754 2305 potuit,
1781 2262 1834 2296 sed
1855 2262 2088 2297 alienisoculis

1196 2304 1309 2340 debuit
1332 2308 1485 2350 credere,
1513 2320 1613 2355 atque
1638 2312 1683 2346 ita
1706 2311 1724 2345 ὲ
1739 2313 1839 2346 trium
1855 2313 2088 2357 Capitulorum

1195 2357 1354 2391 osoribus
1378 2358 1440 2393 fuit
1462 2360 1722 2405 circumscriptus
1737 2387 1744 2394 .
1774 2363 1819 2396 Et
1842 2360 1908 2396 haec
1921 2362 1967 2396 est
1980 2363 2087 2401 ratio,

1194 2418 1251 2440 cur
1261 2407 1330 2451 ejus
1340 2408 1514 2444 Diaconus
1527 2422 1565 2445 ac
1576 2411 1691 2454 Nepos
1718 2412 1872 2446 Rusticus
1884 2411 1967 2447 Asta
1980 2412 2038 2446 ista
2051 2413 2087 2446 iu

1196 2457 1354 2490 Latinum
1382 2457 1580 2493 transtulerit
1605 2486 1611 2492 .
1650 2458 1795 2494 Acceffit
1822 2462 1855 2494 ἀ
1876 2461 1941 2494 alia
1976 2462 2086 2497 ratio.-

1194 2506 1297 2553 Qod
1321 2516 1438 2550 nempe
1465 2508 1692 2556 Alexandrina
1716 2510 1889 2544 translatio
1912 2521 1981 2544 non
2007 2513 2087 2546 esset

1195 2556 1301 2590 fidelis
1316 2580 1326 2595 ,
1351 2565 1408 2590 aut
1421 2567 1568 2591 accurata
1580 2582 1588 2589 .
1614 2558 1664 2591 Ita
1677 2568 1745 2591 non
1762 2559 1898 2593 obscure
1911 2560 2085 2604 colligitur

1192 2616 1231 2639 ex
1245 2603 1478 2639 subnotatione
1502 2606 1789 2649 praefatiRustici:
1817 2609 1957 2649 Explicit
1976 2615 2083 2650 prima

1192 2660 1314 2699 cognitio
1325 2653 1567 2695 Chalcedonensis
1583 2656 1708 2688 concilii
1714 2681 1725 2697 ,
1753 2669 1821 2699 quae
1841 2657 1956 2699 finita,
1985 2670 2084 2692 emen·

1193 2706 1267 2738 data
1280 2730 1290 2745 ,
1317 2706 1351 2737 Θ·
1377 2705 1481 2738 collata
1501 2705 1539 2745 est
1554 2717 1633 2738 anno
1655 2709 1776 2739 Domini
1797 2707 2081 2751 quadringentefimo

1191 2752 1420 2798 quinquagesimo
1443 2753 1532 2798 sexto
1545 2780 1555 2796 ,
1582 2756 1749 2790 duodecimo
1770 2758 1926 2790 Calendas
1940 2758 2079 2800 Aprilis,

1184 2805 1269 2846 feria
1279 2812 1388 2847 quarta
1399 2829 1411 2845 ,
1437 2805 1600 2838 Indiffione
1613 2817 1691 2839 nona
1704 2831 1711 2838 .
1737 2806 1871 2846 Rusticus
1877 2816 1934 2850 por
1943 2814 2081 2852 gratiam

1192 2859 1250 2889 Det
1273 2858 1424 2888 Diaconus
1447 2855 1566 2889 samia
1589 2854 1725 2897 Ecclefiae
1745 2861 1889 2891 Romanae
1911 2881 1922 2897 ,
1946 2860 2079 2901 contuli,

1189 2909 1358 2946 armatam,
1388 2906 1421 2937 di
1446 2910 1517 2938 inxi
1531 2931 1538 2938 .

1238 2956 1346 2990 Manu
1361 2955 1496 2998 scriptus
1507 2979 1518 2995 ,
1545 2956 1656 2999 primae
1670 2956 1821 2992 Aetionis
1831 2966 1956 3001 partem
1972 2958 2078 2993 conti-

1190 3016 1269 3040 nens
1282 3030 1293 3046 ‚
1319 3004 1473 3038 Thuanae
1485 3005 1570 3049 apud
1582 3006 1720 3042 Parisios
1735 3006 1942 3043 bibliothecae
1954 3009 2074 3042 Codex

1188 3055 1309 3090 dicitur
1333 3054 1449 3102 habere
1470 3054 1558 3090 hanc
1590 3056 1857 3093 subnotationem
1877 3084 1883 3091 .
1911 3060 2077 3100 Explicue-

1188 3114 1259 3140 runt
1269 3117 1337 3148 qua·
1351 3113 1419 3138 ante
1431 3105 1518 3145 Gesta
1533 3108 1685 3150 praemiffo
1705 3106 1777 3151 sunt
1788 3134 1795 3140 .
1823 3114 1917 3143 Nunc
1927 3114 2075 3151 incipiunt

1189 3156 1276 3196 Gesta
1295 3161 1397 3198 prima
1427 3157 1551 3188 Concilii
1581 3156 1824 3201 Chalcedonensis
1846 3185 1853 3191 .
1882 3158 2015 3197 Rusticus
2036 3169 2075 3191 ex

1189 3210 1312 3240 Latinis
1336 3206 1496 3238 &Graecis
1522 3207 1744 3249 exemplaribus
1757 3234 1768 3249 ‚
1796 3210 1929 3242 maxime
1948 3211 2074 3241 Acaeme·

1188 3255 1274 3296 tenfis
1288 3255 1456 3295 Monaslerii
1467 3280 1478 3295 ,
1504 3259 1678 3290 emendavi.
1706 3260 1833 3293 Com-ilii
1852 3257 2080 3294 Cbalcedonens

1182 3305 1222 3347 fis
1237 3306 1315 3338 Aelio
1329 3311 1434 3346 prima
1458 3310 1490 3337 in
1501 3313 1616 3339 nomine
1629 3311 1751 3342 Domini
1771 3308 1858 3349 nostri
1865 3310 1898 3352 J
1900 3305 1947 3349 esu
1959 3306 2071 3347 Christi

1187 3361 1274 3398 coepit
1286 3356 1439 3390 emendari
1452 3358 1605 3391 Calendas
1618 3364 1745 3394 martias
1756 3360 1865 3393 decimo
1875 3381 1886 3400 ‚
1911 3356 2071 3392 indictione

1949 3407 2021 3443 duo-

2106 1894 2181 1932 Cap.
2203 1903 2236 1924 n.
2246 1911 2254 1923 .
