2320 3730
617 171 925 225 Senot-11⁵,
962 182 1025 213 ET
1060 165 1254 214 Noa-ts
1290 166 1677 212 ntus-ritate.

225 249 440 298 tamquefidem
451 253 483 284 ln
494 255 528 284 N
531 253 603 285 icaea
613 251 771 294 expositam
783 256 803 284 ὸ
817 254 837 285 5
838 252 933 285 ant‘t'ls
946 250 1090 284 Patribus

224 307 265 339 ab
272 303 402 338 omnibus
411 301 646 343 confirmandam
659 328 667 334 .
695 303 836 346 Joannes
847 303 903 336 ille
913 301 1105 346 appellatur*

226 352 398 396 Magister,
429 351 603 386 &additur
627 366 634 385 :
660 356 725 396 ,Qui
745 362 816 386 tunc
837 357 941 385 Comes
964 355 1092 383 omnium

224 407 448 445 Largitionum.
476 403 554 436 Erat
573 413 742 445 promotus
762 403 798 436 in
820 402 1015 445 Magistrum
1032 400 1091 434 Of-

222 452 393 486 ficiorum.
421 453 550 486 Clarius
561 453 594 486 id
606 452 727 486 lucebit
738 452 873 486 inferius
883 475 890 483 .

274 502 384 545 Hujus
405 502 669 540 interlocutionis
691 501 799 535 lucida
830 502 864 534 δε
891 499 1028 544 insignis
1048 497 1093 532 est

222 554 382 587 memoria
392 554 492 586 etiam
511 554 544 586 in
567 552 681 587 litteris
697 576 707 591 ‚
733 562 811 593 quas
832 550 873 583 de
887 550 1023 592 Ioannis
1037 547 1093 582 hu-

223 604 272 647 jus
285 603 370 646 apud
383 602 546 645 Ephesum
564 602 653 636 Actis
669 601 801 634 sanetus
812 600 959 643 Cyrillus
972 599 1094 641 scripsit

225 655 266 687 ad
281 651 687 696 Constantinopolitanum
699 651 835 685 Clerum
855 661 891 683 ac
902 649 1065 692 Populum
1082 662 1093 681 .-

226 709 305 737 Cum
334 701 624 746 Magnificentiffimus
646 705 701 733 Vir
720 699 798 733 nihil
823 712 881 733 non
906 704 1071 733 tentaverit
1084 722 1095 738 ,

225 765 283 797 quo
294 758 438 799 Joannes
450 751 679 787 Antiochenus
701 750 902 794 Episcopus,
929 751 1098 792 &quicum

224 816 258 838 eo
275 803 371 847 sunt,
396 808 428 836 in
437 801 555 835 Sanllae
575 802 678 840 synodi
690 804 933 834 communionem
953 805 1097 841 recipian-

226 864 277 889 tur
288 879 299 895 ‚
326 860 359 887 in
367 852 534 886 hodiernum
545 849 635 894 usque
647 853 726 885 diem
748 862 785 884 ne
794 853 900 884 audire
913 851 1032 893 quidem
1046 848 1099 881 hu-

220 902 352 947 jusmodi
374 913 471 935 vocem
481 900 675 936 Orthodoxi
688 901 843 945 Episcopi
855 925 867 941 ,
893 911 1000 935 veram
1022 908 1100 932 con-

214 954 395 987 stituentes
417 951 613 995 synodum,
634 950 835 995 sustinuerunt
854 976 867 993 ,
891 949 949 994 sed
967 948 1100 991 obsistunt

223 1004 345 1046 quidem
366 1008 503 1041 omnino,
526 1003 561 1036 (5
579 1003 705 1043 dicunt;
732 1005 818 1035 Fieri
841 1012 897 1034 non
912 999 1007 1042 potest
1031 1023 1041 1039 ,
1067 1007 1101 1031 ut

226 1054 272 1086 ad
288 1053 340 1085 boc
359 1057 519 1084 veniamus
539 1075 552 1091 ,
577 1050 633 1092 nisi
647 1051 728 1093 quod
745 1059 849 1084 contra
869 1052 962 1094 legem
981 1050 1021 1082 ab
1041 1050 1101 1082 illir

216 1102 340 1144 sallum
360 1100 399 1140 est
417 1101 594 1145 drffilvatur
611 1125 623 1142 ,
649 1112 685 1134 ac
703 1102 813 1140 synodo
836 1125 848 1141 ,
874 1110 1030 1142 tamquam
1050 1103 1102 1142 qui

225 1152 407 1194 deliquerint
427 1174 438 1191 ,
461 1149 609 1194 supplices
627 1152 766 1192 accidant
788 1174 799 1190 ,
823 1151 856 1184 (vt
877 1149 1046 1191 Nestorium
1066 1160 1102 1182 ac

227 1203 308 1235 illius
329 1203 469 1245 dogmata
489 1203 602 1243 scripto
622 1199 880 1235 anathematizent
903 1226 911 1233 .
938 1204 985 1233 Et
1002 1205 1034 1232 in
1054 1199 1103 1231 his

226 1250 372 1294 universa
392 1251 495 1290 synodi
512 1250 632 1291 consistit
650 1249 792 1289 instantia
804 1274 811 1281 .
861 1252 939 1282 Cum
959 1251 1030 1282 vero
1050 1248 1105 1280 hac

221 1301 278 1345 spe
289 1300 586 1345 Magnificentissimus
608 1300 658 1334 ille
669 1304 723 1332 Vir
727 1299 894 1341 frustratus
905 1301 971 1342 effet
983 1324 993 1338 ‚
1020 1299 1107 1331 aliud

224 1350 331 1394 rursus
353 1355 556 1394 excogitavit,
582 1351 617 1383 <5
638 1352 659 1382 ἃ
672 1349 784 1382 sanda
800 1351 911 1388 synodo
928 1354 1019 1390 petiit
1034 1374 1045 1389 ,
1071 1357 1104 1380 ut

222 1402 297 1445 fidei
317 1400 518 1443 expolitionem
529 1402 644 1442 Scripta
653 1398 710 1440 fibi
734 1398 911 1440 exhiberet3
938 1407 972 1431 ut
982 1409 1047 1431 cum
1058 1399 1104 1431 illi

225 1462 340 1494 quoque
361 1449 450 1492 ipfius
468 1447 594 1492 impulsu
614 1447 798 1491 adsenfiffint
818 1460 854 1482 ac
861 1447 1103 1492 subscripfiffent,

219 1499 365 1542 reversus
386 1500 495 1532 diceret
516 1511 523 1530 :
552 1500 666 1541 Redegi
683 1499 748 1531 illos¹
770 1505 804 1531 in
828 1504 994 1532 amicitiam
1017 1524 1027 1539 ,
1053 1503 1105 1541 qui

222 1550 366 1584 humanis
376 1546 498 1590 Offenfis
508 1553 587 1581 inter
602 1545 638 1590 se
649 1547 837 1588 diffidebant.
867 1556 928 1584 Hoc
938 1550 1105 1592 intelligens

222 1599 337 1636 -Sandla
361 1599 488 1637 synodus
512 1604 621 1632 iterum
641 1596 779 1640 surrexit
795 1622 805 1637 ‚
842 1596 954 1640 diserte
977 1600 1077 1631 dicens
1091 1613 1102 1632 ,-

228 1650 380 1684 Nolumus
402 1648 486 1682 nobis
507 1658 567 1682 met
588 1646 655 1690 ipfis
664 1659 730 1682 eam
739 1650 944 1682 contumeliam
957 1654 1105 1692 irrogare.

228 1706 304 1735 Non
314 1706 394 1735 enim
403 1709 556 1741 tamquam
571 1703 710 1732 Haeretici
730 1698 786 1733 buc
797 1704 894 1732 vocati
906 1697 1026 1742 sumus,
1049 1697 1110 1742 sed

229 1757 368 1785 venimus
385 1759 419 1783 ut
437 1749 531 1792 fidem
549 1749 702 1783 labantem
724 1760 760 1783 ac
780 1755 969 1794 exagitatam
976 1749 1111 1790 stabilia-

229 1813 314 1836 mus:
342 1803 448 1845 ,Quam
466 1800 500 1833 (tt
516 1798 717 1840 stabilivimus
738 1827 744 1835 .
772 1803 838 1833 Nec
859 1809 931 1842 opus
953 1800 991 1841 est
1015 1804 1111 1842 Impe-

230 1856 328 1886 ratori
339 1876 351 1891 ,
375 1860 409 1885 ut
416 1850 511 1892 fidem
539 1861 620 1884 nunc
639 1848 760 1892 distat,
784 1861 847 1883 cum
870 1849 1029 1893 hancftiat
1042 1875 1052 1890 ‚
1078 1851 1113 1883 (7

231 1908 265 1934 in
281 1913 317 1933 ea
339 1900 513 1941 baptizatus
535 1898 593 1940 fit.
623 1900 684 1932 sed
704 1899 826 1933 &illud
849 1910 960 1941 quoque
978 1898 1085 1942 J'ciatis
1099 1924 1110 1940 ‚

232 1958 337 1993 nempe
354 1961 419 1984 cum
434 1948 509 1990 fidei
530 1947 733 1990 expositionem
745 1958 950 1991 componerent
962 1974 972 1988 ‚
998 1954 1074 1982 inter
1081 1948 1113 1991 se

230 1999 425 2041 contendiffie,
454 2000 530 2033 &in
550 2009 586 2030 ea
609 1999 797 2031 altercatione
819 2005 909 2031 etiam
921 2010 998 2032 nunc
1012 1997 1115 2041 versa-

229 2056 275 2085 ri.
308 2054 394 2083 Nam
414 2049 470 2081 alii
482 2059 520 2080 ex
542 2048 605 2081 illis
615 2048 734 2081 Sant‘lae
748 2052 864 2091 Virgini
884 2050 1114 2090 appellationem

230 2102 384 2143 Det-parre
401 2099 559 2132 concedunt
571 2122 582 2138 ,
601 2100 655 2130 'ita
674 2108 775 2131 tamen
797 2106 831 2130 ut
843 2103 936 2131 etiam
947 2097 1113 2141 fateantur

231 2150 359 2184 bominis
382 2152 511 2181 Matrem
536 2160 546 2190 3
573 2147 627 2180 alii
653 2150 724 2181 vero
741 2146 862 2191 prorfies
883 2158 999 2192 negant
1022 2172 1034 2188 ‚
1061 2150 1117 2181 ad-

231 2203 365 2243 dumque
369 2203 541 2242 paratiores
549 2196 582 2240 se
595 2198 645 2241 effe
654 2222 664 2238 ‚
690 2207 724 2232 ut
740 2210 851 2231 manus
868 2196 943 2240 suas
957 2207 1115 2241 amputan-

231 2252 289 2283 das
298 2250 457 2293 praebeant
468 2272 480 2288 ‚
505 2258 595 2289 quam
604 2257 636 2282 ut
648 2246 814 2290 hujusmodi
824 2254 890 2281 voci
906 2247 1093 2292 subscribant
1109 2274 1117 2282 .

232 2300 345 2343 Ubique
354 2307 452 2334 autem
462 2303 589 2340 turpiter
594 2296 629 2340 se
633 2307 741 2341 gerunt
752 2323 763 2338 ,
790 2302 949 2332 Haereticos
966 2298 990 2342 s
985 2311 1000 2333 e
1015 2300 1116 2332 decla-

232 2359 354 2384 rantes.
384 2349 568 2394 Epistolam
578 2347 663 2383 hanc
673 2348 808 2383 sanstus
820 2349 969 2394 Cyrillus
997 2350 1118 2394 scripsit

239 2412 283 2434 ex
296 2400 434 2434 vinculis
449 2425 457 2431 .

285 2449 399 2481 Aliam
425 2448 519 2489 hujus
542 2448 805 2482 interlocutionis
826 2460 895 2482 non
907 2448 1119 2483 solummodo

236 2498 428 2533 memoriam
437 2522 447 2537 ‚
468 2497 518 2530 sed
529 2498 628 2530 etiam
640 2498 777 2539 primam
788 2498 951 2542 originem
964 2497 1119 2532 habemus

236 2549 272 2581 in
294 2547 442 2580 Relatione
458 2548 657 2579 Orientalium
675 2549 721 2579 ad
729 2551 938 2588 Imperatorem
952 2573 962 2588 ‚
987 2554 1031 2580 cui
1045 2550 1121 2586 sym-

235 2597 331 2631 bolum
340 2596 512 2630 santiorum
526 2601 560 2628 N
563 2601 720 2628 icaenorum
736 2599 865 2629 Parrum
873 2596 1099 2640 praeposuerunt
1109 2622 1119 2637 ,

236 2647 395 2689 referentes
416 2647 453 2680 de
475 2646 594 2679 Sanc‘lae
614 2647 648 2679 <5¹
660 2649 857 2679 oecumenica
870 2648 971 2685 synodi
984 2650 1119 2680 Decretis

233 2697 324 2741 super
348 2695 471 2736 libellis,
502 2707 572 2739 quos
595 2695 765 2736 Sane‘lifflmi
790 2698 914 2734 cyrillus
935 2699 1121 2731 &Memnon

238 2747 293 2790 ipfi
301 2747 481 2780 obtulerunt.
515 2750 590 2778 Fuit
602 2755 702 2779 autem
713 2748 827 2779 Relatio
840 2746 903 2780 haec
915 2749 961 2780 ad
973 2752 1120 2781 Irenaeum

238 2800 383 2830 Comitem
405 2797 505 2839 miffa‚
533 2797 566 2829 (ετ
584 2804 639 2837 per
660 2795 756 2840 ipsum
777 2801 950 2838 Imperatori
963 2796 1099 2831 exhibita
1111 2823 1118 2830 .

241 2847 387 2890 Cyrillus
406 2846 440 2880 &
451 2846 614 2879 Memnon
628 2845 646 2878 a
657 2846 747 2880 foedo
757 2872 767 2886 ,
794 2847 884 2890 quod
898 2848 969 2890 ipfis
979 2849 1120 2891 Joanne's

240 2896 475 2932 Antiochenus
507 2895 671 2930 inflixerat
691 2920 702 2936 ‚
728 2897 975 2941 degradationis
1005 2897 1118 2942 elogio

239 2946 348 2981 statim
370 2955 586 2990 provocarunt
606 2944 646 2979 ad
669 2946 840 2989 Synodum
865 2972 872 2979 .
900 2949 944 2981 Et
966 2948 1121 2991 Synodus

237 2995 364 3038 aliquid
374 2997 515 3031 decrevit
529 3009 539 3029 .·
568 2995 675 3030 Etiam
688 3008 763 3030 ante
774 2997 1004 3032 Romanorum
1017 2997 1121 3044 Lega-

243 3054 352 3079 torum
364 3045 538 3079 adventurn
550 3070 557 3077 .
583 3044 692 3080 Immo
705 3057 780 3083 ante
794 3047 971 3082 adventum
984 3049 1121 3091 Joannis

242 3095 388 3128 Comitis
401 3096 564 3130 Sacrarum
580 3096 810 3140 Largitionum
822 3123 829 3130 .
848 3099 891 3132 Et
902 3099 1032 3132 forfitan
1046 3103 1121 3133 ante

243 3145 413 3179 discessum
424 3145 552 3179 Irenaei.
584 3145 757 3193 Qudquid
767 3148 803 3181 fit
814 3173 825 3189 ,
852 3147 918 3183 haec
930 3149 1062 3183 Relatio
1073 3149 1119 3183 est

244 3194 570 3237 Constantinopolim
594 3196 683 3229 missa
700 3198 746 3231 ad
765 3196 870 3242 ipsum
891 3199 1031 3243 ideoque
1049 3199 1120 3243 post

243 3245 332 3278 illius
355 3255 396 3277 ex
418 3244 548 3286 Epheso
568 3244 710 3280 abitum.
738 3247 782 3281 Et
806 3248 876 3291 post
891 3250 978 3283 varia
989 3249 1120 3283 conclu-

243 3293 314 3328 dit:
344 3295 392 3326 Ad
409 3292 472 3327 baec
493 3296 636 3327 Pietatem
655 3297 782 3336 vestram
804 3298 909 3333 obnixe
929 3298 1119 3340 obtestamur,

243 3352 278 3378 ut
296 3343 429 3377 omnibus
450 3349 632 3385 praecipiat‚
657 3354 691 3377 ut
707 3346 777 3387 fidei
800 3352 833 3381 in
852 3356 975 3383 civitate
987 3354 1121 3384 Nifaena

244 3393 382 3437 exposit-e
395 3418 406 3433 ,
432 3404 520 3436 quam
540 3393 604 3426 huic
623 3406 732 3437 quoque
745 3397 884 3439 Epistolae
895 3400 997 3441 nostra·
1004 3409 1117 3443 praepo

343 3443 450 3484 christ.
466 3447 544 3487 Lupi
557 3449 653 3487 Opera
664 3448 771 3478 T.VII.

1903 181 1962 227 75

1150 247 1287 292 suimus,
1308 246 1499 290 subscribant
1521 273 1532 288 ‚
1559 249 1689 290 nihilque
1704 254 1891 295 peregrinum
1915 249 1970 292 ipsi
1981 251 2035 282 ad-

1151 297 1243 342 suant
1255 323 1265 339 ,
1292 309 1382 339 neque
1396 302 1553 331 Dominum
1575 298 1698 340 nostrum
1701 303 1732 343 J
1736 300 1812 341 esum
1822 300 1969 340 christum
1983 300 2034 341 effe

1152 358 1263 390 purum
1288 354 1443 383 Hominem
1465 350 1588 381 dicant.
1616 353 1702 380 Nam
1724 351 1758 382 (9·
1785 354 1862 383 Deus
1883 350 2035 392 perfellus

1155 398 1193 438 est
1207 423 1217 438 ‚
1244 399 1548 440 &Homoperfec‘lus.
1575 404 1684 441 Neque
1695 398 1962 433 ChriliiDeitatem
1981 408 2036 442 pa-

1157 448 1269 481 tibilem
1291 450 1448 483 inducant.
1476 453 1639 490 Utrumque
1658 453 1736 482 enim
1757 459 1838 490 aeque
1849 457 2038 482 temerarium

1158 498 1213 537 est.
1240 499 1374 537 Relatio
1398 499 1538 543 postulat
1561 500 1640 533 tria.
1669 497 1785 532 Primo
1800 520 1811 536 ‚
1837 506 1872 531 ut
1902 508 2039 542 utraque

1160 560 1230 590 pars
1253 550 1395 591 profiteri
1426 561 1463 583 ac
1483 547 1675 584 subscribere
1696 548 1846 591 jubeatur
1864 548 2039 582 Nicaenum

1160 597 1374 639 Symbolum.
1404 600 1559 639 Deinde,
1585 611 1622 633 ut
1646 599 1693 632 illi
1715 596 2039 642 nihilsuperaddatur

1130 658 1133 672 ι
1160 649 1384 690 peregrinum.
1412 649 1492 683 Hoc
1514 651 1581 690 est,
1609 658 1647 683 ut
1667 649 1866 682 damnentur
1888 658 1944 682 aut
1955 647 2043 682 certe,¹

1162 696 1401 739 proscribantur
1423 700 1545 743 cyrilli
1572 699 1742 743 Capitula.
1772 699 1950 733 Praesertim
1962 698 2045 732 duo-

1162 747 1326 786 decimum
1339 771 1350 787 ‚
1377 749 1467 790 quod
1488 750 1601 783 Deum
1613 774 1624 790 ‚
1649 750 1795 792 adeoque
1806 749 1953 792 &ipsam
1965 748 2045 782 Dei-

1163 805 1264 831 tatem
1284 797 1382 839 tradit
1394 797 1571 839 paffibilem
1585 801 1618 833 ἀ
1629 802 1748 843 paffam
1761 824 1768 832 .
1796 800 1876 834 Hoc
1887 799 1976 833 enim
1988 800 2047 833 Fa-

1163 847 1230 880 ἑὶίο
1240 846 1418 880 firmiffime
1430 847 1579 880 censebat
1597 849 1811 893 dogmatizari
1823 850 1864 884 ab
1875 850 1939 883 isto
1952 849 2048 892 Capi-

1165 897 1256 930 tulo.
1286 896 1330 930 Et
1350 896 1446 931 istam
1469 896 1687 940 suspicionem
1705 899 1882 941 postmodo
1895 899 2049 934 validiffi·

1165 946 1218 980 me
1237 948 1407 981 firmarunt
1430 948 1465 981 δε
1485 956 1646 981 auxerunt
1658 948 1805 989 quaedam
1828 949 1920 983 verba
1934 948 2051 984 Aeacii

1165 996 1387 1031 Melitinenlis
1402 997 1576 1041 Episcopi,
1603 996 1689 1040 apud
1711 995 1954 1033 Chalcedonem
1966 999 2052 1034 dieta

1168 1059 1280 1081 coram
1292 1048 1361 1090 ipso
1374 1047 1545 1090 Principe.
1573 1047 1708 1081 Relatio
1718 1045 1859 1089 postulat
1871 1049 1966 1082 tertio
1979 1074 1989 1090 ,
2016 1059 2054 1083 ut

1167 1108 1283 1132 omnes
1305 1097 1475 1132 Christum
1498 1097 1690 1131 Dominum
1712 1097 1925 1139 profiteantur
1944 1109 2055 1142 verum

1168 1159 1206 1181 ac
1229 1149 1402 1191 perfectum
1429 1147 1540 1181 Deum
1563 1172 1575 1188 ,
1602 1147 1787 1181 nullatenus
1814 1158 1931 1190 purum
1953 1146 2058 1180 homi-

1169 1209 1244 1231 nem
1260 1223 1265 1229 .
1294 1197 1455 1232 Credebat
1467 1199 1568 1232 etiam
1579 1197 1773 1232 Nestorium
1784 1197 1825 1231 ab
1839 1196 1905 1231 hoc
1916 1197 2058 1231 articulo

1172 1259 1240 1281 non
1265 1247 1449 1282 dissentire.
1478 1249 1522 1282 Et
1545 1247 1597 1282 his
1608 1248 1711 1282 tribus
1725 1247 1867 1282 admistis
1878 1247 2058 1291 spondebat

1170 1298 1240 1330 fore
1264 1298 1393 1340 plenam
1417 1309 1531 1341 pacem
1552 1323 1563 1339 ,
1591 1298 1780 1333 auferendas
1805 1309 1920 1332 omnes
1942 1296 2060 1331 discor-

1170 1346 1261 1387 dias,
1287 1345 1510 1382 exsufflandas
1531 1359 1647 1382 omnes
1667 1349 1910 1383 Damnationes
1923 1362 1933 1381 :
1960 1348 2061 1382 Nem·

1170 1409 1211 1441 pe
1226 1396 1398 1438 Nestorii,
1427 1399 1571 1440 Cyrilli,
1597 1410 1635 1432 ac
1646 1398 1858 1433 Memnonis.

1222 1448 1266 1481 Et
1293 1447 1488 1482 Concilium
1501 1447 1695 1484 Theodofio
1709 1462 1778 1484 non
1790 1448 1975 1493 displicuit.
2005 1449 2063 1482 Et-

1173 1497 1263 1531 enim
1275 1499 1365 1532 sacrae
1377 1500 1438 1532 suae
1452 1499 1587 1542 Juffioni
1602 1524 1613 1540 ,
1640 1511 1736 1542 quam
1749 1511 1802 1543 per
1823 1501 1983 1542 Joannern
1996 1499 2063 1531 Co-

1173 1549 1287 1581 mitem
1299 1549 1383 1582 misit
1394 1548 1435 1582 ad
1449 1560 1622 1593 utramque
1634 1560 1757 1592 partem
1774 1575 1784 1590 ‚
1809 1550 1879 1592 post
1891 1550 2064 1583 confirma·

1176 1609 1244 1632 tam
1267 1598 1365 1632 trium
1387 1601 1598 1641 personarum
1619 1600 1869 1633 damnationem
1903 1599 2035 1631 inseruit
2052 1611 2062 1629 .-

1177 1651 1232 1680 Ex
1258 1650 1327 1681 aliis
1348 1658 1446 1682 autem
1465 1651 1551 1690 apud
1560 1660 1615 1682 vos
1623 1649 1713 1692 gestis
1725 1653 1905 1693 agnovimus
1918 1647 2066 1686 Christia-

1179 1710 1250 1731 nam
1259 1709 1317 1731 vos
1326 1692 1546 1741 servarefidem
1566 1700 1600 1732 (a
1611 1699 1822 1733 rec‘litudinem
1830 1722 1841 1738 ,
1867 1710 1958 1741 quam
1970 1700 1988 1730 ᾶ
2004 1701 2068 1730 Pa·-

1180 1747 1495 1790 tribusomajoribus
1507 1745 1691 1791 accepimus,
1724 1761 1816 1792 quam
1827 1753 1917 1782 etiam
1939 1745 2069 1790 sanclis·-

1176 1797 1251 1840 fima
1263 1799 1392 1837 synodus
1408 1797 1467 1842 sub
1478 1799 1670 1840 Constantino
1681 1803 1773 1833 Divae
1784 1805 1933 1833 memoriae
1944 1799 2070 1833 celebra-

1182 1857 1215 1882 ta
1227 1847 1409 1891 consentiens
1431 1849 1635 1890 confirmavit.
1664 1850 1861 1892 ,Quamobrem
1870 1848 2071 1893 unusquisque

1183 1898 1371 1939 Sant‘ltfflmae
1381 1898 1488 1938 vestr'ae
1502 1902 1748 1943 congregationis
1768 1907 1885 1941 operam
1904 1900 1990 1932 dabit
2003 1924 2013 1940 ,
2039 1906 2073 1930 ut

1184 1954 1263 1981 omni
1284 1948 1475 1988 controversia
1494 1948 1593 1991 soluta
1604 1973 1615 1988 ,
1643 1948 1826 1992 omnibusque
1829 1947 1984 1991 scandalis
1997 1955 2076 1983 cxcix

1179 1996 1219 2039 fis
1241 2009 1308 2031 cum
1325 2003 1401 2039 pace
1419 2000 1455 2032 <a
1479 2000 1632 2031 concordia
1649 1998 1768 2031 domum
1779 2005 1969 2032 revertatur.
1997 1998 2075 2031 Ad·-

1186 2048 1301 2092 jungit
1321 2049 1352 2082 se
1364 2045 1430 2081 haec
1442 2048 1563 2082 sancire
1575 2060 1615 2082 ex
1628 2048 1717 2082 suasu
1733 2048 1850 2083 Aeacii
1862 2048 2075 2085 Berrhaeensis

1188 2098 1366 2142 Episcopi,
1392 2099 1449 2142 qui
1473 2109 1603 2143 propter
1625 2099 1750 2140 aetatis,
1778 2099 1936 2140 scientiae,
1964 2111 2001 2133 ac
2015 2111 2076 2132 ex-

1187 2148 1352 2192 perientiae
1374 2149 1588 2183 eminentiam
1610 2159 1690 2184 tunc
1709 2151 1866 2194 temporis
1875 2147 2052 2184 habebatur
2066 2173 2076 2189 ,

1188 2210 1226 2232 ac
1239 2198 1349 2241 paffim
1362 2199 1583 2243 appellabatur
1596 2199 1692 2234 Pater
1702 2212 1740 2235 ac
1752 2200 1911 2245 Magister
1923 2201 2078 2235 omnium

1189 2249 1427 2292 Episcoporum
1443 2275 1450 2281 .
1476 2250 1572 2285 Licet
1597 2250 1691 2285 Sacra
1714 2250 1831 2285 diserte
1852 2262 1920 2284 non
1943 2251 2077 2285 damnet

1189 2299 1308 2342 Cyrilli
1341 2299 1496 2347 Capitula
1518 2326 1528 2341 ,
1555 2311 1670 2335 eorum
1693 2310 1805 2335 tamen
1827 2301 2076 2335 damnationem

1189 2348 1297 2393 aperte
1316 2351 1472 2393 supponit
1493 2362 1530 2384 ac
1553 2351 1697 2385 involvit
1711 2377 1718 2384 .
1748 2351 1882 2386 Etenim
1902 2352 2078 2387 confirmat

1189 2400 1438 2434 damnationem
1464 2401 1610 2443 Cyrilli,
1635 2403 1751 2436 factam
1777 2403 1823 2437 ob
1850 2401 1914 2435 sola
1943 2402 2078 2445 Capitu-

1191 2448 1222 2480 la
1248 2471 1255 2479 .
1292 2448 1418 2480 Eadem
1455 2451 1582 2482 ratione
1614 2451 1768 2493 supponit
1809 2462 1908 2494 atque
1936 2452 2078 2484 involvit

1191 2497 1440 2530 damnationem
1452 2498 1580 2531 articuli
1596 2499 1760 2533 afferentis
1771 2500 1958 2534 Dominum
1970 2501 2078 2543 Jesum

1172 2545 1361 2592 ¹Christum
1389 2547 1452 2580 esse
1472 2559 1588 2590 purum
1614 2547 1786 2583 hominem
1808 2575 1815 2582 .
1845 2550 1937 2596 Qia
1960 2562 2078 2594 nempe

1172 2595 1360 2636 lconfirmat
1380 2596 1629 2631 damnationem
1659 2597 1805 2633 Nestorii
1826 2623 1836 2639 ,
1864 2601 2009 2635 damnati
2033 2600 2079 2635 ob

1172 2637 1175 2698 Ι
1190 2646 1287 2680 istum
1300 2646 1485 2681 articulum.
1510 2647 1653 2682 Aeacius
1668 2659 1796 2691 propter
1807 2650 1931 2684 senium
1944 2663 2011 2685 non
2028 2663 2082 2685 ve·

1191 2706 1282 2731 nerat
1295 2696 1462 2741 Ephesum
1477 2723 1483 2730 .
1512 2698 1606 2732 Hinc
1619 2698 1720 2744 igitur
1731 2698 1943 2734 Theodofius
1953 2701 2080 2735 Faciio-

1189 2748 1240 2781 nis
1273 2748 1451 2782 Relatione
1483 2749 1568 2783 mifit
1601 2748 1780 2787 Berrhaeam
1807 2776 1817 2791 ‚
1846 2751 1881 2784 δε
1906 2752 2079 2794 exquisivit

1188 2798 1279 2831 istius
1300 2797 1590 2841 Senis.judicium.
1613 2800 1658 2833 Et
1684 2799 1763 2843 quid
1776 2801 1832 2834 ille
1846 2810 1992 2844 poterat,
2018 2802 2078 2835 nifi

1192 2847 1327 2891 probare
1350 2850 1446 2883 Sensa
1470 2847 1596 2883 &Asta
1610 2850 1764 2893 Ioannis,
1791 2851 1837 2883 sui
1852 2851 2078 2894 Metropolitas

1188 2910 1226 2932 ac
1237 2897 1448 2934 Patriarchae?
1461 2900 1554 2934 Hinc
1567 2900 1668 2945 igitur
1680 2900 1889 2935 Relationem
1906 2902 2078 2936 aestimavit

1189 2948 1344 2992 Princeps
1358 2973 1369 2989 ,
1394 2950 1428 2983 δε
1447 2962 1488 2984 ex
1509 2950 1575 2993 ipsa
1588 2950 1741 2984 formavit
1753 2952 1839 2985 suam
1854 2952 2000 2984 Sacram.
2032 2953 2076 2985 Et

1189 2997 1268 3033 huic
1280 2999 1433 3042 adjunxit
1444 3000 1562 3034 Aeacii
1573 3000 1613 3034 ad
1625 3002 1655 3033 se
1665 3002 1830 3043 rescriptas
1841 3001 1970 3035 litteras.
1994 3001 2077 3047 Qae

1187 3049 1300 3083 omnia
1312 3051 1423 3092 paucis
1436 3050 1551 3084 diebus
1563 3061 1629 3084 non
1644 3060 1820 3093 potuerunt
1832 3051 1943 3096 peragi
1956 3075 1966 3092 ,
1989 3050 2076 3085 ideo-

1188 3111 1252 3143 que
1277 3100 1370 3133 Sacra
1392 3101 1523 3135 videtur
1544 3112 1612 3133 non
1635 3101 1730 3134 fuisse
1751 3101 1927 3145 expedita,
1953 3101 2011 3135 nifi
2033 3102 2076 3136 ad

1187 3151 1288 3184 finem
1324 3150 1399 3193 Julii
1428 3175 1440 3190 ‚
1477 3151 1618 3194 Joannes
1647 3149 1775 3186 Comes
1806 3163 1877 3186 non
1913 3151 2076 3186 advenisse

1189 3198 1354 3243 Ephesum
1366 3226 1377 3242 ‚
1390 3201 1447 3234 nifi
1459 3201 1542 3234 circa
1554 3200 1700 3234 medium
1713 3201 1873 3246 Augusti.

1237 3249 1340 3284 Porro
1359 3251 1517 3294 ipseupost
1541 3250 1741 3293 publicatam
1766 3253 1867 3287 trium
1891 3251 2076 3296 Episcopo-

1187 3312 1259 3334 rum
1278 3299 1548 3340 damnationem,
1577 3301 1724 3345 ipsosque
1748 3301 1991 3337 in⁴custodiam
2016 3312 2076 3334 tra.-

1186 3351 1273 3384 ditos
1285 3376 1295 3392 ‚
1323 3361 1461 3385 conatus
1480 3349 1526 3384 est
1539 3350 1679 3393 reliquos
1706 3351 1871 3396 utriusque
1885 3352 1981 3397 partis
1993 3350 2074 3384 Prae·

1189 3400 1268 3435 sules
1287 3401 1450 3443 adunare,
1475 3412 1514 3436 ac
1535 3402 1708 3445 praesertim
1729 3402 1877 3438 Nestorii
1891 3404 2077 3437 Damnate-

1634 3452 1668 3485 G
1718 3463 1741 3488 2
1939 3449 2026 3487 ribus
