2320 3730
365 170 458 230 308

295 260 334 291 ut
346 251 458 295 legens
468 254 572 292 atque*
583 249 777 294 pertuaaans
788 250 931 286 celeriter
942 247 1036 281 nobis
1046 270 1057 286 ,
1083 244 1174 288 quod

293 299 472 345 placuerit,
497 299 692 336 demandare
708 300 853 347 digneris
875 321 887 336 ‚
912 297 948 332 ὅ(
970 293 1050 338 quid
1077 304 1174 338 ³80oe

290 349 466 385 debeamus
478 374 486 383 .
512 349 587 385 Nos
605 350 698 385 enim
719 361 761 384 ex
781 358 837 382 tua
848 344 1075 391 Religiofitate
1096 355 1171 388 pen-

287 397 403 434 dentes
413 424 425 441 ‚
449 410 525 436 curn
537 409 597 436 tuo
608 409 720 444 gerere
730 396 886 430 volumus
906 394 1057 429 universa
1068 393 1172 428 confi-

285 447 353 491 iio.
379 451 448 490 Ora
469 449 547 489 vero
557 449 633 487 ante
644 445 758 484 omnia
778 443 946 494 pronubis
960 468 975 489 ‚
997 444 1148 482 Domine
1161 470 1169 479 .

477 604 964 651 Senot1oN.

390 748 461 783 Αἶα
477 747 614 792 epistola
634 747 679 781 est
691 746 797 791 palam
809 746 1030 791 incompleta,
1056 746 1091 780 &
1103 744 1171 780 lau·

412 797 469 832 dat
484 797 584 838 alias,
609 808 681 842 quae
705 797 944 833 simulfuerunt
954 796 1073 838 misire,
1099 807 1166 830 ma-

276 847 339 893 gni
350 846 510 882 momenti
522 846 674 893 epistolas
683 858 766 892 quas
776 848 958 883 dolendum
970 847 1014 882 est
1026 846 1166 891 periisse.

275 897 336 931 Est
358 897 434 932 data
452 897 559 934 statim
578 898 650 942 post
673 898 783 933 Sancti
794 897 905 933 Procli
916 897 1167 932 inthronizatio-

273 958 354 982 nem
365 971 377 988 ,
403 957 581 993 antequam
604 948 747 992 Joannes
757 947 988 984 Antiochenus
998 946 1166 991 accepisset

270 997 343 1040 ejus
365 997 591 1042 synodicam.
618 998 729 1034 Docet
755 999 847 1042 plura
872 1025 879 1033 .
907 997 1020 1033 Primo
1041 1021 1052 1037 ‚
1077 996 1166 1040 quod

272 1047 409 1082 Sanetus
423 1048 558 1084 Proclus
566 1048 608 1083 ad
616 1048 819 1084 Orientalem
828 1050 1003 1084 Dioecefim
1014 1058 1084 1080 non
1097 1046 1167 1080 sim·

268 1098 353 1141 plici
377 1099 580 1134 &consueto
592 1109 685 1132 more
696 1122 709 1138 ,
736 1098 790 1131 sed
808 1100 899 1131 suam
909 1094 1108 1139 Synodicam
1121 1096 1167 1141 es-

268 1148 320 1181 set
341 1147 491 1182 misshrus
509 1158 589 1181 cum
608 1147 758 1188 adjuncta
780 1146 919 1180 terribili
943 1146 1037 1180 Sacra
1057 1167 1071 1185 ‚
1095 1156 1166 1189 quae

264 1195 387 1231 &mnes
404 1197 498 1231 illam
519 1206 590 1230 non
610 1194 822 1230 admittentes
845 1195 1026 1240 Episcopus
1040 1194 1166 1239 juberet

267 1246 346 1291 pelli
367 1245 386 1279 ὲ
407 1245 472 1280 suis
497 1245 667 1281 Ecclefiis.
696 1245 829 1291 Nempe
849 1245 925 1284 illos
941 1247 1000 1293 qui
1017 1244 1165 1281 Nestorii

268 1295 541 1340 degradationem
562 1320 574 1337 ,
599 1308 637 1331 ac
673 1296 878 1332 Maximiani
909 1296 1164 1332 Ordinationem

267 1346 449 1381 noluerant
460 1346 632 1383 admittere
646 1371 654 1379 .
682 1346 807 1382 Divina
819 1346 924 1392 gratia
934 1347 1057 1382 Proclo
1068 1346 1165 1390 inspi-

264 1395 350 1431 ravit
363 1396 451 1432 istud
464 1397 636 1433 confilium
645 1419 653 1427 ·
679 1396 817 1435 Etenim
827 1397 896 1441 ejus
906 1397 1164 1433 Ordinationem

266 1446 443 1482 admittere
458 1471 470 1489 ,
493 1457 561 1483 erat
581 1448 683 1483 etiam
704 1445 877 1483 admittere
897 1445 1164 1493 degradationem

265 1495 434 1530 Nestorii.
465 1495 620 1532 Secundo
631 1521 643 1537 ,
655 1497 792 1541 epistola
805 1497 903 1532 docet
911 1497 1068 1533 Proclum
1078 1497 1163 1540 apud

258 1556 382 1580 omnes
392 1545 529 1583 audiisse
552 1545 675 1582 eximie
693 1546 931 1582 Orthodoxum
943 1571 955 1589 ,
983 1548 1019 1584 δε
1038 1558 1165 1592 magnae

262 1593 478 1630 authoritatis
517 1597 612 1631 fuisse
631 1598 721 1641 apud
749 1597 940 1642 Principem
967 1623 975 1631 .
1013 1598 1059 1633 Et
1079 1596 1165 1633 certe

262 1644 359 1690 quod
380 1642 589 1681 Theodofius
619 1647 859 1683 exaltationem
884 1648 954 1693 ejus
977 1659 1166 1693 procurave-

223 1721 229 1726 -
260 1697 310 1731 tit
323 1719 336 1737 ,
363 1696 457 1740 supra
479 1695 683 1732 audivimus.
711 1697 834 1732 Tertio
847 1722 860 1739 ,
886 1697 976 1743 quod
988 1697 1165 1733 Helladius

260 1756 304 1781 ac
323 1745 382 1780 alii
410 1746 532 1781 factiosi
556 1747 599 1782 ab
620 1747 684 1782 isto
707 1747 907 1791 Episcopatu
926 1747 1111 1794 gravissime
1126 1750 1166 1783 ti-

262 1795 408 1831 muerint
431 1822 440 1829 .
478 1795 611 1845 Qarto
633 1821 647 1837 ,
673 1797 766 1839 quod
786 1797 964 1832 Helladius
985 1799 1071 1833 eirca
1096 1798 1165 1832 haec

261 1845 423 1880 vacillare
444 1846 577 1890 coeperit
591 1871 602 1887 ,
629 1845 771 1888 ideoque
790 1847 990 1882 consuluerit
1013 1849 1168 1892 Mopsue-

262 1896 417 1932 stiensem
439 1895 644 1938 Mestrium,
668 1896 901 1942 nequiffimum
924 1896 1164 1943 Architophel.

260 1945 404 1994 Qintd
426 1971 439 1987 ,
464 1947 556 1991 quod
578 1948 713 1981 Sanctus
737 1947 877 1982 Procius
898 1949 999 1983 etiam
1020 1948 1169 1984 Patroci-

264 2005 365 2030 nator
387 1995 504 2028 fuerit:
531 1995 664 2039 Utique
687 1995 777 2040 pacis
800 2008 838 2031 ac
857 1997 1052 2032 Patriarchae
1070 2001 1168 2042 Joan-

265 2045 321 2079 nis
333 2068 341 2077 .
369 2044 505 2080 Etenim
525 2056 643 2080 omnes
660 2044 710 2079 hae
728 2047 833 2081 Sacrae
853 2045 1005 2082 videntur
1024 2047 1165 2082 obtentae

269 2106 326 2143 per
345 2094 452 2139 ipsum
465 2119 474 2127 .

270 2440 478 2514 Epistola,
514 2443 690 2508 inquit,
727 2446 808 2490 Deo
843 2439 1075 2507 Amiciffimi
1109 2446 1168 2488 <9⁴

346 2508 586 2577 SanHiffi'rm'
608 2509 788 2582 Epfiopz'
817 2511 973 2560 Meletii
998 2512 1052 2561 ad
1071 2511 1169 2560 Hel-

347 2583 493 2633 {adium
517 2619 530 2643 ,
592 2603 630 2631 er
664 2600 779 2646 quam
814 2579 999 2649 refiripstt
1022 2618 1036 2642 ‚
1072 2582 1170 2649 quod

349 2671 455 2718 neque
506 2650 583 2720 ipe}
630 2652 679 2698 ab
723 2655 770 2698 eis
792 2688 806 2712 ,
844 2670 923 2718 quae
958 2649 1079 2719 ftmel
1108 2651 1169 2721 pic}

347 2721 498 2793 placita
522 2718 620 2786 fimt
638 2757 650 2780 ‚
687 2721 833 2786 abfistet
861 2758 873 2782 ,
910 2741 1017 2789 neque
1051 2723 1170 2771 crede-

353 2812 392 2840 re
421 2791 562 2859 justum
598 2787 676 2856 effit
711 2789 791 2849 his,
829 2796 891 2858 qui
925 2792 995 2840 illa
1019 2798 1171 2842 nuncia-

355 2877 520 2922 verunt,
559 2859 649 2908 dum
678 2877 747 2929 per
782 2876 890 2929 opera
924 2862 1008 2930 ipſse
1044 2864 1171 2912 docue-

357 2937 458 2995 rint,
496 2930 591 2997 quod
620 2947 774 3000 propter·
807 2947 951 2999 tempus
983 2932 1011 2980 ci
1045 2934 1172 2983 Procli

350 3005 431 3069 stm
455 2999 641 3072 suscitati
673 3001 888 3070 fautoribus
902 3038 915 3051 .

392 3143 504 3178 Ratias
527 3143 660 3187 quidem
684 3153 746 3179 tuae
767 3142 936 3191 Sanstitati
959 3153 1024 3190 ago
1045 3168 1056 3185 ,
1093 3145 1170 3181 Deo

419 3193 622 3228 Amiciffime
634 3194 782 3230 Domine
794 3195 864 3237 mi,
890 3194 979 3239 quod
999 3194 1073 3228 talis
1094 3207 1176 3230 curae

297 3240 470 3285 participes
491 3254 552 3277 nos
573 3243 742 3279 adsciscere
752 3245 907 3291 dignatus
923 3243 986 3279 est.
1012 3244 1090 3290 Ego
1099 3246 1175 3281 vero

299 3290 410 3331 adea,
436 3303 507 3335 quae
518 3303 607 3327 nunc
618 3293 733 3337 scripta
744 3297 837 3338 sunt,
864 3294 928 3330 hoc
940 3293 1096 3330 remando
1107 3306 1175 3331 tan-

298 3341 476 3379 tummodo
486 3365 498 3383 ‚
523 3341 612 3384 quod
624 3353 731 3389 neque
741 3343 830 3382 hunc
839 3370 851 3390 ,
862 3347 920 3392 qui
931 3344 1091 3382 beatificat
1102 3346 1180 3382 Ma·

483 2300 747 2352 CAPUT
784 2303 970 2352 CXLV.
1069 2191 1194 3183 :ank

699 165 1040 216 &santonum
1078 164 1331 212 PArrtuM
1364 163 1687 228 Emsrom,

1228 343 1279 379 est
1290 367 1302 385 ,
1326 345 1362 379 δε
1372 345 1429 390 qui
1441 356 1499 380 eos
1510 356 1569 389 pro
1580 344 1750 390 impietate
1758 350 1908 386 adversus
1917 354 2088 389 veritatem
2099 375 2115 394 2

1232 402 1536 441 quantumcumque
1546 397 1677 441 potuit,
1701 396 1852 442 adjuvit,
1875 411 1983 447 neque
2002 414 2114 449 quem·

1231 454 1330 486 quam
1353 447 1434 481 novi
1454 471 1467 488 ,
1493 447 1640 491 quisquis
1662 447 1700 481 fit
1723 470 1736 488 ,
1760 448 1817 490 qui
1837 448 1994 492 Ioannem
2012 462 2111 489 vocat

1231 494 1431 541 Episcopum
1445 522 1452 529 .
1480 497 1598 540 Neque
1608 496 1733 542 aliquid
1743 509 1858 533 eorum
1867 521 1878 539 ‚
1903 511 1976 544 quae
1990 503 2111 548 abipso

1228 543 1383 581 dicuntur
1393 570 1407 588 ,
1432 547 1559 590 accipio
1572 572 1580 580 .
1606 547 1668 582 Sed
1679 558 1740 582 nec
1756 549 1780 582 fi
1791 547 1944 596 Angelus
1955 549 1996 586 de
2005 553 2109 596 cutio,

1231 594 1407 631 secundum
1419 595 1504 632 beati
1516 597 1615 632 Pauli
1629 597 1828 642 Praeceptum
1839 624 1852 641 ,
1877 612 1932 635 me
1943 600 2113 645 persuade.

1230 655 1264 678 re
1276 646 1416 682 voluerit
1428 673 1435 682 .
1464 647 1556 683 Nam
1567 648 1591 682 fi
1601 648 1679 683 esset
1689 647 1763 684 vere
1771 649 1973 686 credendum
1984 675 1999 693 ,
2023 652 2114 696 quoa

1228 693 1316 730 idem
1337 697 1386 732 vir
1401 698 1595 733 Nestorium
1616 698 1694 734 Deo
1714 696 1959 736 Amiciffimum
1980 701 2116 746 Episco-

1229 757 1306 789 pum
1325 744 1455 783 haberet
1469 748 1689 793 Episcopum,
1714 749 1748 784 δε
1761 748 1903 794 cyrini,
1928 751 2115 787 deterioris-

1226 806 1289 839 que
1311 796 1353 832 ab
1372 809 1413 832 eo
1444 798 1578 842 Joannis
1597 800 1873 836 communionem
1897 802 2059 846 respueret
2078 810 2118 836 ut

1226 845 1439 883 Diabolicam
1462 872 1474 889 ,
1500 861 1543 884 ne
1564 859 1645 885 tunc
1673 850 1807 892 quidem
1838 862 1894 896 per
1915 850 2031 887 omnia
2063 850 2116 885 in·-

1225 896 1389 940 culpabile
1399 901 1483 934 foret
1507 899 1576 944 ejus
1588 900 1847 936 ordinationem
1867 901 2007 946 recipere
2019 925 2031 942 ‚
2055 900 2117 935 etfi

1226 947 1395 983 multoties
1415 948 1535 984 millies
1561 960 1640 986 ante
1659 949 1726 985 hoc
1752 949 1889 987 schisma
1908 951 2116 987 consecratus

1226 996 1289 1031 effe
1306 997 1433 1034 'dicatur
1454 1013 1466 1033 .·
1494 998 1547 1033 Εό
1569 999 1659 1043 quod
1680 999 1823 1034 omnino
1846 1001 1914 1036 haec
1937 1001 2051 1037 omnia
2071 1013 2114 1035 ex

1227 1047 1326 1090 priori
1338 1049 1581 1091 perturbatione
1589 1050 1623 1083 δε
1634 1049 1917 1086 inordinabilitate
1928 1074 1940 1091 ,
1951 1063 2007 1094 per
2014 1061 2114 1095 quam

1230 1098 1345 1130 cuncta
1365 1097 1515 1139 dirupta,
1541 1099 1575 1132 ἀ
1593 1099 1628 1131 in
1644 1098 1789 1134 invicem
1806 1112 1862 1143 per
1884 1110 1988 1144 partes
2011 1101 2115 1136 incisa

1229 1145 1302 1179 sunt
1314 1168 1325 1185 ,
1345 1146 1508 1188 pendeant
1521 1170 1532 1187 ,
1543 1145 1694 1190 nihilque
1704 1156 1811 1182 ratum
1822 1149 1860 1182 sit
1870 1149 2015 1193 legitime
2025 1150 2113 1195 apud

1226 1206 1301 1229 eos.
1327 1195 1448 1231 Forsan
1463 1206 1574 1231 tamen
1595 1194 1680 1230 nihil
1703 1196 1799 1232 nobis
1819 1209 1937 1233 nocere
1949 1197 2113 1235 videretur

1227 1244 1389 1288 injustitia
1402 1246 1459 1280 illa
1467 1270 1479 1287 ,
1492 1258 1562 1290 quae
1573 1247 1608 1280 in
1618 1245 1797 1282 Personam
1808 1249 1976 1283 commiffi
1988 1249 2030 1283 ab
2040 1249 2114 1284 aliis

1226 1295 1410 1336 videretur,
1436 1307 1520 1341 quos
1541 1296 1560 1330 ὲ
1581 1297 1690 1332 nostra
1712 1298 1854 1332 omnino
1874 1300 2114 1334 communione

1226 1344 1447 1388 suspendimus
1458 1359 1468 1389 ;
1495 1358 1585 1381 nunc
1595 1358 1706 1382 autem
1717 1347 1886 1389 quomodo
1898 1348 1973 1383 sane
1988 1347 2039 1383 his
2045 1360 2114 1384 cte-

1225 1395 1300 1430 dere
1321 1395 1500 1439 poterimus
1518 1418 1529 1436 ,
1563 1397 1792 1432 testimonium
1819 1397 1999 1432 serentibus
2020 1397 2112 1443 quod

1225 1445 1344 1480 existat
1364 1444 1593 1488 orthodoxus,
1618 1447 1675 1491 qui
1687 1446 1779 1492 pium
1800 1448 1953 1483 nominat
1971 1448 2114 1492 &Ioan-

1225 1506 1324 1537 nem,
1350 1495 1562 1533 &manifeste
1584 1496 1667 1532 dicit
1688 1497 1856 1540 quoddam
1867 1498 2044 1533 Decretum
2064 1498 2116 1533 di-

1227 1546 1403 1590 rigendum
1414 1547 1477 1581 esse
1489 1570 1501 1586 ,
1524 1558 1579 1590 per
1590 1546 1678 1590 quod
1690 1548 1736 1590 pii
1747 1559 1912 1592 cogantur
1921 1548 1991 1592 ejus
2000 1557 2114 1591 appro-

1224 1594 1300 1630 bare
1317 1595 1522 1639 Synodicum
1538 1620 1545 1627 .
1571 1595 1649 1640 Ego
1669 1595 1791 1641 igitur,
1815 1598 1894 1631 Deo
1909 1596 2113 1631 Amiciffime

1226 1645 1375 1680 Domine
1385 1646 1433 1679 mi
1446 1670 1458 1687 ,
1483 1656 1552 1680 non
1562 1644 1701 1680 abscedo
1711 1658 1730 1680 a
1741 1647 1842 1690 priori
1854 1647 2033 1688 sententia,
2054 1648 2110 1681 ne4

1223 1707 1287 1739 que
1297 1696 1405 1740 patior
1416 1695 1652 1730 conscientiam
1665 1706 1772 1730 meam
1792 1695 1828 1729 in
1839 1707 2048 1740 quocumque
2055 1696 2112 1731 de·

1223 1747 1351 1789 cipere,
1375 1745 1430 1780 etfi
1449 1755 1564 1780 omnes
1585 1746 1617 1779 se
1627 1743 1814 1780 dediderint
1835 1746 2110 1790 praesentissaeculi

1225 1795 1374 1834 vanitati,
1387 1806 1515 1839 propter
1526 1806 1602 1830 eum
1619 1795 1676 1840 qui
1686 1796 1767 1830 meir
1780 1795 1942 1840 principio
1952 1796 2087 1831 adscivit
2098 1819 2110 1836 ,

1226 1854 1262 1880 ut
1282 1845 1436 1881 devotam
1458 1846 1535 1880 Deo
1555 1846 1678 1880 servare
1708 1845 1856 1881 studeam
1874 1846 2110 1881 conscientiam

1226 1906 1332 1931 meam
1347 1919 1356 1929 .
1384 1895 1504 1940 Jamde
1515 1895 1643 1939 reliquo
1653 1894 1818 1940 quidquid
1838 1895 2004 1931 voluerint
2015 1906 2111 1941 agere

1226 1954 1341 1982 contra
1361 1957 1424 1981 nos
1437 1970 1448 1987 ,
1474 1946 1620 1989 ipsorum
1644 1947 1683 1981 fit
1707 1945 1774 1981 hoc
1795 1946 1832 1981 in
1853 1955 2002 1991 tempore
2022 1956 2112 1990 pote·

1225 1996 1314 2032 statis
1324 2021 1332 2029 .
1359 1996 1439 2031 Hoc
1451 1996 1558 2032 solum
1567 2006 1649 2041 rogo
1660 2021 1672 2039 ,
1684 2006 1721 2031 ut
1731 1997 1895 2033 consuetis
1906 1995 2112 2033 orationibus

1235 243 1419 280 ximianum
1431 268 1443 285 ,
1468 245 1526 290 qui
1545 258 1646 291 nuper
1660 250 1770 292 obiit,
1795 251 1915 296 quique
1930 251 1948 287 ὲ
1959 251 2113 297 Cyrillo,

1204 252 1266 1215 ‘Q'
1275 294 1323 330 eis
1337 318 1349 335 ,
1370 300 1426 338 qut
1435 306 1472 329 ea
1481 319 1493 335 ‚
1521 306 1592 339 quae
1602 297 1670 339 ejus
1681 300 1755 334 sunt
1766 302 1909 338 sentiunt
1918 325 1930 342 ‚
1941 303 2112 339 ordinatus

1240 2056 1291 2079 us
1303 2046 1401 2080 nobis
1423 2046 1591 2088 cooperari
1602 2047 1748 2091 digneris
1756 2073 1765 2082 .

1362 2388 1445 2425 nine>
1456 2393 1609 2435 cespitare
1628 2394 1761 2437 coeperir
1770 2417 1783 2433 ,
1808 2405 1845 2428 ac
1856 2394 2033 2428 Meletium
2045 2405 2114 2438 per-

1229 2451 1362 2475 movere
1373 2466 1384 2482 ,
1407 2440 1447 2476 ad
1459 2439 1698 2477 admittendam
1711 2440 2026 2479 inthronizationem
2036 2443 2116 2478 San-

1230 2491 1272 2526 ἐὶί
1285 2489 1414 2525 Procli.
1442 2489 1610 2526 Per-duas
1623 2493 1785 2528 rationes.
1813 2493 1917 2541 Qod
1927 2495 2005 2528 esset
2019 2491 2116 2537 plene

1229 2538 1472 2583 Orthodoxus,
1497 2542 1632 2586 &quod
1646 2566 1659 2584 ,
1684 2541 1762 2578 iicet
1774 2541 1959 2587 nuperrime
1982 2543 2115 2587 quidem

1229 2588 1487 2630 inthronizatus,
1512 2591 1591 2626 effer
1609 2602 1720 2627 tamen
1742 2592 1819 2628 ante
1842 2591 1901 2628 has
1921 2593 1996 2628 lites
2006 2593 2115 2627 conse-

1228 2649 1331 2676 cratus
1354 2640 1535 2684 Episcopus
1556 2653 1564 2673 :
1592 2641 1696 2687 Qod
1720 2641 1789 2684 ejus
1811 2642 2014 2676 consecratio
2036 2642 2115 2685 esset

1228 2691 1311 2727 fasta
1323 2688 1364 2724 ab
1373 2688 1581 2724 Orthodoxis
1591 2713 1603 2730 ,
1630 2690 1648 2724 a
1659 2690 1746 2733 puris
1755 2689 1798 2725 ab
1807 2691 1902 2726 omni
1914 2692 2000 2735 lepra
2010 2689 2117 2726 Schis-

1230 2741 1346 2781 matis,
1372 2747 1428 2775 aut
1439 2738 1870 2775 haereticaecommunionis.
1897 2741 2013 2775 Fuerat
2024 2741 2118 2775 enim

1229 2791 1247 2825 a
1270 2790 1421 2835 proximo
1432 2787 1577 2824 Nestorii
1591 2788 1824 2832 Anteceffore,
1851 2791 2054 2826 consecratus
2073 2790 2115 2825 ad

1231 2840 1429 2885 Cyzicenam
1444 2839 1637 2875 Ecclefiam.
1668 2839 1718 2875 At
1730 2840 1808 2875 vero
1819 2841 1975 2883 Meletius
1985 2842 2116 2887 respon-

1232 2890 1280 2926 dit
1290 2889 1373 2926 varia
1383 2915 1391 2923 .
1417 2889 1548 2929 Primo,
1577 2889 1667 2933 quod
1678 2890 1697 2924 a
1709 2890 1803 2930 rebus
1817 2889 1882 2925 huc
1894 2893 1996 2935 usque
2008 2887 2116 2925 decre-

1233 2943 1274 2976 tis
1296 2953 1337 2977 ex
1359 2939 1450 2975 nulla
1474 2942 1568 2975 causa
1592 2941 1672 2975 velit
1695 2940 1863 2976 recedere.
1891 2940 1994 2986 Qod
2009 2940 2114 2980 solus,

1235 2992 1310 3026 licet
1331 3001 1446 3026 omnes
1466 2991 1698 3032 retrocedant,
1724 2991 1764 3025 fit
1786 2992 2027 3035 permansurus.
2053 2991 2116 3026 See

1236 3040 1346 3077 cundo
1368 3065 1379 3082 ,
1406 3040 1496 3085 quod
1517 3042 1629 3077 Procli
1645 3041 1883 3085 Episcopatum
1905 3041 2001 3076 nullo
2021 3040 2117 3085 palio

1238 3091 1312 3127 velit
1332 3091 1523 3126 admittere.
1545 3093 1610 3130 Ex,
1624 3091 1721 3126 variis
1733 3091 1850 3127 caufis.
1876 3090 2010 3133 Primo,
2036 3091 2119 3136 quia.

1237 3143 1425 3177 defunctum
1438 3141 1684 3178 Maximianum
1696 3141 1806 3177 scribit
1818 3141 1967 3178 Beatum·
1998 3142 2121 3177 Secun-

1237 3191 1282 3227 do
1294 3217 1304 3234 ,
1322 3191 1398 3237 quia
1419 3192 1579 3234 Ioannem
1602 3190 1856 3228 Antiochenum
1876 3190 2029 3238 agnoscit
2041 3190 2116 3235 Epi·

1238 3243 1388 3287 scopum.
1413 3242 1559 3285 Tertio,
1584 3241 1662 3286 quia
1684 3242 1763 3278 licet
1773 3253 1843 3277 non
1862 3242 1931 3286 ejus
1942 3241 2115 3293 Confecta:

1238 3292 1308 3334 tio,
1334 3291 1402 3336 ejus
1425 3301 1536 3328 tamen
1546 3292 1785 3329 lnthronizatio
1795 3292 1841 3327 est
1855 3293 1940 3328 facia
1961 3303 2004 3328 ex
2014 3289 2113 3336 prior!

1238 3341 1478 3390 perturbatione
1490 3355 1526 3379 ac
1537 3341 1807 3381 inordinatione:
1834 3341 1964 3389 Nempe
1984 3338 2118 3383 Pefstut

1979 3396 2065 3428 tores

1420 2198 1448 2241 S
1484 2212 1513 2241 c
1548 2211 1580 2240 H
1612 2211 1644 2242 0
1678 2210 1702 2240 1.
1738 2212 1755 2242 1
1791 2212 1822 2243 o
1854 2213 1905 2244 N.

1339 2340 1409 2375 AEc
1430 2340 1567 2385 epistola
1586 2340 1709 2385 docet,
1733 2341 1824 2385 quod
1846 2342 2021 2379 Helladius
2040 2353 2111 2379 om-
