2320 3730
89 1257 189 1297 Joan.
184 1262 227 1300 16

89 1824 169 1879 joan.
183 1843 193 1863 1
200 1853 207 1863 .

95 2475 230 2513 times-3·

98 2519 250 2557 1.C01·-15.

96 2560 206 2595 Apoca.
217 2568 238 2585 1.

364 150 425 187 16'

279 277 344 311 rius
354 275 492 309 dicimus
504 282 609 307 unum
621 271 788 308 Christum
815 275 849 309 &
869 275 991 317 Filium
1013 273 1031 306 a
1043 272 1162 307 Sancto

278 326 399 370 Spiritu
412 322 554 369 gloriam
565 323 733 367 accipere,
758 324 835 369 quia
853 334 915 358 nec
936 322 1046 367 potior
1061 332 1101 355 eo
1127 320 1161 353 &

277 377 369 418 supra
380 384 456 408 eum
466 375 600 408 Sanctus
610 372 745 418 Spiritus
764 370 828 409 est.
857 374 1030 423 Qoniam
1050 378 1161 403 autern

276 425 318 459 ad
329 424 641 469 demonstrationem
653 425 714 458 suae
728 415 921 470 Divinitatis
941 421 1091 457 utebatur
1102 412 1160 453 suo

276 474 390 518 spiritu
411 474 452 508 ad
470 484 605 518 magnas
615 473 840 521 operationes,
866 463 1040 519 glorificari
1063 471 1094 504 se
1118 468 1159 511 ab

275 535 317 568 eo
336 523 484 560 dicebat.
514 523 618 567 Velut
642 525 664 558 fi
689 524 848 568 quispiam
873 532 1012 560 eorum,
1038 520 1095 564 qui
1115 521 1159 553 se-

275 562 422 618 cundum
434 585 497 608 nos
505 575 601 616 sunt,
628 573 716 609 dicat
725 573 765 608 de
775 574 865 610 insita
876 572 931 605 sibi
944 569 1158 615 fortitudine,

275 624 327 659 vel
338 624 529 667 disciplina,
554 624 606 660 vel
615 624 656 659 de
678 624 849 668 quolibet.-
876 623 962 664 ,Quia
978 618 1157 667 glorificabit

271 684 336 709 me
362 674 499 710 sienim
525 675 662 715 &estin
673 672 871 718 subfistenti3
876 670 1017 714 Spiritus
1041 669 1156 713 specia-

272 724 335 765 lis,
362 726 414 759 vel
425 725 511 760 certe
521 724 718 770 intelligitur
726 731 781 763 per
798 723 850 767 se,
876 719 1050 768 secundum
1064 719 1154 765 quod

272 774 411 818 Spiritus
431 776 503 816 est,
527 775 562 809 &
586 785 653 808 non
676 770 798 817 Filius,
825 769 879 806 sed
891 780 1002 816 tamen
1019 770 1065 813 est
1084 782 1152 804 non

271 824 399 859 alienus
419 823 527 859 abeo.
554 822 689 865 Spiritus
709 820 800 854 enim
825 819 984 862 Veritatis
1007 820 1153 855 nomina·

267 883 346 916 tur,
372 875 462 909 &est
473 872 609 915 Spiritus
622 869 795 914 Veritatis,
819 870 854 904 δε
873 870 1007 913 profluit
1028 870 1070 905 ab
1092 880 1154 908 eo,

269 923 351 957 ficut
361 918 520 968 denique
511 921 595 957 &ex
607 912 683 954 Deo
694 919 809 955 Patre.
836 920 997 968 Operatus
1006 920 1051 955 est
1064 919 1150 966 enim

267 971 403 1015 Spiritus
427 971 462 1005 &
482 980 540 1014 per
560 981 676 1005 manus
700 964 891 1014 Sanitorum
914 962 1151 1014 Apostolorum

266 1019 424 1056 mirabilia
449 1021 521 1063 post
547 1021 736 1065 adscensum
774 1020 916 1059 Domini
942 1020 1046 1056 nostri
1080 1021 1150 1065 Jesu

265 1069 390 1108 Christi
399 1069 440 1117 ad
452 1070 648 1112 Coe10s‚&
659 1069 858 1116 glorificavit
871 1082 969 1117 eum.
996 1070 1151 1119 Creditus

263 1121 310 1154 est
325 1120 414 1155 enim
424 1144 435 1162 ,
446 1121 523 1164 quia
536 1121 628 1155 Deus
637 1116 818 1155 secundum
831 1131 979 1156 naturam
990 1120 1060 1164 est.
1087 1121 1149 1154 lte·

263 1181 336 1205 rum
348 1170 414 1214 ipse
424 1170 470 1205 est
481 1180 632 1215 operatus
642 1181 698 1214 per
711 1172 803 1217 suum
815 1170 985 1216 Spiritum
1013 1159 1150 1213 Propter

261 1206 328 1255 hoc
355 1220 549 1270 &dicebat·
574 1224 661 1270 ,Quia
682 1223 720 1264 df
740 1232 786 1258 mr
807 1226 954 1268 accipiet,
978 1220 1012 1267 eb·
1032 1230 1145 1254 annun

260 1267 365 1316 piabit
376 1270 478 1318 ‘pabis-
505 1272 550 1306 Et
573 1283 642 1309 non
667 1265 792 1318 uspiam
808 1260 976 1317 dicimus:
1004 1270 1093 1317 Qia
1105 1281 1146 1304 ex

260 1320 509 1368 participatione
511 1314 656 1368 Spiritus
667 1322 712 1356 est
726 1323 852 1366 sapiens
864 1322 898 1356 &
909 1331 1042 1365 potens.
1070 1320 1144 1356 Un

260 1371 360 1416 dique
370 1372 460 1407 enim
470 1373 627 1421 perfee'tus
638 1370 708 1412 est,
737 1371 771 1405 δε
793 1382 862 1404 non
875 1370 1027 1416 indigens
1050 1371 1145 1405 omni

259 1420 591 1471 bono.Q11autem
613 1396 722 1458 Patris
731 1421 875 1456 Virtutis
899 1422 933 1456 &
956 1421 1145 1464 Sapientiae,

257 1468 325 1506 hoc
334 1472 406 1513 est,
431 1473 510 1507 Filii
519 1473 660 1517 Spiritus
669 1472 716 1507 est
727 1471 814 1532 ,ipsa
828 1471 863 1506 in
876 1472 907 1507 se
921 1470 1087 1532 Sapientia
1099 1470 1144 1512 est

257 1520 292 1569 ὃς
312 1521 447 1569 Virtus}-¹

308 1575 482 1624 Qoniam
494 1574 570 1612 vero
580 1578 692 1613 Deum
716 1578 897 1618 adunatum
912 1575 1012 1612 Carni
1038 1577 1144 1610 secun-

259 1623 340 1665 dum
352 1625 587 1663 subsistentiam
599 1629 711 1663 Sancta
729 1628 838 1674 Virgo
862 1627 978 1672 genuit
1001 1623 1145 1660 Carnali·

260 1686 329 1718 ter,
355 1675 434 1712 hinc
459 1677 492 1722 δε
506 1678 572 1716 Dei
597 1679 801 1723 Genitricem
821 1676 884 1723 eise
901 1688 975 1720 eam
988 1676 1144 1711 dicImus.

259 1701 344 1766 No’n
365 1728 452 1771 quasi
473 1738 588 1773 natura
610 1728 712 1768 Verbi
737 1727 924 1774 subsistendi
947 1727 1079 1770 initium
1091 1723 1146 1760 ha-

261 1775 360 1817 bente
369 1776 410 1822 de
421 1778 552 1821 Carne,
578 1782 662 1821 Erat
688 1786 768 1815 emm
788 1785 821 1814 in
835 1782 985 1820 Principio
998 1777 1144 1824 Verbum,

261 1828 296 1864 (tt
307 1831 390 1863 Deus·
399 1838 465 1863 erat
478 1829 626 1870 Verbum,
654 1832 688 1869 2&
701 1831 830 1871 Verbum
840 1838 906 1863 erat
929 1829 1015 1869 apud
1026 1831 1122 1859 Deum
1136 1848 1147 1865 ,

260 1877 373 1921 &ipse
383 1878 428 1918 est
445 1878 629 1920 saeculorurn
641 1879 743 1911 factor
753 1901 763 1918 ‚
786 1875 1079 1918 Consempiternus
1090 1872 1146 1904 Pa-

260 1927 324 1970 tri,
349 1927 382 1965 ὃς
406 1928 559 1966 omnium
579 1926 728 1970 Opifex;
755 1925 807 1964 sed
829 1927 909 1964 ficut
921 1924 987 1973 jam
1003 1921 1148 1966 praedixi-

262 1985 357 2015 mus,
384 1975 542 2018 quoniam
566 1972 744 2017 secundum
770 1973 1003 2009 subsistentiam
1031 1971 1148 2013 uniens

262 2025 413 2059 fibiillud
427 2024 608 2060 humanum
620 2049 630 2066 ,
658 2027 692 2060 &
704 2038 742 2060 ex
754 2026 820 2069 ipsa
836 2025 928 2058 vulva
943 2022 1146 2058 nativitatem

263 2074 414 2115 sustinuit
432 2075 605 2110 Carnalem
617 2100 628 2117 ,
654 2087 722 2111 non
735 2088 770 2110 ut
784 2077 939 2120 indigens
950 2073 1145 2114 necessarie),

264 2127 318 2164 seu
331 2136 459 2173 propter
471 2127 558 2168 suam
573 2127 799 2170 sempiternam
807 2135 956 2167 naturam
965 2148 978 2166 ,
1001 2125 1100 2163 etiarn
1112 2123 1146 2156 in

262 2186 409 2219 tempore
433 2177 603 2218 &ultimis
614 2177 715 2211 saeculi
745 2176 946 2221 temporibus
956 2174 1148 2214 nativitate,

264 2225 317 2258 sed
338 2236 374 2266 ut
396 2225 500 2269 ipsum
512 2226 650 2268 effentiae
678 2227 792 2261 nostrae
803 2227 974 2269 benedicat
987 2224 1123 2258 initium
1135 2247 1145 2264 ,

264 2276 298 2314 δε
321 2276 463 2318 pariente
476 2278 609 2318 muliere
629 2274 807 2317 adunatum
821 2289 896 2311 eum
909 2275 1034 2314 Carni,
1059 2275 1147 2318 quie·

264 2326 332 2358 scat
353 2326 440 2368 jam,
466 2338 536 2371 quae
556 2337 670 2367 contra
693 2338 794 2362 omne
817 2338 918 2372 genus
942 2325 1122 2366 humanum
1138 2348 1148 2363 ,

266 2374 453 2415 maledistio
462 2378 684 2418 transmittens
694 2379 733 2412 ad
746 2387 885 2418 mortem
896 2376 936 2410 de
945 2387 1028 2418 terra
1039 2375 1109 2415 nost
1115 2384 1146 2411 ra

267 2425 433 2469 Corpora,
460 2427 587 2461 &illud
599 2428 688 2470 quod
699 2427 768 2466 est,
794 2432 831 2465 ln
848 2427 967 2466 tristitia
990 2430 1095 2466 paries
1111 2424 1147 2465 fr.

267 2477 320 2514 lios
330 2499 341 2515 ,
355 2486 409 2520 per
420 2475 524 2518 ipsum
543 2476 736 2510 destrueium
748 2474 820 2513 vere
831 2475 1015 2515 ostenderet
1026 2498 1033 2507 .
1043 2473 1146 2520 Qod

267 2524 435 2567 Propheta».
445 2536 529 2558 voce
541 2525 664 2558 dietum
675 2526 719 2558 est
732 2537 738 2556 :
767 2524 911 2568 Absorptq
923 2524 960 2564 est
972 2535 1049 2556 mors
1067 2532 1146 2564 prae·

268 2576 393 2608 valens.
422 2574 466 2612 Et
490 2573 604 2611 iterum
618 2588 628 2607 :
656 2574 778 2615 Abstulit
802 2579 883 2608 Deus
907 2584 1019 2611 omnem
1040 2572 1146 2611 lachry-

269 2635 348 2657 mam
370 2623 409 2656 ab
431 2629 510 2655 omm'
524 2623 606 2665 facie
624 2649 631 2656 .
657 2622 797 2670 ¹Propter
809 2626 898 2659 enim
920 2624 1007 2658 hanc
1017 2623 1145 2657 causam

268 2673 408 2707 dicimus
434 2684 510 2707 eum
530 2673 744 2718 dispensative
778 2676 812 2709 δε
837 2675 920 2718 ipsas
946 2673 1146 2708 benedixisse

269 2722 412 2766 Nuptias
424 2747 436 2764 ‚
463 2723 497 2756 &
512 2724 679 2766 perrexisse
692 2735 842 2763 vocatum
855 2726 890 2759 in
905 2725 996 2758 Cana
1012 2722 1147 2763 Galileae

269 2773 362 2807 simul
374 2783 450 2807 cum
470 2770 594 2814 Sanctis
611 2774 799 2817 Apostolis.

320 2823 402 2857 Haec
412 2824 520 2867 sapere
531 2822 618 2857 docti
631 2826 739 2857 snmus
763 2835 829 2859 tam
840 2825 858 2858 a
869 2824 994 2859 Sanctis
1006 2822 1148 2866 Aposto-

270 2872 333 2913 lis,
358 2883 456 2916 quam
482 2872 721 2918 Evangelistis,
747 2874 781 2909 δε
801 2875 841 2914 ab
851 2875 944 2908 omni
965 2874 983 2908 a
998 2874 1074 2908 Deo
1101 2874 1149 2906 in-

271 2925 384 2966 spirata
398 2923 581 2967 Scriptura:
604 2923 647 2957 Et
668 2935 708 2957 ex
731 2924 991 2964 Beatiffimorum
1012 2922 1144 2960 Parrum

271 2983 343 3011 vera
354 2972 583 3013 Confeffione.
611 2972 693 3007 Haec
706 2975 818 3011 omnia
839 2973 1146 3012 &tuamReveren-

272 3021 350 3054 tiam
374 3022 524 3064 confiteri
539 3031 693 3066 oportet,
721 3025 752 3057 &
775 3023 956 3062 consentire
977 3022 1044 3055 fine
1066 3022 1146 3056 dolo

273 3070 404 3114 aliquo
431 3073 512 3120 Qiae
523 3071 599 3106 vero
611 3074 672 3108 fint
683 3074 854 3107 necessaria
877 3084 912 3107 ut
937 3070 1146 3107 anathemati-

274 3130 336 3202 zEet·
342 3129 406 3203 s{nait
430 3122 652 3163 Reverentia,
679 3122 816 3166 subjet‘ta
837 3123 911 3163 sunt
936 3120 1011 3162 huic
1034 3120 1147 3162 nostrae

307 3179 337 3212 pi
370 3181 390 3203 o
404 3182 446 3204 ω.

351 3265 820 3313 ANATHEMATlSMUS
861 3272 1062 3313 PRIMUS-

321 3369 357 3403 Si
379 3369 452 3413 quis
472 3381 542 3404 non
562 3371 738 3405 confitetur
757 3372 868 3405 Deum
888 3373 950 3408 effe
970 3369 1147 3404 secundum

279 3420 445 3456 veritatem
455 3420 675 3463 Emmanuel,
700 3421 872 3464 &propter
881 3420 944 3456 hoc
968 3421 1034 3461 Dei
1049 3420 1148 3454 Geni·

707 127 1040 183 VARIORUM
1075 135 1327 186 ‚PATROM
1357 134 1688 192 Emsrotzs,

277 225 500 271 intelligentes
511 219 593 257 reste
600 231 672 259 non
684 231 721 257 ut
731 223 837 268 gloria
858 223 1063 268 indigentem
1085 221 1164 255 alte-

1224 218 1339 259 tricem
1350 217 1497 257 Sanctam
1509 219 1686 267 Virginem
1712 218 1852 267 (genuit
1863 218 1953 256 enim
1964 221 2109 257 Catuali-

1222 278 1270 310 ter
1290 267 1434 352 {amem
1455 269 1576 305 fastum
1599 281 1642 306 ex
1663 270 1740 310 Deo
1762 271 1936 317 Verbum)
1962 270 2110 310 Anathe-

1224 329 1277 363 ma
1300 327 1358 362 vtt.

1365 412 1368 417 '
1395 417 1872 464 ,ANATHEMATLSMUS
1897 422 1937 455 IL

1271 519 1304 554 Si
1317 519 1391 562 quis
1411 530 1479 553 non
1500 520 1677 563 confitetur
1687 519 1791 555 Carni
1816 520 1995 556 secundum
2008 522 2104 559 subfi,

1223 570 1373 610 stentiam
1385 571 1519 604 unitum
1531 581 1573 604 ex
1585 570 1661 615 Deo
1673 569 1770 612 Patre
1788 569 1937 609 Verbum
1949 596 1962 613 ,
1989 581 2109 607 unum-

1221 631 1285 664 que
1295 621 1358 655 effe
1369 620 1535 655 Christum
1546 632 1623 655 cum
1637 621 1692 654 sua
1704 621 1812 655 Carne
1820 644 1832 661 ‚
1857 622 1999 656 eundem
2020 620 2107 663 vide-

1221 671 1298 718 licet
1311 670 1423 710 Deum
1433 670 1526 705 fimul
1550 672 1583 706 &
1595 670 1767 714 hominem
1781 695 1792 712 ‚
1818 670 2009 713 Anathema
2021 671 2075 709 fit,

1391 770 1859 816 ANATHEMATmMus
1884 772 1943 811 111.

1267 871 1300 906 Si
1322 872 1395 915 quis
1408 874 1442 905 in
1454 882 1523 905 uno
1533 870 1666 911 Christo
1678 871 1797 909 dividit
1808 872 2020 908 subsistentias
2029 874 2102 917 post

1217 920 1451 966 adunationem
1464 946 1475 963 ,
1502 922 1569 966 sola
1595 922 1753 967 copulans
1775 933 1827 956 eas
1846 922 2103 967 conjunctione,

1216 982 1285 1016 quae
1296 971 1475 1014 secundum
1488 972 1686 1017 dignitatem
1712 973 1764 1007 vel
1785 971 2023 1008 authoritatem
2035 975 2081 1009 est
2090 997 2102 1014 ,

1209 1017 1266 1055 vei
1279 1021 1457 1057 secundum
1472 1023 1653 1066 potentiam
1667 1047 1678 1063 ,
1705 1023 1817 1057 &non
1840 1022 1945 1067 magis
1967 1034 2104 1058 concur-

1217 1068 1251 1104 su
1270 1071 1449 1155 sgcundum
1471 1071 1708 1118 adunationem
1720 1072 1927 1120 naturalem,
1954 1072 2102 1116 Anatheae

1215 1131 1268 1155 ma
1304 1131 1318 1155 t
1337 1145 1345 1156 .

1364 1218 1842 1267 ΑΝΑΤΗΕΜᾼΤῙεΜυς
1875 1223 1892 1258 1
1904 1221 1948 1259 v.

1259 1322 1292 1357 Si
1317 1322 1391 1366 quis
1414 1320 1559 1366 personis
1583 1322 1711 1360 duabus
1736 1322 1787 1358 vel
1810 1322 2022 1358 subsistentiis
2048 1323 2100 1364 vel

1209 1381 1285 1416 eas,
1312 1384 1383 1416 quae
1394 1373 1516 1407 suntin
1529 1372 1736 1422 Evangelicis
1760 1373 1794 1414 &
1806 1371 2008 1415 Apostolicis
2019 1373 2102 1407 Scri

1211 1421 1335 1465 pturis,
1363 1422 1508 1466 impertit
1528 1432 1644 1461 voces,
1669 1432 1728 1456 aut
1738 1421 1779 1457 de
1792 1418 1926 1458 Christo
1948 1422 2102 1464 aSanetis

1209 1472 1293 1507 dista
1316 1473 1410 1512 sunt,
1438 1481 1494 1505 aut
1516 1471 1558 1505 ab
1580 1462 1650 1514 ipso
1670 1471 1713 1508 de
1735 1472 1790 1511 se,
1817 1470 1852 1504 δε
1866 1471 2020 1513 quasdam
2032 1473 2102 1516 qui·

1207 1520 1283 1557 dem
1306 1522 1395 1556 velut
1416 1519 1545 1555 homini
1560 1530 1668 1564 praeter
1688 1519 1770 1563 illud
1794 1530 1836 1554 ex
1850 1521 1926 1554 Deo
1949 1520 2100 1558 Verbum

1208 1572 1388 1617 specialiter
1403 1570 1570 1606 intellecto
1581 1570 1723 1615 applicat
1741 1595 1753 1612 ‚
1780 1570 1935 1614 quasdam
1958 1569 2037 1605 vero.
2048 1582 2101 1605 ve·

1208 1623 1257 1657 lut
1269 1622 1350 1657 Deo·
1357 1620 1513 1667 decibiles
1524 1621 1585 1661 soli
1597 1632 1638 1659 ex
1650 1622 1728 1666 Deo
1737 1620 1833 1656 Patre
1844 1619 1959 1662 Verbo
1973 1644 1985 1670 ³
2010 1619 2101 1663 Ana·

1209 1672 1321 1715 thema
1340 1672 1397 1716 fit,

1383 1769 1861 1817 ANATHEMATismth
1887 1772 1932 1813 v,

1259 1871 1291 1904 Si
1304 1872 1376 1915 quis
1387 1873 1484 1905 audet
1496 1873 1604 1906 dicere
1615 1873 1728 1905 Deum
1741 1875 1900 1906 ferentem
1922 1871 2098 1910 hominem

1210 1920 1405 1961 Christum,
1426 1922 1459 1954 ἃ.
1482 1933 1551 1955 non
1574 1922 1680 1964 magis
1699 1920 1813 1954 Deum
1833 1921 1896 1953 effe
1918 1921 2098 1955 secundnm

1211 1971 1400 2011 veritatem,
1426 1980 1462 2003 ut
1486 1970 1610 2004 Filium
1633 1981 1771 2009 unum,
1795 1968 1830 2002 ὅ(
1853 1976 2023 2010 naturam,
2050 1971 2104 2004 se·

1210 2022 1355 2055 cundum
1367 2020 1458 2064 quod
1469 2021 1590 2054 fartum
1603 2019 1649 2053 est
1663 2019 1750 2053 Caro
1763 2018 1936 2059 Verbum,
1961 2020 1993 2053 ἃ
2005 2030 2097 2054 com-

1211 2072 1392 2106 municavit
1416 2070 1566 2104 fimiliter
1586 2069 1683 2105 nobis
1704 2070 1812 2104 Carne
1843 2069 1878 2110 §Sc
1905 2070 2096 2122 Sanguine,

1214 2120 1400 2163 Anathema
1414 2121 1468 2156 fit.

1357 2219 1544 2266 ANATH
1550 2218 1839 2260 EMATISMUS
1873 2219 1908 2261 V
1920 2220 1944 2254 1.

1259 2321 1376 2366 Siquis
1387 2321 1466 2356 dicit
1478 2322 1588 2357 Deum
1615 2321 1667 2354 vel
1680 2320 1865 2355 Dominum
1895 2321 1958 2354 effe
1969 2317 2095 2358 Christi

1209 2384 1250 2411 ex
1263 2372 1341 2409 Deo
1360 2372 1455 2405 Patre
1485 2371 1657 2411 Verbum,
1682 2372 1716 2404 &
1737 2380 1804 2405 non
1827 2371 1932 2414 magis
1953 2369 2094 2404 eundem

1209 2423 1385 2456 confitetur
1399 2423 1509 2455 Deum
1531 2421 1625 2454 fimnl
1649 2420 1682 2453 &
1695 2419 1864 2454 hominem
1877 2444 1888 2458 ,
1914 2419 2028 2462 utpote
2049 2420 2095 2452 fa-

1209 2474 1260 2506 sto
1285 2472 1392 2506 Carne
1418 2470 1532 2511 Verbo
1566 2470 1744 2511 secundum
1767 2469 1946 2512 Scripturas
1966 2491 1977 2507 ‚
2004 2467 2095 2509 Ana-

1209 2522 1318 2556 thema
1335 2522 1371 2554 sit
1385 2545 1392 2559 2

1361 2616 1838 2657 ANATHEMATISMUS
1863 2617 1940 2651 Vn.

1257 2718 1290 2752 Si
1310 2719 1384 2760 quis
1396 2716 1478 2751 dicit
1500 2718 1578 2750 ficut
1592 2716 1760 2751 hominem
1772 2716 1892 2750 facturn
1909 2715 1971 2750 effe
1984 2715 2002 2749 a
2022 2716 2090 2754 Dei

1212 2768 1321 2804 Verbo
1333 2769 1439 2812 Jesurn
1451 2791 1462 2807 ‚
1488 2768 1521 2801 ὅ(
1534 2766 1717 2812 Unigeniti
1735 2767 1842 2811 gloria
1860 2766 2090 2802 circumsitum

1206 2820 1268 2854 effe
1294 2843 1306 2859 ,
1331 2829 1501 2860 tamquam
1536 2818 1638 2856 altero
1666 2828 1775 2861 praeter
1809 2828 1886 2854 eum
1910 2816 2088 2862 existente,

1209 2868 1395 2909 Anatherna
1410 2868 1466 2907 sit,
1669 2863 1674 2867 ⁸

1334 2966 1812 3008 ANATHEMATISMUS
1840 2966 1962 3007 V111.

1256 3068 1372 3110 Siquis
1383 3067 1477 3105 audet
1490 3068 1596 3106 dicere
1615 3068 1809 3110 assumptum
1823 3066 1992 3101 hominem
2015 3077 2092 3100 coa-

1206 3118 1315 3158 dotari
1325 3128 1472 3162 oportere
1484 3119 1559 3155 Deo
1572 3116 1684 3154 Verbo
1697 3141 1707 3156 ,
1717 3119 1749 3151 ὃς
1761 3117 2003 3162 conglorificari
2016 3140 2026 3155 ,
2053 3117 2087 3149 &

1207 3168 1400 3211 coappellari
1414 3168 1522 3200 Deum
1537 3192 1545 3206 ,
1559 3168 1648 3210 quali
1659 3168 1794 3201 alterum
1808 3168 1923 3207 alteri,
1951 3166 1984 3199 id
1995 3165 2088 3198 enim

1207 3219 1297 3260 quod
1312 3218 1356 3251 est
1369 3237 1388 3255 ,·
1404 3221 1446 3253 Co
1457 3241 1467 3256 ‚
1497 3218 1618 3261 semper
1629 3218 1757 3260 quoties
1767 3217 1911 3260 additur,
1922 3212 1986 3248 hoc
1996 3215 2087 3258 quod

1209 3268 1387 3311 intelligit,
1418 3268 1532 3310 cogit,
1558 3268 1591 3300 ὃς
1605 3278 1672 3305 non
1684 3269 1787 3312 tnagis
1809 3276 1873 3302 una
1894 3264 2087 3299 adoratione

1210 3318 1407 3353 honorificat
1423 3316 1668 3352 Emmanuelem
1683 3342 1694 3358 ,
1718 3319 1752 3358 ὃς
1765 3327 1863 3350 unam
1884 3316 1913 3348 ei
1926 3314 2088 3359 glorifica-

1208 3368 1334 3401 tionem
1346 3365 1479 3400 adhibet
1494 3390 1504 3406 ,
1531 3366 1709 3400 secundum
1724 3366 1813 3411 quod
1827 3367 1946 3400 factum
1966 3364 2011 3398 est
2027 3363 2088 3398 Ca-

1210 3429 1245 3458 ro
1260 3416 1407 3450 Verbum
1419 3441 1430 3457 ‚
1456 3415 1644 3456 Anathema
1656 3418 1694 3458 [it
1705 3440 1712 3454 ᾳ

1919 3461 2038 3499 ΑΝΑ-
