2320 3730
593 194 908 249 SCH0L11s,
947 204 1008 235 ET
1043 185 1237 235 Norls
1273 202 1666 238 1LLusrRATAE.

231 274 396 310 mesenum
416 275 450 307 in
473 272 663 320 AEgyptum
676 277 789 322 legarit
802 275 997 320 supplicem3
1024 274 1113 317 quod

231 325 379 368 Cyrinus
388 325 455 357 suis
469 326 630 368 Capitulis
642 327 874 370 permanserint
886 326 1032 370 pertinax
1044 337 1054 367 ;
1080 324 1114 357 &

230 374 322 419 quod
341 373 481 415 Joannes
505 377 560 410 illa
583 377 774 421 susceperit:
801 377 860 409 Ilia
881 401 892 417 ‚
918 387 978 419 pro
1000 372 1115 419 quibus

230 424 327 458 illum
337 425 478 458 secundo
493 425 668 462 damnarat.
695 427 798 473 Qod
810 428 854 460 ita
867 426 945 459 fidei
956 423 1116 460 testitudi-

231 484 309 508 nem
333 475 633 510 anathematizarit:
659 479 703 511 Et
724 476 854 520 quidem
866 476 1012 519 Scripto.
1039 475 1117 507 Pro—

230 521 289 557 bat
299 522 365 557 haec
375 536 415 559 ex
426 527 520 561 variis
530 526 637 561 sancti
652 526 770 569 Cyrilli
782 526 823 561 ad
835 525 939 561 varios
949 523 1094 569 epistolis
1106 548 1118 564 ,

230 583 370 616 quarum
391 574 456 609 haec
475 575 704 619 compendium
718 577 760 611 est
775 591 786 610 .·
814 581 1033 618 Interpretatur
1046 576 1117 607 vero

232 625 362 662 cyrillus
386 627 422 658 id
439 632 472 658 m
493 625 603 669 eisdem
622 625 803 670 litteris-suis
814 625 978 667 Epistolam
992 649 1003 665 ,
1029 635 1118 668 quam

230 673 341 707 detulit
350 676 462 710 Paulus
473 700 484 716 ,
510 687 577 719 quae
583 675 701 720 sursum
711 688 745 710 ac
769 674 903 719 deorsum
921 676 960 709 ab
971 674 1118 709 Antioche-

230 731 270 756 no
289 722 465 766 profertur,
490 736 523 760 ut
545 726 622 760 nibil
641 729 757 760 omnino
779 729 800 760 ἃ
812 727 965 768 Capitulis
981 725 1118 766 differen-

230 781 292 806 tem
304 798 315 814 ‚
336 772 396 817 sed
416 776 518 810 eadem
530 781 693 811 intentione
701 774 897 820 conscriptam
907 776 968 811 &c-
980 775 1062 810 Haec
1072 774 1117 810 est

228 824 311 859 fidei
331 826 503 868 profeffio,
530 838 628 871 quam
651 828 793 871 Joannes
810 825 1044 861 Antiochenus
1063 834 1118 868 per

232 874 374 909 Paulum
396 874 596 911 Emesenum
616 878 787 911 transmisit
798 877 952 921 Cyrillo,
975 877 1116 916 &quam

233 923 382 967 Cyrillus
403 925 553 969 probavit
575 927 610 962 &
631 926 759 962 admisit
781 937 818 961 ut
839 925 933 970 plene
950 922 1120 959 Orthodo-

231 984 306 1008 xam
321 999 328 1007 .
355 974 401 1008 Et
421 977 528 1018 ipsum
547 977 691 1018 Joannes
711 975 831 1009 metito
850 974 1033 1018 proferebat
1043 972 1120 1008 ubi-

231 1034 307 1065 que.
337 1023 419 1055 Eam
429 1023 605 1065 postmodo
615 1024 822 1059 canonizavit
841 1022 1119 1059 Chalcedonensis

228 1070 404 1114 synodus:
431 1071 474 1106 Et
496 1070 631 1116 quidem
657 1073 693 1107 in
717 1074 783 1117 ipsa
797 1074 990 1117 profeffione
1003 1073 1117 1109 Fidei.

228 1122 275 1155 Et
296 1120 431 1165 quidem
452 1122 542 1164 quod
564 1121 698 1156 Sanctus
722 1123 867 1165 Cyrillus
885 1123 1057 1167 perstiterit
1069 1123 1121 1157 fir-

228 1182 306 1205 mus
317 1171 351 1203 in
364 1171 428 1204 suis
438 1171 623 1215 Capitulis,
649 1172 695 1206 est
708 1172 801 1216 plene
822 1183 950 1207 verum.
979 1173 1119 1217 Reliqua

229 1220 362 1255 Meletii
383 1221 498 1255 asserta
518 1220 592 1256 sunt
611 1222 741 1266 penitus
763 1222 858 1257 falsa.
886 1223 976 1257 Nam
989 1235 1050 1257 nec
1060 1235 1120 1256 un-

230 1280 330 1313 quam
343 1270 478 1304 Sanetus
490 1269 637 1314 Cyrillus
645 1273 766 1316 scripsit
776 1270 926 1307 autdixit
937 1272 1030 1307 istam
1042 1273 1119 1318 Epi-

230 1320 348 1355 stolam
361 1322 424 1355 effe
435 1319 573 1356 eandem
590 1334 666 1356 cum
684 1322 749 1357 suis
761 1322 923 1367 Capitulis
936 1345 943 1354 .

281 1370 441 1405 Meletius
463 1371 571 1406 lucide
587 1373 726 1416 exponit
736 1373 966 1414 conditiones,
992 1372 1117 1418 quasin

228 1419 424 1454 Berrhaeenfi
437 1421 521 1464 apud
532 1421 692 1457 Acacium
703 1421 839 1465 synodo
850 1422 1033 1458 orientales
1043 1423 1118 1467 Epi-

228 1470 322 1513 scopi
342 1469 546 1513 postularunt
561 1472 580 1506 ὲ
602 1472 729 1515 Joanne
749 1473 807 1507 suo
821 1473 1028 1508 Patriarcha:
1057 1479 1117 1507 Hu-

222 1518 357 1563 jusmodi
366 1520 558 1554 conditionem
571 1523 710 1555 dedimus
721 1522 896 1556 Antiocheno
907 1547 918 1562 ,
944 1532 978 1556 ut
992 1531 1044 1555 aut
1050 1521 1118 1564 fua·

228 1571 313 1602 deret
323 1570 463 1606 cyrillum
473 1569 730 1604 anathematizare
740 1576 838 1603 omnia
845 1570 904 1613 sua
924 1573 958 1605 eb·
966 1571 1032 1614 sola
1046 1575 1118 1613 Apo-

223 1618 326 1659 stolica
337 1618 474 1651 doc‘lrtna
489 1619 540 1661 esse
561 1629 727 1654 contentum
736 1626 812 1654 clrca
823 1632 921 1654 eorum
935 1644 946 1661 ‚
972 1633 1041 1664 quae
1047 1619 1118 1664 scri-

226 1666 388 1711 ptasunt,
414 1673 632 1710 intentionem,
657 1671 691 1704 (τ
706 1670 747 1712 fic
762 1668 1010 1716 conjungerentur
1019 1673 1119 1706 Eccle-

226 1717 279 1759 fiae
288 1742 300 1759 ‚
326 1726 380 1751 aut
389 1716 452 1761 ipse
464 1718 661 1754 Antioche-nus
675 1720 952 1755 anathematizaret
961 1727 994 1754 in
1005 1724 1118 1763 Scripta

230 1768 372 1807 cyrillum
390 1779 453 1801 cum
477 1774 582 1811 impiis
605 1770 791 1814 dogmatibus
816 1773 883 1812 eJus
896 1796 908 1812 ‚
931 1780 1033 1804 contra
1051 1782 1118 1814 quae

229 1823 316 1860 prius
324 1816 409 1861 saepe
418 1820 550 1853 decrevit
560 1842 570 1858 ‚
597 1822 631 1854 Θ
642 1831 745 1854 nomen
757 1824 819 1855 Deo
829 1822 987 1861 amicifflmi
998 1820 1118 1864 Episco-

229 1873 268 1911 pi
287 1867 417 1908 Nestorii
428 1892 440 1908 ,
465 1874 519 1911 qui
533 1877 590 1912 pro
606 1868 668 1911 sola
687 1876 802 1914 pietate
826 1879 915 1904 tanta
930 1876 1117 1914 perpetitur,

231 1917 352 1955 Sandis
366 1916 536 1960 inscriberet
549 1920 719 1962 Dyptichis.
746 1921 806 1955 Sed
823 1920 1117 1963 nihilborumfacere

231 1969 328 2001 voluit
340 1993 347 2000 .
376 1971 502 2011 Propter
512 1969 576 2004 baec
587 1982 641 2004 nos
653 1971 835 2014 drffentimus
847 1971 886 2005 ab
896 1982 928 2006 eo
940 1996 951 2012 ,
976 1980 1067 2014 atque
1078 1971 1118 2005 ab

231 2019 301 2058 ejus
324 2025 521 2054 communione
545 2021 745 2064 disiungimur
766 2047 773 2054 .
800 2022 864 2055 Per
888 2021 1116 2065 Apostolicam

229 2067 411 2101 destrinam
427 2069 585 2113 intelligit
601 2070 776 2103 Nicaenum
796 2070 991 2112 Symbolum
1002 2094 1009 2101 .
1037 2070 1117 2104 Hoc

227 2116 321 2151 enim
344 2118 451 2151 solum
472 2117 625 2159 admitti,
650 2119 805 2154 &Sanssi
831 2118 1116 2163 CyrilliCapitula

228 2165 345 2209 projici
368 2167 464 2201 suant
485 2168 627 2210 primum
651 2167 847 2202 Theodofio
868 2169 1020 2212 Augusto
1042 2169 1117 2203 Ber-

227 2215 378 2249 rhaeenfis
396 2215 540 2249 Aeacius
554 2238 563 2247 .
589 2216 633 2248 Et
655 2215 865 2249 Theodosius
885 2217 1062 2259 postulavit
1075 2217 1117 2250 ab

227 2264 392 2308 Ephefina
403 2263 559 2307 Synodo:
587 2264 632 2299 Et
652 2265 685 2298 in
700 2264 761 2299 hac
773 2265 992 2310 postulatione
1004 2264 1116 2300 Fastio

228 2314 354 2349 dudum
364 2315 501 2358 perstitit
515 2339 522 2346 .

278 2364 382 2398 Porro
392 2364 548 2399 Meletius
556 2363 612 2398 fibi
625 2364 682 2408 ipfi
694 2376 763 2399 non
786 2366 934 2400 constitit
947 2389 954 2397 .
983 2364 1116 2408 Nequa-

229 2424 329 2456 quam
350 2413 456 2447 voluit
481 2414 544 2448 effe
564 2424 740 2449 contentus
767 2415 908 2449 Nicaeno
935 2414 1114 2457 Symbolo-

232 2463 368 2498 Etenim
390 2462 537 2498 addidit.-
563 2466 731 2498 Servantes
748 2464 840 2507 fidem
865 2474 897 2498 ut
907 2463 1093 2507 Apostolicam
1107 2485 1117 2502 ,

228 2515 263 2547 (9⁵
275 2516 295 2545 ἃ
308 2512 403 2547 beatis
416 2512 561 2547 Patribus
574 2515 724 2547 traditam
735 2538 746 2554 ,
771 2525 862 2557 quam
873 2517 893 2547 ἃ
905 2526 973 2558 mag
979 2526 1014 2547 no
1028 2512 1117 2547 Theo·

228 2563 323 2602 doro,
348 2568 401 2605 qui
421 2575 477 2604 ea,
503 2574 570 2606 quae
595 2565 638 2597 illi
649 2564 823 2604 tradidere,
850 2566 974 2598 tradens
988 2565 1116 2603 claruit,

228 2616 410 2654 accepimus.
437 2612 582 2647 Admitti
597 2613 701 2647 voluit
718 2612 892 2648 Nicaenum
906 2614 1115 2656 Symbolum,

228 2662 263 2696 &
278 2661 423 2707 intelligi
440 2663 531 2706 juxta
555 2663 792 2706 expositionem
803 2664 974 2698 facinorosi
986 2664 1034 2697 sui
1048 2664 1114 2697 An-

228 2711 392 2745 tecefforis
410 2711 586 2746 Theodori
598 2737 605 2743 .
633 2711 775 2748 Addidit
788 2714 819 2748 se
830 2725 888 2757 pro
901 2713 956 2747 illa
968 2723 1113 2756 paratum

228 2760 409 2800 trucidari,
436 2760 471 2795 δι’.
494 2770 562 2794 non
585 2762 688 2795 tacuit
707 2764 856 2797 causam:
885 2767 944 2797 Cui
953 2768 1043 2796 totius
1057 2766 1114 2796 Ec·

227 2810 317 2852 clefiae
338 2835 350 2851 ,
375 2811 410 2845 Θ·
433 2809 569 2852 Ecclefiae
592 2813 675 2853 cujus
696 2812 861 2847 Theodorus
883 2818 985 2847 extitit
1005 2812 1111 2846 Doc‘Ior

226 2861 388 2904 commiffus
401 2860 438 2901 est
454 2859 656 2903 Praesulatus.
685 2862 729 2896 Et
740 2862 892 2908 adjungit
906 2864 945 2898 de
959 2865 1022 2898 suis
1032 2862 1111 2898 Sub·

228 2911 325 2945 ditis:
352 2909 418 2954 Ipse
428 2919 520 2944 terror
532 2920 597 2944 tam
609 2915 742 2944 Civitati
753 2924 842 2955 quam
854 2917 1008 2948 Territort'i
1020 2913 1109 2954 hujus

228 2971 277 2993 me
297 2966 329 2992 in
348 2960 405 2993 hac
415 2961 568 2994 adversas
571 2965 603 3006 J
606 2972 730 2995 oannem
739 2960 887 3005 discordia
907 2966 1039 2998 detinere
1044 2962 1108 3006 suf-

227 3008 326 3050 ficeret
337 3033 348 3049 ,
373 3015 425 3051 qui
439 3009 470 3052 fi
476 3021 522 3044 me
531 3015 559 3045 ei
582 3013 783 3046 tantummodo
793 3016 1004 3058 communicaffe
1014 3024 1108 3058 cogno-

228 3056 342 3100 scerent
360 3067 430 3092 ante
449 3061 592 3101 Sacram,
618 3072 664 3095 me
692 3063 727 3096 <⁶5
747 3067 815 3096 vita
829 3064 994 3108 privaffent
1008 3090 1015 3096 .
1042 3069 1108 3099 Nec

229 3113 312 3142 enim
326 3110 408 3150 qu‘us
423 3108 482 3150 fint
493 3109 657 3154 Discipuli,
683 3110 776 3155 nescis
787 3138 794 3145 .
822 3113 873 3148 Ex
884 3115 1001 3160 quibus
1016 3114 1106 3149 disci-

228 3168 304 3192 mus
326 3169 395 3193 non
418 3159 524 3193 solum
543 3160 741 3203 Meletium,
769 3163 823 3197 sed
844 3164 1019 3200 &omnem
1039 3165 1106 3208 ejus

228 3206 425 3242 Parochiam
437 3210 531 3244 fuisse
543 3210 703 3245 imbutam
714 3213 959 3255 pertinaciffime
969 3238 980 3255 ‚
997 3215 1029 3248 &
1038 3226 1106 3250 cor·

227 3268 357 3301 ruptam
378 3257 554 3293 Theodori
578 3260 738 3295 erroribus
760 3286 772 3303 ,
796 3263 934 3307 ideoque
956 3266 1049 3300 fuiffe
1073 3267 1105 3300 ἀ

227 3306 370 3342 omnino
383 3308 613 3345 Nestorianam
628 3336 635 3343 .

239 3381 242 3384 ι
279 3357 365 3403 Qua:
382 3357 424 3392 de
443 3359 741 3403 SeptenniPuero,
766 3363 873 3400 Sansti
895 3364 1026 3410 Babylae
1036 3365 1104 3401 Au-

328 3406 435 3449 christ.
450 3412 530 3453 Lupa·
541 3414 641 3454 opera
651 3414 686 3443 T.
693 3413 759 3445 Vn.

1897 212 1994 259 337

1177 271 1327 307 tiocheni
1348 274 1500 318 Episcopi
1519 273 1555 307 in
1574 274 1723 312 Paffione
1735 281 1832 317 Socio
1843 284 1977 324 scribit,
2002 285 2057 318 fir-

1180 332 1271 357 mant
1292 323 1517 365 Sententiam,
1541 336 1610 369 quae
1624 325 1717 361 ‚duos
1736 332 1872 366 affirmat
1894 334 1984 368 istius
1996 346 2055 368 no·

1179 373 1277 407 minis
1298 372 1530 408 Antiochenos
1551 375 1730 419 Episcopos
1749 379 1968 424 &Martyres.
1996 384 2055 418 Est

1178 432 1247 456 non
1269 423 1399 458 modica
1421 424 1584 470 Qaestio.
1612 425 1772 461 Videatur
1793 428 1978 464 Cardinalis
1989 433 2057 466 Cae-

1178 473 1225 506 sar
1245 474 1404 507 Batonius
1426 475 1459 508 in
1483 474 1585 509 Notis
1602 475 1643 510 ad
1656 476 1848 512 Romanum
1860 478 2057 523 Martyrolo-

1178 523 1257 566 gion
1270 547 1281 565 ,
1306 524 1339 557 δε
1348 524 1546 559 Godefridus
1554 525 1787 562 Henschenius
1797 527 1832 561 in
1843 528 1918 562 vitis
1929 530 2058 564 Sansto-

1180 584 1251 610 rum
1271 599 1279 606 .
1308 574 1413 609 Porro
1433 573 1498 609 haec
1523 575 1634 611 omnia
1654 579 1866 622 contigerunt
1889 588 1967 612 ante
1987 591 2058 613 ana-

1179 622 1426 658 thematizatum
1449 626 1467 658 a
1489 625 1639 661 Rabbula
1661 627 1847 667 Edesseno,
1872 639 1910 662 ac
1931 626 2059 663 Acacio

1180 672 1380 707 Melitinenfi
1403 675 1567 720 Episcopo
1584 676 1825 712 Theodorum:
1852 678 1975 713 etenim
1988 677 2061 722 'post

1180 721 1244 756 hoc
1256 722 1443 758 Anathema
1454 726 1611 761 Meletius
1621 739 1689 764 non
1702 729 1931 772 praesumpserit
1943 728 2062 764 similia.

1180 783 1329 808 evomere
1341 798 1348 806 .
1378 774 1421 808 Et
1433 774 1474 820 de
1486 774 1684 813 Recentibus
1694 778 1739 813 ob
1753 778 1974 813 Theodorum
1983 788 2061 812 mo-

1181 821 1268 856 tibus
1289 823 1420 858 Sanctus
1441 824 1588 868 Cyrinus
1616 829 1744 872 Scripsit
1765 829 1805 863 ad
1817 830 1971 863 Sanstum
1982 828 2063 862 Pro·

1180 872 1285 906 cium:
1313 876 1478 908 orientales
1500 875 1664 919 Episcopi,
1691 880 1747 912 Dei
1759 882 1898 913 Gratiam
1910 903 1921 920 ,
1940 877 2005 920 five
2018 889 2061 910 oc-

1180 921 1356 964 cafionefive
1368 930 1501 959 veritate
1515 932 1633 960 unicum
1653 926 1801 968 christum
1814 931 1847 963 ὁ*
1858 930 2017 972 loquuntur
2026 929 2062 963 θ

1178 973 1370 1014 praedictmt,
1396 975 1431 1007 (w
1453 979 1560 1015 impias
1584 976 1716 1016 Nestorii
1737 979 1925 1020 verbofitates
1937 977 2063 1014 anathe-

1181 1028 1330 1056 matizant
1338 1048 1350 1064 ,
1377 1023 1538 1057 &interim
1555 1027 1650 1058 multa
1661 1029 1866 1069 tranquillitas
1881 1028 1916 1070 est
1927 1029 1968 1062 ibi
1983 1031 2018 1064 ό*
2027 1034 2063 1062 m

1177 1072 1239 1115 fide
1257 1073 1386 1115 quotidie?
1406 1072 1615 1114 confirmantur
1628 1098 1641 1115 ,
1664 1081 1756 1108 etiam
1776 1079 1823 1110 illi
1839 1083 1890 1118 qui
1901 1079 2064 1121 aliquando

1182 1121 1362 1155 dubitabant
1386 1146 1392 1153 .
1421 1122 1554 1167 Utique
1573 1122 1611 1156 hi
1631 1124 1769 1159 Factiofi
1789 1150 1798 1157 .
1823 1123 1969 1160 Proinde
1990 1138 2065 1161 om·-

1182 1183 1238 1206 nes
1268 1171 1304 1206 hi
1326 1181 1437 1206 motus
1471 1174 1547 1207 sunt
1567 1172 1674 1208 taliter
1695 1175 1807 1214 Fasti,
1834 1187 1872 1209 ac
1891 1175 1986 1210 fimili
1999 1185 2067 1211 arte

1183 1231 1327 1267 coeptum
1349 1222 1392 1255 est
1406 1221 1490 1257 istud
1508 1222 1699 1258 anathema:
1727 1223 1772 1258 Et
1784 1223 1940 1259 Proclum
1952 1226 2067 1269 Cyril-

1183 1272 1233 1306 lus
1255 1281 1370 1317 rogat,
1401 1284 1443 1306 ne
1463 1273 1653 1308 damnando
1674 1273 1849 1310 Theodori
1869 1277 2037 1319 personam
2054 1300 2068 1317 ‚

1183 1323 1277 1357 detur
1298 1324 1375 1357 ansa
1386 1333 1426 1356 ex
1439 1334 1502 1366 qua
1515 1323 1563 1357 illi
1574 1325 1802 1359 resuscitentur
1811 1350 1819 1358 .
1847 1325 1939 1360 Ante
1950 1324 2067 1360 harum

1182 1372 1364 1407 litterarum
1381 1373 1536 1409 notitiam
1556 1385 1655 1410 nemo
1678 1375 1842 1411 intellexit
1854 1375 1948 1413 istam
1959 1376 2068 1411 Sanffi

1184 1423 1304 1466 Cyrilli
1316 1423 1498 1467 Epistulam
1509 1449 1516 1457 .

1359 1635 1400 1681 c
1414 1637 1457 1683 A
1470 1635 1505 1680 P
1521 1635 1569 1679 u
1583 1633 1625 1680 T
1660 1636 1891 1682 CLXXV.
1925 1646 2066 1694 --263

1183 1774 1356 1824 Epistola,
1387 1774 1509 1825 inquit
1523 1799 1535 1817 ,
1574 1773 1713 1812 Zenobii
1732 1771 1891 1825 Epiftopi
1914 1778 2073 1827 Zeplyrii

1240 1830 1285 1867 ad
1307 1836 1374 1869 Deo
1393 1826 1647 1880 Amicissimum
1674 1827 1878 1881 Epiftopum
1910 1833 2072 1873 Alexam

1239 1887 1342 1926 drum
1361 1913 1373 1932 ,
1405 1886 1577 1937 z'nfinuans
1607 1883 1717 1937 exitffie
1755 1887 1796 1925 ab
1829 1889 1971 1940 Ecclefia
2006 1895 2074 1932 Deo

1239 1940 1469 1996 amiciffimum
1489 1947 1520 1982 E
1516 1939 1692 1993 pzfiopum
1711 1945 1890 1984 Meletium
1904 1976 1912 1984 .

1257 2069 1406 2103 Ersonali
1419 2067 1553 2111 quidem
1565 2070 1729 2111 praesentia
1743 2079 1806 2103 tuae
1817 2069 2004 2105 sanctitatis
2019 2067 2072 2107 be-

1280 2117 1468 2153 nediffione
1483 2117 1621 2160 repletus
1646 2120 1716 2152 sum
1730 2143 1742 2159 ‚
1767 2121 1902 2163 quando
1922 2121 2009 2156 solus
2021 2122 2073 2158 be-

1183 2169 1223 2202 ne
1246 2167 1289 2201 ab
1300 2166 1430 2210 Epheso
1452 2167 1622 2204 remeasti,
1647 2168 1726 2200 ficut
1747 2169 1822 2211 ipsae
1847 2181 1896 2203 res
1915 2172 2074 2207 omnibus

1181 2214 1394 2249 ostenderunt
1403 2226 1419 2255 ;
1446 2213 1561 2246 litteris
1589 2213 1667 2248 vero
1686 2223 1747 2249 tuae
1768 2227 1836 2250 non
1860 2218 1930 2252 sum
1953 2220 2072 2255 fruitus

1183 2263 1384 2299 Sanstitatis.
1413 2260 1520 2297 Unde
1530 2273 1619 2297 nunc
1630 2265 1814 2307 praesumere
1830 2266 1900 2302 sum
1913 2272 2047 2304 coastus
2058 2297 2068 2310 ‚

1183 2324 1218 2347 ut
1239 2312 1361 2347 litteras
1384 2312 1541 2356 incipiam
1566 2321 1626 2347 tuae
1647 2314 1813 2350 Sanstitati
1834 2317 1993 2363 dirigere.
2025 2322 2068 2355 Et:

1182 2374 1265 2407 rogo
1277 2371 1313 2396 ut
1323 2362 1379 2397 des
1392 2362 1476 2396 mihi
1491 2362 1639 2396 veniam.
1666 2364 1778 2400 Multa
1799 2367 1912 2409 enim,
1940 2370 2070 2406 &arna-

1182 2413 1256 2447 bilis
1267 2414 1344 2447 Deo
1355 2412 1550 2447 Constantia
1572 2423 1627 2447 tua
1640 2412 1706 2449 hoc
1720 2426 1772 2450 me
1794 2419 2066 2464 praesumereprae-

1182 2463 1323 2506 paravit.
1350 2462 1419 2495 Hic
1437 2463 1527 2496 enim
1550 2463 1658 2497 nullus
1680 2466 1806 2509 propia
1828 2467 1891 2502 fide
1903 2471 2064 2512 persistit,

1180 2513 1233 2547 sed
1245 2513 1380 2546 uiiiverfi
1390 2513 1529 2555 tempori
1540 2513 1681 2548 serviunt
1690 2539 1702 2556 ‚
1728 2515 1762 2550 δε
1773 2517 1890 2558 pariter
1901 2519 2064 2555 fimulato-

1180 2573 1228 2596 res
1239 2563 1342 2597 effeffl
1358 2564 1453 2603 sunt,
1480 2563 1539 2605 qui
1560 2562 1754 2598 videbantur
1775 2567 1837 2601 effe
1856 2569 2061 2605 constantes.

1179 2613 1274 2647 Solus
1285 2613 1368 2647 inter
1392 2610 1488 2655 hujus
1500 2611 1625 2646 Ciliciae
1639 2613 1820 2659 Episcopos
1841 2619 1958 2661 perstat
1971 2621 2011 2655 ad
2026 2622 2062 2656 fi-

1179 2674 1254 2697 nem
1267 2663 1434 2696 Dominus
1457 2672 1550 2695 meus
1566 2663 1642 2697 Deo
1653 2664 1861 2701 amiciffimus
1879 2669 2061 2715 Episcopus

1178 2713 1354 2753 Meletius‚
1380 2713 1437 2755 qui
1464 2711 1581 2754 ejectus
1606 2713 1649 2747 est
1664 2715 1800 2750 militari
1823 2718 2060 2761 superindutsta

1177 2761 1327 2798 Cohorte
1347 2787 1358 2803 ,
1384 2761 1475 2804 juxta
1495 2773 1609 2797 eorum
1631 2788 1642 2804 ,
1670 2765 1727 2808 qui
1750 2766 1822 2800 sunt
1846 2766 2057 2811 Antiochiae,

1175 2813 1348 2856 jussionem
1362 2835 1369 2842 -
1395 2813 1464 2846 Ora
1486 2812 1589 2856 igitur
1610 2837 1622 2854 ,
1648 2814 1816 2854 Domine,
1843 2818 1878 2850 <Sc
1902 2828 1964 2852 nos
1986 2820 2057 2854 fieri

1176 2863 1295 2907 dignos
1307 2873 1373 2897 tam
1386 2862 1453 2905 ejus
1463 2862 1608 2896 celeriter
1619 2863 1769 2898 comitari
1786 2864 1919 2911 vestigia
1933 2891 1945 2908 ,
1956 2868 2056 2911 quam

1175 2922 1236 2947 tuae
1248 2913 1349 2947 etiam
1360 2913 1544 2947 sanctitatis
1555 2936 1566 2952 ,
1592 2922 1628 2945 ut
1639 2912 1793 2955 poffimus
1815 2914 1848 2947 in
1861 2915 1913 2949 die
1935 2917 2055 2953 Domi—

1174 2964 1210 2998 ni
1222 2962 1347 2998 Christi
1369 2973 1429 2998 vos
1439 2962 1656 2998 intercessores
1673 2974 1730 3007 pro
1752 2963 1859 3001 nostra
1872 2965 2054 3004 Pufillitate

1173 3014 1315 3059 proferre
1330 3036 1338 3046 .

1359 3171 1856 3220 Scuorion.

1241 3316 1327 3354 Lura
1344 3318 1417 3351 sunt
1436 3316 1470 3351 in
1483 3317 1574 3354 Orbe
1585 3318 1749 3364 Zephyria
1761 3345 1770 3354 .
1796 3321 1902 3371 Qod
1912 3323 2047 3366 praesens

1266 3366 1360 3407 fuerit
1374 3368 1409 3403 in
1421 3368 1560 3404 secunda
1577 3371 1841 3455 Cifissfsuad‘m
1852 3370 2043 3454 haecsti-ba':

1933 3429 1947 3454 o
1960 3430 1995 3452 us
