2320 3730
633 226 944 279 Scironis,
986 237 1045 267 ET
1081 222 1274 268 Nous
1311 223 1703 270 ILLUSTRA'TAE.

232 318 305 346 tute
314 306 474 345 commisit
487 329 497 346 ‚
521 306 555 341 ὃ(
567 308 708 351 permisit
724 310 828 343 rursus
850 308 989 348 auferri,
1015 317 1115 350 quan-

230 360 281 396 do
290 360 324 393 id
340 358 423 393 bene
449 359 480 391 se
491 356 608 392 habere
619 358 776 402 judicavit
789 385 796 391 .
824 359 898 393 Nec
918 357 1007 393 enim
1027 354 1116 400 quod

230 408 305 452 -ejus
314 408 440 443 desierit
450 419 594 451 unquam
606 409 812 453 providentia
823 434 833 449 ‚
860 409 917 444 etsi
930 408 972 442 ad
985 407 1117 450 praesens

226 459 298 494 else
317 457 452 493 difficile
475 458 637 493 videatur.
665 459 709 492 Et
731 457 863 503 quidem
888 456 1055 491 Diabolus
1075 454 1116 489 ab

226 508 319 543 olim
330 508 452 555 grande
463 507 580 543 habuit
593 509 736 551 praelium
748 517 862 544 contra
873 519 948 542 eum
961 531 972 548 ‚
984 504 1017 540 &
1030 515 1118 539 nunc

232 557 316 593 illud
335 557 520 605 perturbare
536 557 677 593 omnino
701 570 757 603 per
777 558 950 593 Ministros
970 558 1043 590 suos
1057 555 1119 588 stu-

231 609 330 649 duit,
357 621 426 644 non
447 608 554 644 solum
575 608 727 643 inimicos
738 608 914 647 armando,
940 606 995 641 sed
1021 606 1056 640 &
1077 616 1119 638 ex

235 659 336 694 nobis
362 660 433 703 ipfis
452 659 493 694 ad
505 658 570 693 hoc
581 658 738 703 quosdam
748 657 921 692 Ministros
934 656 1098 699 accipiens
1111 666 1118 685 :

233 709 309 756 Qi
319 709 354 743 &
366 708 546 744 observavit
558 708 775 744 Dominicum
787 708 876 743 diem
887 732 899 749 ,
923 707 958 741 &
970 706 1028 741 sub
1050 715 1120 739 uno

234 760 373 794 cunstos
393 761 433 794 ad
463 757 697 794 introeundum
719 767 835 794 contra
846 770 909 794 nos
928 765 1121 793 concurrere

236 809 429 854 praeparavit
441 834 449 842 .

287 860 455 894 Dominus
475 868 586 894 autem
607 858 757 895 Christus
778 885 790 902 ‚
814 860 873 906 qui
906 869 1022 895 contra
1043 865 1120 891 eum

235 909 362 952 semper
372 909 440 953 ejus
451 909 615 945 convertit
625 910 755 945 infidias
763 935 775 952 ,
800 910 836 945 &
846 910 986 955 propriis
997 905 1122 949 dispen-

234 957 418 994 sationibus
439 959 569 1003 subjicit
601 983 614 1000 ,
638 961 674 995 δε
694 972 785 994 nunc
805 961 835 994 ei
864 958 1019 993 inutilem
1041 955 1119 990 fecit

234 1008 422 1044 universum
435 1019 550 1043 contra
560 1009 737 1043 Ecclesiam
747 1008 908 1051 impetum
923 1031 935 1048 ,
961 1006 1042 1041 dum
1062 1017 1122 1039 nos

234 1058 414 1101 perturbari
423 1067 493 1090 non
505 1057 594 1095 livit,
619 1055 673 1090 sed
684 1068 821 1092 omnem
830 1057 1007 1092 Ecclefiam
1021 1056 1056 1090 in
1068 1057 1123 1090 sua

233 1104 413 1140 devotione
425 1105 630 1146 construxit,
655 1105 701 1142 ita
715 1117 752 1141 ut
767 1118 837 1141 non
861 1107 969 1142 solnm
989 1106 1122 1141 clareret

232 1155 358 1190 malum
367 1179 379 1196 ‚
404 1155 458 1190 sed
468 1155 502 1190 ὅ(
512 1154 628 1190 civitas
639 1165 709 1190 tota
721 1167 798 1191 cum
807 1156 983 1191 Provincia
997 1156 1123 1191 univer-

234 1207 269 1240 sa
280 1205 460 1240 consonam
471 1216 532 1249 pro
542 1205 607 1240 fide
618 1205 802 1250 acciperent
814 1205 1018 1242 voluntatem
1031 1231 1042 1247 ‚
1052 1207 1124 1250 ipsis

233 1266 369 1300 quoque
380 1255 398 1289 a
410 1256 529 1299 pietate
539 1254 656 1290 alienis
668 1280 681 1297 ‚
706 1256 740 1290 id
750 1256 797 1290 est
807 1279 819 1297 ,
845 1255 962 1300 Judaeis
973 1281 985 1296 ,
1011 1257 1045 1290 &
1064 1255 1123 1289 hae-

233 1305 345 1340 seticis
356 1305 429 1339 aliis
440 1331 448 1347 ,
475 1315 543 1339 non
555 1317 656 1350 parvo
666 1306 812 1351 quodam
833 1316 949 1341 contra
964 1305 1123 1341 Adversa-

233 1356 303 1390 rios
315 1353 507 1390 odiomotis
516 1381 528 1398 ,
556 1367 617 1391 nec
629 1357 714 1391 circa
726 1368 786 1391 nos
798 1367 934 1401 parvum
947 1355 1122 1401 quemdam

233 1404 486 1440 ostendentibus
500 1406 673 1447 affectum,
698 1406 779 1441 dum
795 1407 880 1441 certe
902 1418 963 1441 nos
984 1407 1124 1441 latentes

233 1454 348 1499 saepius
360 1455 570 1500 degeremu8‚
583 1468 626 1491 ne
636 1456 853 1500 quiscumque
870 1466 997 1500 putaret
1008 1480 1019 1496 ,
1033 1456 1123 1501 quod

232 1505 253 1540 ὲ
265 1504 364 1539 nobis
376 1505 608 1550 instigarentur
619 1507 659 1541 ad
672 1505 750 1541 hoc.
781 1506 883 1556 Qod
893 1508 928 1542 ὅ(
940 1506 1034 1541 valde
1065 1507 1124 1540 sus-

233 1555 321 1598 pecti
343 1555 472 1590 inimici
493 1556 633 1590 dexterae
657 1556 897 1590 Altissiminon
912 1557 955 1591 ab
979 1556 1122 1590 Ecclesia

231 1615 297 1639 nos
308 1605 454 1644 tantum,
480 1604 533 1638 sed
545 1604 581 1637 dc
592 1605 611 1637 a
621 1604 755 1638 civitate
765 1605 954 1648 repulerunt
964 1630 975 1646 ‚
1002 1616 1063 1640 nec
1076 1606 1126 1639 us-

231 1663 332 1698 quam
345 1653 437 1696 juxta
447 1664 517 1687 eam
542 1653 843 1689 manerefinentes.
873 1656 936 1691 Sed
958 1655 1026 1689 haec
1047 1656 1123 1700 qui-

232 1703 313 1738 dem
328 1703 513 1737 &Domino
532 1702 666 1737 Christo
688 1705 787 1738 etiam
811 1716 902 1739 nunc
923 1707 1036 1740 cunila
1065 1717 1123 1749 pro

233 1752 346 1788 nostra
355 1754 430 1786 sunt
441 1752 621 1796 dispensata
635 1753 836 1789 Humilitate
846 1781 853 1787 .
882 1755 957 1789 Nos
971 1755 1047 1790 vero
1059 1766 1124 1790 ma·

232 1802 289 1848 gis
300 1802 570 1846 pluribusdebitis
581 1803 689 1837 sumus
701 1803 845 1838 obstristi
857 1829 867 1846 ,
893 1816 976 1847 quos
999 1805 1122 1850 dignos

233 1853 413 1895 majoribus
423 1853 500 1888 fecit
510 1877 521 1893 ,
548 1853 647 1896 quam
659 1855 773 1888 nostrae
785 1855 916 1890 virtutis
932 1856 978 1890 est
990 1881 997 1887 .

288 1902 397 1938 Unde
407 1902 514 1938 modis
525 1902 680 1937 omnibus
691 1901 861 1939 deficimus
871 1905 911 1940 ad
921 1904 1122 1940 solvendum.

235 1953 352 2000 Qam
364 1953 455 1988 enim
477 1954 555 1987 Deo
567 1954 736 1996 possumus
756 1955 935 2000 gratiarum
961 1957 1123 1990 astionem

235 2003 393 2045 reddere,
418 2003 474 2046 qui
486 2003 659 2038 nimietate
679 2004 860 2039 clementiae
879 2005 1032 2040 sustinere
1054 2017 1123 2040 ten·

234 2062 381 2088 tamenta
391 2065 451 2097 pro
463 2054 496 2088 se
521 2054 555 2088 δε
578 2053 720 2088 nostram
740 2054 896 2099 dignatus
920 2056 967 2089 est
982 2054 1125 2089 Parvita-

234 2104 327 2137 tem?
351 2103 435 2135 Non
458 2113 528 2145 quo
548 2113 647 2147 grave
667 2102 792 2146 aliquid
815 2112 1000 2147 pateremur
1010 2129 1021 2144 ,
1047 2103 1123 2148 quia

233 2153 423 2196 perfectiora
436 2152 564 2186 sufferre
576 2152 684 2185 sumus
694 2152 844 2197 indigni,
872 2152 926 2186 sed
936 2154 968 2187 ὃς
980 2152 1125 2196 Proposi-

233 2211 308 2237 tum
321 2198 555 2236 tantummodo
568 2199 759 2234 haberemus
771 2224 782 2239 ,
793 2202 882 2243 quod
893 2202 927 2234 &
940 2203 1125 2235 maximum

235 2251 337 2285 nimis
351 2251 396 2284 est
407 2249 448 2284 ad
461 2260 522 2283 nos
536 2271 547 2287 ‚
569 2249 626 2291 qui
649 2250 758 2282 sumus
776 2250 959 2283 voluntatis
982 2249 1126 2283 omnino

236 2301 389 2344 despectae
402 2326 409 2333 .
439 2298 500 2333 Sed
515 2309 600 2342 rogo
612 2306 648 2331 ut
656 2310 748 2333 orare
768 2297 913 2343 digneris
925 2322 936 2338 ,
962 2308 1124 2342 quatenus

235 2352 338 2394 usque
358 2349 399 2384 ad
419 2349 521 2383 finem
540 2346 636 2392 digni
656 2349 837 2383 efficiamur
863 2349 967 2393 gratia
979 2349 1123 2383 Domini

236 2399 361 2434 Christi
371 2424 383 2439 ‚
411 2409 447 2433 ut
457 2399 537 2432 sicut
547 2399 577 2431 ei
591 2398 716 2441 placet,
745 2399 789 2432 ita
811 2399 971 2432 residuum
996 2400 1124 2442 praesen·

235 2450 278 2483 tis
290 2448 396 2483 saeculi
407 2448 632 2492 transigamus.
659 2447 846 2482 Dominum
863 2459 974 2481 meum
1000 2449 1033 2482 ὃς
1054 2449 1123 2483 san·

236 2499 410 2533 &iflimum
433 2498 633 2542 Episcopum
647 2497 817 2533 Acilinum
841 2497 1021 2543 plurimum
1045 2499 1124 2533 salu·

235 2558 345 2584 tamus
367 2574 373 2582 .

438 2700 923 2747 SCH0L10N.

345 2845 416 2881 AEc
425 2844 562 2889 epistola
574 2844 690 2889 scripta
699 2846 744 2881 est
755 2846 774 2881 ὲ
784 2847 912 2883 latebris
922 2846 1119 2893 Mopsueste-

370 2896 405 2930 ni
416 2895 591 2931 Territorii
603 2920 614 2937 ,
625 2906 799 2941 antequam
809 2898 966 2934 Meletius
977 2900 995 2933 a
1007 2896 1119 2933 Theo-

233 2946 327 2981 dolio
346 2945 499 2991 Augusto
522 2946 718 2991 relegaretur
745 2947 781 2980 in
803 2948 975 2983 secundam
1003 2948 1118 2983 Arme-

203 3038 205 3042 ·
232 2996 326 3030 niam
347 3020 355 3028 .
379 2997 492 3031 Docet
515 3008 576 3031 nos
596 2997 687 3042 quod
710 2997 867 3033 Meletius
886 3000 926 3034 ad
950 2998 1116 3033 Comitem

233 3045 357 3079 Titum
368 3044 439 3080 vere
448 3046 604 3091 scripserit
614 3057 750 3081 ornnem
758 3046 1045 3091 Mopsuestiensem
1056 3050 1116 3083 Po—

233 3094 351 3139 pulum
372 3095 432 3130 fibi
444 3094 582 3131 fideliter
607 3095 788 3138 adhaerere,
814 3109 957 3142 paratum
968 3101 1066 3135 etiam
1077 3099 1115 3134 ad

233 3155 341 3180 arma.
368 3144 496 3180 Verum
520 3146 665 3182 Comitis
683 3159 772 3183 arma
784 3147 915 3185 fuerunt
939 3151 1117 3184 validiora.

234 3192 387 3229 Secundo
409 3206 472 3230 nos
492 3195 589 3231 docet
598 3221 615 3237 ,,
636 3198 725 3243 quod
736 3199 836 3240 usque
848 3209 927 3235 tunc
941 3200 1094 3235 Acilinus
1107 3225 1117 3241 ,

234 3244 402 3279 Barbaliffi
433 3246 486 3280 Ex
498 3265 509 3271 -
521 3247 702 3291 Episcopus
722 3273 734 3289 ,
761 3246 933 3295 Hierapoli
967 3250 1115 3284 manserit

232 3294 320 3338 apud
330 3292 559 3331 Alexandrum
571 3322 580 3329 .
608 3298 654 3332 Et
676 3308 755 3332 tunc
765 3300 906 3334 omnino
918 3301 951 3335 in
966 3301 1115 3344 Mopsue-

234 3345 340 3379 stienfi
353 3345 495 3381 Ecclesia
506 3348 626 3382 fastum
637 3347 682 3382 est
694 3348 734 3383 de
744 3349 851 3383 Sancti
864 3349 983 3393 Cyrilli
1006 3363 1043 3385 ac
1056 3352 1115 3385 sce-

233 3394 327 3438 lerati
339 3393 517 3431 Theodori
530 3397 720 3432 nominibus
730 3422 742 3438 ,
766 3399 856 3443 quod
868 3399 952 3445 apud
967 3401 1114 3444 quintam

337 3444 443 3490 Christ.
457 3450 539 3489 Lupi
550 3451 650 3490 Opera
660 3450 694 3482 T.
706 3452 774 3483 VII.

1887 244 1919 288 ‘3
1935 246 1997 289 39

1176 304 1351 349 Synodum
1368 304 1522 340 habemus
1545 306 1580 340 in
1601 306 1827 350 Mopsuestana
1843 312 1999 356 Synodo:
2027 314 2055 348 E

1176 356 1281 390 Sacris
1305 355 1531 391 defuntstorum
1551 356 1790 400 Episcoporum
1808 362 1986 405 Dyptichis
2011 375 2059 399 ra-

1180 408 1249 440 sum
1269 405 1465 445 Theodori,
1491 418 1528 440 ac
1548 405 1617 449 ejus
1639 406 1673 440 in
1686 406 1797 441 locum
1809 409 1992 453 inscriptum
2003 425 2063 449 no.

1180 466 1255 490 men
1280 456 1387 490 saneti
1414 455 1555 499 cyrilli.
1584 455 1816 491 Etevivorum
1826 459 1945 493 tabulis
1957 464 2061 497 rasum

1180 506 1225 539 est
1239 517 1361 540 nomen
1375 506 1504 541 Meletii
1517 531 1525 537 .
1552 507 1685 542 Fadium
1698 507 1744 541 est
1763 507 1804 542 ad
1818 509 2002 543 firmitatem
2011 522 2063 555 pa-

1184 555 1245 589 cis.
1274 556 1407 591 Etenim
1429 556 1581 600 palmaris
1605 555 1793 598 Articulus,
1821 568 1920 602 quem
1946 561 2064 595 fastiofi

1181 606 1335 648 Episcopi
1346 605 1380 640 in
1391 618 1470 650 pace
1480 606 1704 642 aversabantur
1715 633 1725 648 ‚
1752 610 1819 642 era't
1830 607 1937 643 Sanffl
1946 608 2068 651 Cyrilli

1181 656 1374 690 communio
1389 669 1396 688 ε
1424 657 1510 691 Eum
1523 656 1697 692 censebant
1708 657 1971 698 Haerefiarcham,
1981 658 2069 693 ideo-

1183 714 1246 748 que
1270 705 1446 741 multifaria
1468 709 1583 742 mortis
1601 719 1721 753 genera
1736 732 1748 749 ,
1771 717 1877 752 quam‘
1892 708 1976 743 istud
1991 720 2071 743 con-

1184 755 1310 799 tagium
1326 756 1492 792 malebant
1513 758 1703 792 admittere.
1731 757 1827 793 Alter
1840 760 1927 802 pacis
1939 757 2069 793 Articu—

1186 804 1233 839 lus
1257 829 1268 846 ,
1295 817 1393 848 quem
1415 807 1483 850 pari
1509 808 1685 851 pertinacia
1720 807 1770 842 illi
1801 807 2070 849 detestabantur,

1185 865 1253 888 erat
1275 855 1445 892 damnatio
1468 857 1636 892 Nestorii.
1665 859 1709 892 Et
1731 858 1815 894 inter
1840 858 1998 903 praecipua
2019 858 2073 892 ad·

1186 904 1292 940 versus
1313 906 1407 941 illurn
1429 906 1639 943 fundamenta
1652 931 1663 947 ,
1688 906 1754 943 hoc
1776 909 1818 944 ad
1829 909 1999 944 Comitem
2009 908 2072 942 Ti-

1186 964 1259 990 tum
1272 956 1434 999 scripserat
1444 956 1621 992 Meletius:
1651 962 1716 991 Nec
1727 964 1806 992 enim
1817 961 1901 1001 cujus
1918 957 1976 1000 fint
1987 957 2073 1002 discia

1182 1007 1247 1048 pult·
1273 1004 1386 1048 nesi-is.
1414 1005 1544 1050 Agebat
1568 1007 1610 1040 de
1632 1008 1689 1042 suo
1714 1006 1868 1052 Populo,
1894 1009 2076 1044 affirmabat

1186 1057 1248 1089 effe
1258 1053 1456 1096 Theodori,
1486 1056 1542 1099 qui
1553 1054 1744 1090 Nestorium
1756 1057 1912 1092 docuerat
1925 1060 2076 1103 Discipu-

1187 1104 1260 1145 los,
1287 1105 1429 1149 ideoque
1448 1104 1490 1138 ab
1511 1104 1609 1147 hujus
1631 1116 1742 1140 amore
1751 1117 1789 1141 ac
1797 1106 1984 1142 defensione
1996 1120 2077 1142 nun-

1185 1166 1284 1199 quam
1302 1154 1492 1191 avellendos
1507 1179 1515 1187 .
1545 1153 1690 1188 Proinde
1715 1154 1757 1189 ad
1780 1155 1878 1190 istum
1911 1155 2078 1200 Populum

1186 1206 1272 1240 circa
1291 1204 1358 1239 haec
1381 1204 1449 1240 duo
1468 1203 1735 1247 componendum
1748 1229 1758 1246 ‚
1786 1206 1868 1240 fasta
1880 1205 1925 1239 est
1938 1206 1995 1241 ista
2009 1218 2082 1240 mu-

1187 1255 1269 1290 tatio
1281 1269 1292 1288 .·
1319 1256 1374 1290 Sic
1399 1254 1488 1290 enim
1502 1255 1521 1289 a
1531 1253 1709 1289 Theodori
1722 1255 1961 1290 communione
1973 1256 2027 1291 div
2034 1256 2082 1290 ul-

1187 1307 1238 1340 sus
1248 1304 1294 1340 est
1308 1329 1319 1346 ‚
1329 1306 1363 1339 ὅτ.
1373 1305 1561 1350 compulsus
1574 1304 1615 1340 ad
1628 1305 1747 1339 Sansto
1761 1305 1891 1349 Cyrillo
1903 1317 1971 1340 non
1987 1306 2085 1340 dum-

1187 1365 1277 1390 taxat
1287 1355 1625 1395 communicandum,
1650 1355 1702 1389 sed
1724 1356 1824 1389 etiam
1845 1356 1887 1390 ad
1912 1356 1979 1400 ejus
1992 1367 2080 1391 com-

1189 1406 1384 1440 munionem
1396 1405 1545 1448 quotidie
1558 1405 1592 1440 iu
1605 1406 1814 1441 Sacrosane‘to
1826 1406 1994 1441 Sacrificio
2010 1418 2084 1451 pro·

1190 1454 1371 1490 fitendum.

1242 1504 1367 1549 Aliqua
1385 1513 1495 1541 tamen
1520 1506 1675 1541 videntur
1699 1505 1808 1541 valide
1833 1505 1977 1542 obstare.
2005 1505 2082 1540 Pri-

1192 1553 1249 1588 mo
1261 1579 1272 1596 ,
1299 1555 1389 1599 quod
1415 1557 1474 1590 ista
1498 1557 1674 1593 nominum
1688 1558 1916 1591 transmutatio
1928 1556 1997 1590 fieri
2012 1567 2084 1590 non

1195 1606 1337 1649 potuerit
1349 1631 1361 1647 ,
1386 1606 1445 1639 nisi
1456 1617 1496 1639 ex
1510 1605 1730 1645 authoritate,
1755 1617 1811 1640 aut
1831 1605 1941 1639 saltem
1951 1615 1992 1637 ex
2005 1616 2085 1638 con-

1194 1655 1287 1689 sensu
1313 1654 1507 1690 Patriarchae
1530 1656 1683 1700 Joannis:
1711 1655 1760 1689 At
1772 1653 1913 1689 verohic
1923 1653 2087 1688 Theodo-

1194 1716 1267 1738 rum
1288 1705 1547 1739 constantissime
1567 1704 1735 1744 defendit,
1762 1705 1797 1739 δε
1822 1704 1871 1738 illi
1892 1704 1911 1737 a
1933 1703 2085 1739 Rabbula.

1195 1754 1357 1789 infinitum
1379 1754 1554 1790 anathema
1575 1765 1746 1798 nunquam
1767 1754 1876 1789 voluit
1888 1754 2060 1789 admittere
2075 1781 2083 1787 .

1196 1803 1348 1847 Ejusdem
1360 1805 1464 1838 animi
1476 1805 1540 1839 fuit
1552 1799 1622 1848 e‘jus
1629 1806 1745 1848 Nepos
1753 1815 1791 1838 ac
1803 1805 1968 1839 Successor
1978 1804 2087 1838 Dom-

1196 1865 1274 1888 nus.
1301 1853 1453 1889 Secundo
1474 1853 1615 1888 defuncti
1628 1865 1752 1889 nomen
1764 1853 1897 1889 &Sacris
1907 1853 2026 1888 tabulis
2040 1866 2085 1889 ra-

1194 1903 1291 1944 dere,
1314 1904 1359 1939 est
1380 1903 1485 1948 ipsum
1505 1903 1660 1939 damnare
1681 1927 1692 1944 ‚
1716 1916 1755 1939 ac
1778 1903 2056 1939 anathematizare
2073 1918 2082 1938 t

1195 1953 1243 1987 At
1268 1953 1345 1988 vero
1366 1952 1432 1987 haec
1453 1954 1584 1988 Meletii
1605 1955 1721 1997 ejefflo
1742 1955 1825 1988 facta
1850 1954 1896 1988 est
1909 1954 2085 1988 anteinfli*

1193 2005 1278 2037 &um
1300 2002 1487 2038 Theodoro
1512 2014 1567 2047 per
1580 2003 1768 2038 Rabbulam
1780 2002 1954 2037 anathema
1968 2027 1976 2034 .
2003 2004 2086 2036 Ter-

1194 2052 1243 2085 tio
1256 2075 1267 2090 ‚
1293 2053 1388 2086 vivus
1407 2052 1540 2086 inscribi
1560 2063 1629 2086 non
1656 2061 1782 2096 poterat
1808 2054 1844 2085 in
1856 2052 2084 2087 defunstorum

1193 2099 1336 2136 tabulis:
1364 2100 1412 2135 Axe
1438 2101 1516 2135 vero
1539 2102 1663 2136 clarum
1685 2101 1731 2136 est
1751 2103 1904 2137 Sanctum
1915 2102 2084 2146 Cyrillum

1192 2160 1273 2185 tunc
1285 2150 1394 2184 adhuc
1417 2151 1531 2184 vixiss‘e
1544 2176 1551 2183 .

1241 2198 1443 2240 Respondeo
1463 2199 1596 2231 tertium
1617 2208 1845 2242 argumentum
1873 2203 1935 2234 effe
1959 2203 2085 2237 nullius

1191 2246 1345 2290 ponderis
1367 2271 1375 2278 .
1406 2246 1540 2280 Etenim
1562 2249 1697 2282 Sanctus
1724 2248 1873 2290 Cyrillus
1894 2252 2002 2293 potuit
2022 2254 2085 2294 pri*-

1191 2307 1281 2329 mum
1291 2295 1422 2329 inscribi
1436 2296 1471 2329 in
1484 2296 1647 2331 Vivorum
1659 2297 1970 2341 tabulis,p0stmodo
1982 2311 2083 2335 trans-

1189 2346 1265 2379 ferri
1286 2347 1322 2379 in
1347 2345 1474 2379 tabulas
1496 2346 1756 2381 Defunstorum.
1785 2349 1886 2396 Qod
1905 2349 1952 2383 ha:
1963 2352 2081 2385 tabulae

1190 2397 1374 2439 frequenter
1385 2406 1586 2430 mutarentur
1597 2421 1608 2438 ‚
1635 2399 1689 2431 seu
1705 2409 1797 2432 novae
1808 2399 2081 2442 describerentur,

1189 2445 1412 2480 demonstrant
1433 2447 1516 2480 Acta
1529 2447 1799 2490 Mopsuestiensis
1810 2450 1938 2492 Synodi
1952 2475 1958 2480 .
1986 2452 2079 2496 Qa—

1190 2505 1318 2539 ptopter
1343 2496 1402 2529 ista
1415 2497 1528 2530 omnia
1538 2496 1692 2541 videntur
1706 2509 1772 2532 non
1785 2499 1877 2533 fimul
1889 2501 1969 2534 facta
1981 2525 1992 2540 ,
2021 2502 2076 2536 sed

1188 2557 1228 2580 ex
1243 2546 1358 2589 aliquo
1369 2546 1542 2581 intervallo
1555 2548 1726 2591 temporis.

1238 2596 1418 2640 Degradati
1434 2595 1565 2631 Meletii
1590 2609 1710 2633 nomen
1725 2598 1786 2634 fuit
1799 2600 1906 2639 statim
1918 2601 2054 2644 ejectum
2066 2627 2074 2636 .

1189 2646 1267 2680 Hoc
1289 2645 1421 2688 jubebat
1440 2646 1647 2691 degradatio.
1676 2648 1719 2683 Et
1739 2650 1851 2693 ejusin
1866 2651 1976 2685 locum
1989 2653 2074 2686 vide-

1188 2707 1240 2731 tur
1259 2697 1427 2731 ssiffestum
1449 2708 1571 2731 nomen
1582 2699 1821 2742 Sant‘liCyrilli
1835 2701 1990 2735 viventis.
2016 2702 2074 2736 Ob

1186 2745 1306 2781 distam
1325 2747 1486 2781 rationem
1500 2773 1506 2780 .
1533 2748 1622 2782 Istud
1635 2747 1811 2792 postmodo
1823 2751 2015 2785 translatum
2030 2764 2074 2785 ex

1186 2795 1332 2831 moreest
1355 2797 1391 2831 in
1403 2797 1641 2832 Defunctorum
1658 2797 1821 2833 tabulam.
1849 2800 1980 2833 Exinde
2006 2802 2073 2834 suc-

1184 2847 1271 2881 ceffit
1292 2846 1451 2881 Rabbulae
1473 2859 1511 2882 ac
1524 2849 1740 2882 Melitinenfis
1764 2848 1880 2882 Aeacii
1906 2849 1941 2882 in
1955 2847 2073 2884 Theo-

1184 2897 1303 2931 dorum
1330 2896 1516 2932 Anathema
1528 2924 1535 2931 .
1563 2898 1607 2931 Et
1620 2908 1758 2942 magnus
1768 2896 1824 2932 ille
1835 2910 1873 2932 ac
1885 2910 1990 2933 novus
2001 2910 2070 2934 mo·-

1184 2956 1235 2981 tus
1247 2944 1425 2983 Orientalis
1437 2948 1589 2982 Ecclesiae.
1603 2947 1677 2981 Nec
1686 2947 1903 2982 dubitandum
1915 2949 1975 2990 est,
1985 2951 2068 2993 quin

1183 2997 1445 3040 Mopsuestienfis
1463 2997 1608 3040 Populus
1630 2996 1910 3032 fueritinterillos
1923 3023 1934 3038 ,
1960 3001 2066 3043 quiin

1182 3047 1244 3082 suis
1257 3047 1405 3082 Ecclefiis
1416 3046 1640 3082 exclamabant
1652 3061 1663 3080 .-
1692 3046 1815 3091 Crescat
1825 3048 1901 3090 fides
1914 3048 2064 3083 Theodori.

1181 3102 1230 3131 Ita
1239 3099 1383 3132 credimus
1395 3122 1404 3137 ‚
1413 3097 1483 3139 ficut
1494 3096 1658 3130 Theodorus
1670 3123 1677 3130 .
1700 3097 1805 3132 Porro
1817 3098 1973 3134 Meletius
1984 3109 2065 3134 tunc

1181 3148 1334 3183 exulabat
1359 3148 1518 3182 Melitinae
1544 3147 1628 3189 apud
1643 3146 1822 3183 Acacium.
1850 3148 1926 3184 Nec
1935 3151 1968 3184 se
1980 3161 2065 3184 con-

1180 3198 1323 3232 tinebat.
1350 3194 1442 3231 Hinc
1455 3197 1544 3231 vario
1556 3197 1654 3231 fraeno
1664 3196 1777 3233 debuit
1789 3199 1982 3243 comprimi.
2006 3199 2063 3234 Ad

1180 3248 1486 3293 Mopsuestenorum
1511 3247 1610 3292 igitur
1630 3246 1727 3291 plene
1745 3248 1981 3292 pacificandam
2005 3250 2064 3283 Ec-

1180 3298 1327 3340 clefiam,
1354 3298 1448 3342 possit
1471 3296 1635 3339 Aeacius,
1661 3309 1729 3331 non
1751 3299 1770 3332 a
1794 3300 1940 3342 Joanne,
1967 3299 2020 3333 sed
2042 3298 2060 3331 a

1179 3348 1372 3383 Theodosio
1396 3347 1548 3391 Augusto
1569 3372 1579 3388 ‚
1606 3348 1662 3391 qui
1688 3347 1863 3383 Theodori
1887 3348 2060 3383 anathema

1179 3400 1386 3436 confirmarat
1399 3422 1411 3440 ‚
1437 3399 1613 3442 impetrasse
1626 3422 1638 3437 ,
1664 3406 1701 3432 ut
1721 3399 1790 3442 ejus
1805 3409 1926 3433 nomen
1939 3396 2060 3431 radere-

1598 3448 1624 3481 F
1652 3449 1671 3482 f
1715 3458 1738 3484 2
1936 3457 2009 3480 tur.
