2320 3730
75 2934 162 2974 Epist·
186 2941 234 2975 83.

617 167 933 223 Scu0L115‚
971 179 1032 210 ET
1067 163 1263 211 Nous
1296 174 1689 211 ILLUSTRATAE.

249 251 421 289 Himerius
429 247 520 285 erata
531 259 609 294 pace
619 250 768 284 exclusus
781 274 792 291 ‚
818 261 856 285 ac
872 250 1019 284 firmatus
1032 247 1068 281 in
1091 245 1133 278 Ε-

250 303 380 348 phelina
407 301 444 335 &
476 300 847 344 Constantinopolitana
882 297 1128 346 degradatione:

250 353 346 389 Hinc
369 351 443 394 quis
468 351 592 385 amicus
617 352 703 386 inter
740 350 925 386 Orientales
954 349 1134 393 Episcopus

251 399 443 436 Theosebio
454 402 565 436 suadet
577 424 588 441 ‚
613 411 650 436 ut
660 402 765 446 ipsum
775 400 897 436 deserat
907 424 919 441 ‚
945 398 1076 433 accedat
1093 395 1135 430 ad

249 460 365 497 pacem
384 462 423 486 ac
441 453 540 486 salvet
561 452 764 496 semetipsum
773 475 789 491 .,
808 451 887 485 Erat
909 449 981 493 quis
1002 447 1136 491 Episco-

250 512 312 545 pus
321 499 421 547 longe
431 501 555 537 diffitus
564 502 582 536 a
595 501 790 538 Theosebio
799 525 812 542 ,
837 499 940 545 longe
961 496 1082 533 distans
1093 494 1135 531 ab

252 549 400 586 hostibus
413 577 424 593 ,
434 564 472 587 ac
483 553 595 587 sedens
603 562 694 587 extra
708 552 789 586 iaus
797 551 986 596 sagittarum
998 571 1005 579 -
1032 546 1135 581 Nem·

251 600 294 645 pe
312 611 378 637 erat
391 603 489 647 prope
499 601 717 638 Antiochiam
731 625 745 642 ‚
766 601 822 635 ubi
846 609 976 644 propter
999 597 1134 641 Ioannis

252 650 446 688 Patriarchae
469 652 679 700 vigilantiam
698 663 738 689 ac
757 651 969 689 reverentiam
978 657 1135 695 erantpa-

253 710 322 738 ατε
330 712 444 738 omma
455 728 464 737 .

397 1038 496 1081 CA
509 1035 603 1080 PU
617 1032 658 1080 T
695 1034 944 1082 LXXXIX.
985 1052 1130 1099 „177

245 1221 364 1288 Wrba
396 1225 521 1271 Irenaei
552 1259 568 1282 ,
611 1241 690 1290 quae

342 1291 486 1358 stolam
510 1290 636 1362 fhpra
661 1292 859 1361 sir-ipram
895 1312 1026 1344 contra

490 1361 713 1413 Theodoreti
754 1363 857 1413 dixit
869 1401 883 1414 .
1071 1391 1074 1394 ’

358 1553 389 1587 Is
401 1551 551 1591 credens,
575 1551 682 1586 immo
697 1550 772 1586 vero
794 1551 947 1587 inductus
966 1554 1025 1589 iste
1036 1552 1134 1589 Ama-

380 1610 433 1636 tor
452 1602 540 1643 Dei,
565 1602 599 1635 &
623 1601 772 1636 Ecclefiae
791 1601 960 1645 quondam
985 1604 1134 1646 Ductor,

247 1654 308 1697 qui
315 1651 448 1697 regebat
459 1662 588 1686 currum
603 1675 614 1692 ,
640 1650 687 1686 est
701 1650 796 1686 valde
820 1652 952 1696 quidem
975 1653 1136 1689 obduEtus

247 1703 291 1737 de
309 1701 407 1738 bonis
425 1702 498 1746 paci
519 1702 647 1736 nunciis
673 1725 680 1734 .
708 1701 896 1750 Qiomodd
920 1704 1009 1739 enim
1031 1707 1135 1749 posset

247 1752 343 1788 aliter
361 1752 516 1787 evenire?
540 1751 706 1787 Nondum
729 1750 806 1787 vero
826 1754 929 1788 sciens
944 1754 1041 1799 hujus
1059 1766 1138 1790 rno-

248 1803 328 1838 dum
350 1802 565 1838 famofiffimae
587 1801 761 1847 pastionis,
789 1803 849 1837 sed
866 1814 973 1847 neque
994 1806 1137 1840 omnino

247 1854 285 1887 in
305 1853 420 1887 animo
446 1863 505 1895 pro
535 1851 707 1886 nimietate
741 1853 916 1896 impietatis
941 1855 1109 1899 accipiens
1126 1879 1139 1897 ,

247 1913 319 1946 quae
340 1901 513 1937 molimina
543 1903 645 1936 essent
667 1926 679 1942 ,
706 1913 774 1937 non
799 1902 840 1937 ad
871 1903 975 1948 ipsum
1007 1906 1136 1947 solum,

247 1951 303 1986 sed
317 1952 445 1996 insuper
456 1952 496 1987 ad
519 1951 602 1987 alios
611 1951 738 1988 multos
757 1952 916 1989 similibus
929 1956 1004 1991 usus
1030 1956 1075 1991 est
1086 1956 1137 1991 lit-

249 2010 340 2037 teris.

436 2157 937 2202 ScuorroN.

358 2303 410 2336 Oc
423 2300 534 2335 Irenaei
549 2299 709 2335 Scholion
723 2299 758 2334 in
768 2299 1000 2344 praecedentem
1021 2298 1139 2335 Theo-

383 2351 489 2385 doreti
516 2351 685 2395 epistolam
709 2351 848 2385 affirmat
871 2351 972 2385 varia.
1000 2349 1138 2390 Primo,

249 2401 341 2443 quod
353 2399 590 2434 Theodoretus
611 2400 707 2434 fuerit
730 2409 855 2435 amator
867 2401 936 2435 Dei
949 2424 960 2440 ,
989 2400 1140 2434 Ecclefiae

249 2450 418 2492 quondam
439 2449 589 2488 Dostor,
615 2450 649 2483 &
674 2451 775 2483 rector
797 2460 926 2491 currus,
953 2447 1018 2484 hoc
1030 2449 1077 2484 est
1089 2459 1139 2485 to-

248 2500 315 2532 tius
339 2499 520 2533 Orientalis
543 2499 745 2533 Dioecefios.
780 2499 825 2532 Et
846 2511 919 2533 vera
943 2499 1024 2534 dicit
1049 2524 1056 2532 .
1083 2499 1139 2534 Et-

247 2549 335 2583 enim
350 2548 389 2582 de
405 2549 463 2582 suo
485 2549 519 2582 in
545 2548 658 2581 Deum
684 2559 795 2582 amore
816 2548 1053 2584 Theodoretus
1068 2550 1138 2584 inli-

247 2609 347 2643 gnem
371 2597 480 2632 scribit
497 2598 725 2640 profeffionem
762 2598 797 2631 in
821 2597 888 2631 vita
920 2598 1138 2634 Anachoretae

247 2646 461 2682 Macedonii.
490 2646 643 2682 Affirmat
668 2649 700 2681 se
722 2647 818 2683 matri
842 2647 1013 2682 Divinitas
1023 2649 1137 2684 datum

247 2697 288 2731 ad
299 2697 368 2741 ejus
381 2708 487 2740 preces
499 2722 509 2738 ‚
521 2698 553 2732 δε
564 2698 649 2740 prius
660 2697 736 2731 Deo
748 2696 936 2741 promissum
949 2723 960 2739 ‚
971 2711 1068 2743 quam
1084 2711 1139 2735 na-

248 2757 320 2782 tum
335 2772 341 2778 .
370 2748 424 2782 De
434 2748 487 2781 sua
508 2747 653 2781 doctrina
664 2747 705 2782 ad
717 2749 917 2783 Dioscorum
930 2748 1139 2785 Alexandriae

247 2796 472 2831 Patriarcham
496 2796 606 2831 scribit
631 2798 662 2831 se
683 2798 741 2831 sub
761 2797 948 2833 Theodoto
972 2800 1049 2840 sear,
1076 2801 1136 2835 sub

249 2848 376 2891 Joanne
386 2846 573 2882 patriarcha
584 2847 738 2881 tredecim
749 2850 844 2883 annis
860 2848 1004 2884 docuisse
1016 2849 1137 2886 Antio-

249 2897 388 2932 chenam
413 2897 608 2932 Eccleliam.
636 2898 680 2931 Et
704 2899 812 2941 postea
832 2900 906 2934 aliis
930 2911 1050 2934 novem
1078 2901 1135 2935 sub

249 2948 391 2983 Domno
416 2973 424 2980 .
451 2949 532 2982 Hoc
554 2947 625 2990 post
646 2949 814 2990 praesentes
841 2950 935 2984 lites.
963 2951 1074 2985 Etiam
1103 2953 1134 2986 se

251 2999 437 3040 frequenter
448 2997 534 3041 apud
546 2994 726 3032 Berrhaeam
737 3009 847 3034 coram
860 3001 989 3046 Magno
1003 3001 1134 3045 Episco-

251 3058 297 3092 po
310 3047 434 3081 Acacio
444 3049 539 3083 fuisse
551 3048 789 3083 concionatum
814 3050 946 3086 testatur
959 3052 994 3085 in
1018 3051 1134 3087 litterIs

253 3097 294 3131 ad
308 3096 525 3132 Berrhaeenses
538 3098 691 3132 Clericos.
720 3098 798 3134 Erat
811 3100 889 3136 item
899 3104 1001 3136 rector
1011 3113 1134 3145 currus,

256 3146 372 3190 utpote
393 3158 483 3181 mens
497 3172 507 3188 ‚
532 3159 592 3189 os,
619 3148 778 3194 &lingua
802 3152 955 3186 omnium
969 3151 1063 3185 isthic
1075 3154 1134 3197 Sy-

252 3197 436 3231 nodorum.
464 3196 541 3231 Fuit
567 3199 673 3232 revera
699 3199 843 3235 summus
862 3202 1058 3246 Episcopus.
1087 3206 1134 3239 At

255 3247 373 3282 incidit
386 3247 418 3280 in
434 3247 568 3282 distorta
582 3258 728 3291 tempora
740 3274 748 3282 .

315 3296 454 3331 Irenaeus
476 3297 618 3332 secundo
639 3299 778 3334 affirmat
800 3301 907 3346 ipsum
928 3304 1018 3337 fuiss‘e
1041 3302 1134 3338 valde

253 3346 434 3383 obductum
447 3347 487 3382 de
499 3348 595 3383 bonis
607 3349 692 3391 pacis
701 3351 830 3387 nunciis
839 3375 847 3386 .
874 3354 1009 3393 Etenim
1022 3354 1133 3389 Theo·

355 3396 462 3443 Christ.
476 3402 558 3443 Lupi
570 3403 667 3442 Opera
678 3401 712 3434 T.
724 3404 791 3436 VII.

716 1223 805 1290 poa
839 1229 998 1277 Jaannis
1034 1229 1132 1295 Epi·
1157 1214 1159 1216 ’

1907 186 2007 231 241·

1195 245 1326 282 doretus
1335 243 1458 280 dudum
1469 243 1598 282 credere
1608 258 1676 282 non
1687 249 1794 293 potuit
1804 251 1995 290 Nestorium
2005 257 2070 291 effe

1195 295 1380 332 haereticum
1392 322 1403 339 ,
1429 297 1568 341 ideoque
1578 308 1638 331 nec
1657 298 1724 341 ejus
1745 301 1993 341 damnationem
2013 315 2071 340 vo..

1195 347 1257 382 luit
1269 348 1457 383 admittere.
1484 345 1686 391 Ephefinum
1697 349 1924 389 Latrocinium
1944 356 1976 391 ei
1996 366 2074 400 ape-

1196 398 1260 432 ruit
1269 398 1401 434 oculos:
1413 398 1476 433 Ista
1484 398 1614 433 vexatio
1624 398 1716 434 dedit
1728 399 1929 437 intelle-stum
1940 429 1948 437 .
1963 404 2070 453 Qud.

1196 446 1290 483 istam
1300 447 1547 483 damnationem
1560 459 1639 483 tunc
1649 448 1821 486 admittere
1832 453 1964 495 coeperit
1977 476 1989 493 ,
2011 453 2070 489 do-

1196 507 1247 532 cet
1258 499 1377 544 Magni
1389 498 1511 534 Leonis
1521 498 1696 538 Pontificis
1708 500 1915 545 Rescriptum
1932 501 1982 536 ⁴ad
2003 502 2072 546 ejus

1194 547 1384 584 Romanam
1408 550 1677 594 appellationem.
1708 550 1752 586 Et
1776 550 1872 587 istam
1892 550 2077 586 damnatio-

1193 609 1270 633 nem
1279 600 1325 633 est
1347 600 1481 635 tandem
1501 600 1538 635 in
1553 598 1812 637 Chalcedonenli
1825 601 1984 637 Concifio
1994 600 2076 637 sole·

1191 649 1312 683 mniter
1322 651 1476 693 profeffus
1488 675 1497 683 .
1525 650 1637 686 Etiam
1656 661 1795 695 quatuor
1815 661 2076 688 memoratorum

1194 698 1433 744 Episcoporum
1453 700 1472 734 a
1490 712 1570 746 pace
1590 701 1732 738 exclufio
1751 701 1804 737 illi
1822 700 2004 749 graviffime
2027 701 2078 737 di-

1193 749 1341 792 splicuit.
1370 748 1511 791 Tertio,
1537 751 1673 788 Irenaeus
1683 751 1777 788 istam
1796 764 1911 797 pacem
1934 751 2078 798 appellat

1194 799 1439 835 famofiffimam
1472 799 1650 843 paffionem
1682 829 1690 836 .
1728 803 1860 838 Eisdem
1888 801 1931 840 de
1955 802 2071 839 caulis.

1196 849 1278 894 Ejus
1287 849 1410 888 nuncia
1419 848 1558 898 appellat
1568 850 1655 888 bona
1675 863 1730 899 per
1739 852 1883 891 Ironiam
1894 879 1904 889 .

1997 1039 2076 1047 ..-

1455 1185 1714 1237 CAPUT
1749 1189 1848 1235 XC.
1920 1187 2084 1249 '4177

1195 1375 1371 1446 Epistola
1421 1374 1579 1424 'Hndreae
1623 1374 1860 1443 Samofiztem‘
1907 1374 2087 1447 Epffloffi

1258 1487 1264 1490 .
1311 1445 1406 1516 „fid
1441 1445 1708 1505 Alexandrum
1743 1450 1935 1518 Hierapo-

1393 1516 1468 1534 ””““’
1489 1535 1505 1540 “
1534 1516 1670 1563 *ltrmm'
1671 1536 1712 1563 m
1725 1550 1740 1563 .

1316 1703 1398 1740 Ulti
1417 1703 1517 1750 &per
1527 1705 1654 1740 litteras
1666 1728 1678 1746 ‚
1702 1703 1805 1750 &per
1826 1701 2016 1749 semetipsos
2035 1703 2091 1748 pm

1340 1766 1411 1790 cem
1435 1756 1533 1791 nobis
1553 1753 1780 1791 annunciant.-
1805 1754 1853 1789 Et
1874 1754 1911 1789 hi
1935 1754 2090 1790 videntur

1202 1805 1299 1840 nobis
1311 1806 1526 1841 condelectari
1535 1806 1577 1840 de
1586 1804 1651 1840 hoc
1667 1805 1759 1841 bono
1770 1805 1916 1840 nuncio.
1945 1805 2023 1850 Ego
2038 1815 2093 1840 ve·

1200 1854 1239 1889 ro
1249 1866 1310 1896 ea,
1337 1866 1408 1900 quae
1418 1856 1543 1891 suntin
1554 1854 1667 1890 medio
1680 1879 1692 1896 ,
1717 1865 1873 1896 cernens,
1896 1855 2092 1891 ficut&tua

1200 1905 1359 1941 sanctitas
1370 1904 1488 1947 novit,
1513 1905 1628 1940 videor
1638 1904 1862 1949 quidemcum
1887 1903 2021 1940 fastidio
2042 1905 2092 1938 su-

1202 1955 1321 1999 scipere
1344 1955 1507 1995 nuncios,
1534 1955 1718 2000 ingemisco
1742 1955 1821 1989 vero
1843 1955 1930 1998 apud
1943 1953 2090 1989 memeti-

1200 2006 1293 2049 psum
1310 2007 1484 2050 cogitans,
1511 2006 1600 2049 quafi
1626 2015 1696 2038 non
1710 2002 1836 2048 aliquid
1860 2002 1980 2037 novius
2000 2013 2092 2037 nunc

1201 2053 1300 2088 nobis
1311 2054 1353 2088 ab
1373 2054 1578 2088 Alexandria
1602 2054 1762 2088 deferatur
1779 2067 1790 2086 :
1816 2055 1889 2086 Pax
1908 2063 1975 2088 cum
1997 2064 2093 2087 corru-

1196 2108 1299 2146 ptione
1318 2103 1372 2146 fiet
1392 2103 1484 2146 fidei.
1511 2103 1602 2138 Nam
1623 2103 1747 2139 litteras
1775 2102 1910 2146 quidem
1925 2127 1937 2144 ‚
1961 2114 2032 2147 quae
2049 2102 2093 2138 ab

1201 2153 1405 2189 Alexandria
1428 2153 1556 2189 direstae
1578 2154 1676 2195 sunt,
1701 2153 1815 2199 legens
1827 2178 1840 2195 ‚
1865 2165 1945 2196 quas
1962 2153 2092 2189 &olim

1201 2212 1264 2237 tuae
1276 2203 1445 2238 Sanfiitati
1459 2203 1618 2237 transmisi
1634 2227 1648 2242 ‚
1673 2202 1844 2237 clariorem
1865 2203 2090 2247 vidiimpieta-

1200 2261 1268 2285 tem
1294 2250 1457 2295 divulgari
1478 2274 1487 2283 .
1524 2250 1636 2284 Video
1659 2259 1770 2285 autem
1805 2250 1930 2286 multos
1951 2262 2091 2293 eorum,

1199 2301 1257 2344 qui
1267 2299 1461 2335 videbantur
1472 2311 1531 2343 pro
1544 2298 1608 2335 fide
1619 2310 1739 2335 certare
1749 2325 1760 2342 ‚
1771 2301 2008 2345 particulariter
2020 2302 2092 2337 sub-

1201 2352 1427 2395 deponentes‚
1452 2350 1487 2384 &
1506 2350 1739 2386 satisfacientes
1768 2363 1827 2395 pro
1850 2350 1923 2393 his,
1948 2353 2006 2396 qui
2029 2364 2092 2387 nos

1199 2401 1241 2434 ad
1253 2401 1357 2445 jurgia
1367 2400 1641 2441 concitaverunt,
1667 2411 1826 2446 tanquam
1849 2402 1988 2446 perducti
2002 2401 2090 2444 smt,

1199 2451 1233 2485 δε
1255 2451 1381 2494 sapiant
1407 2449 1507 2484 reste.
1537 2451 1582 2484 Et
1603 2461 1702 2494 quem
1724 2450 1854 2486 exitum
1877 2453 1972 2486 causa
1994 2452 2091 2487 susci-

1201 2501 1269 2544 piat
1279 2524 1290 2540 ,
1315 2500 1426 2534 videre
1437 2511 1504 2535 non
1518 2501 1645 2545 poffum
1658 2526 1666 2532 .
1693 2501 1821 2535 Vereor
1831 2511 1942 2536 autern
1954 2526 1965 2542 ,
1980 2512 2022 2536 ne
2032 2502 2093 2537 cir-

1200 2562 1239 2585 ca
1251 2548 1490 2584 Anthoninum
1501 2561 1611 2584 meum
1634 2551 1800 2586 inveniam
1821 2562 1859 2586 ut
1874 2552 2036 2596 Eulogias
2046 2553 2090 2587 ab

1200 2599 1413 2644 Apollinario
1436 2598 1631 2643 accipientes
1649 2624 1658 2631 .
1696 2600 1775 2635 Tua
1801 2601 1881 2636 vero
1903 2602 2088 2644 Sanctitas,

1199 2650 1370 2689 Domine,
1395 2649 1588 2684 sufficienter
1612 2659 1671 2694 pro
1694 2650 1814 2694 pietate
1834 2650 2026 2693 decertans,
2051 2653 2088 2688 &

1199 2712 1261 2736 nos
1271 2700 1444 2735 confirmat
1455 2710 1552 2744 atque
1572 2699 1764 2735 corroborat
1773 2724 1785 2741 ‚
1811 2701 1847 2735 &
1858 2701 1951 2736 Deus
1960 2702 2088 2737 cunstis

1199 2761 1234 2785 te
1256 2748 1443 2785 foventibus
1463 2750 1619 2786 columna
1639 2775 1651 2793 ‚
1676 2751 1713 2786 &
1734 2751 1979 2788 firmamentum
2005 2763 2087 2788 verz

1200 2801 1278 2836 fidei
1300 2801 1435 2836 existet.

1386 2957 1892 3023 Scnorrou.

1307 3102 1377 3138 AEc
1389 3101 1535 3148 Epistola
1555 3102 1600 3136 est
1625 3102 1767 3148 ejusdem
1787 3103 1946 3150 temporis
1960 3115 1999 3141 ac
2009 3105 2080 3144 Sors

1330 3166 1409 3189 mae.
1435 3153 1526 3188 Nam
1545 3154 1581 3188 δε
1594 3151 1743 3190 Andreas
1754 3154 1934 3201 Episcopus
1955 3156 1999 3191 ab
2017 3155 2078 3191 ista

1194 3215 1294 3248 pace,
1319 3205 1376 3240 fibi
1388 3205 1575 3248 perfamam
1585 3214 1623 3238 ac
1634 3216 1690 3249 per
1701 3205 2011 3249 litterasnunciata,
2037 3205 2078 3240 ti·

1195 3254 1307 3290 mebat
1319 3254 1432 3290 omnia
1444 3254 1610 3289 infelicia:
1636 3256 1808 3298 praesertim
1828 3268 1870 3291 ne
1891 3258 1985 3292 fieret
1996 3265 2076 3291 cum

1195 3305 1312 3348 injuria
1332 3304 1584 3348 &corruptione
1594 3303 1788 3341 Christiana:
1797 3305 1874 3342 fidei
1887 3331 1896 3340 .
1923 3307 2075 3346 Primum

1196 3355 1323 3391 timoris
1341 3354 1593 3394 fundamentum
1612 3355 1658 3391 est
1682 3357 1718 3391 in
1739 3355 1792 3393 his
1814 3356 1919 3395 verbis
1939 3371 1951 3391 .·
1975 3358 2074 3401 Lmeg

1666 3406 1702 3441 X
1949 3415 2024 3447 ras,
