2320 3730
570 217 882 272 Senomrs,
921 227 983 256 ET
1020 208 1212 259 NOTIS
1253 222 1650 263 ILLUSTRATAE,

208 300 280 336 dori
301 297 439 336 Codices
451 295 620 332 tranfitum
634 295 689 330 fibi
711 295 799 340 prius
811 295 988 330 innotuisse
1001 290 1086 335 apud

207 348 436 392 Heliopolim,
462 346 660 390 &adjungit
686 346 810 380 deistis
823 344 1026 380 Codicibusz
1053 345 1091 373 In

207 399 307 446 quibus
319 399 414 432 multo
422 399 538 441 pejores
552 395 681 437 Nestorii
697 396 885 440 blasphemiis
893 390 1072 436 pofitaesunt
1082 415 1089 422 .

205 455 299 487 Pater
307 455 385 486 enim
392 448 454 490 fuit
467 452 501 480 N
504 448 596 489 estortt
605 447 744 489 perfidia
753 472 761 479 .
791 446 872 478 Haec
888 443 1035 488 Cyrillus
1045 451 1091 475 et-

203 501 268 534 iam
281 511 355 534 ante
368 498 528 532 Rabhulae
539 498 674 531 Factum
686 497 728 531 de
742 493 926 529 Theodoro
939 492 1068 527 censuit
1083 514 1090 521 .

202 550 271 584 Cur
282 550 321 584 ad
335 560 461 593 tempus
471 548 630 582 recesserit
654 546 696 581 ab
708 544 772 579 hoc
783 543 909 589 judicio
923 567 934 584 ,
961 542 1087 582 dicetur

201 600 354 638 inferius.

252 649 359 684 Sansti
385 647 495 683 Procli
518 648 652 682 Tomus
671 670 682 692 ,-
710 655 806 688 prout
832 642 935 678 hodie
959 643 1087 683 exstat,

202 698 245 732 est
258 700 394 733 mutilus
408 725 415 731 .
445 699 485 733 Ei
498 698 616 732 desunt
629 694 780 738 Capitula
792 718 802 734 ‚
831 706 902 738 quae
917 705 958 728 ex
971 692 1085 726 Theo·

202 749 275 783 dori
298 750 389 783 libris
412 750 560 792 decerpta
594 745 625 779 ei
654 746 821 788 supposuit
843 756 881 778 ac
912 744 1084 778 subnexit.

200 799 285 834 Item
308 800 394 835 deest
419 798 639 837 Mandatum,
665 806 732 837 quo
751 795 904 829 Tomum
930 792 1083 832 subscribi

200 849 243 884 ab
266 850 422 884 omnibus
440 847 526 892 juffit
539 871 550 887 ‚
575 845 609 879 &
632 846 786 889 capitula
800 843 1084 879 anathematizari.

201 900 329 934 Lucent
340 899 406 934 haec
415 910 456 932 ex
470 896 586 931 litteris
598 920 609 936 ‚
635 906 715 937 quas
726 896 857 933 Sanetus
868 894 1014 939 Cyrillus
1026 894 1083 928 ista

200 950 242 983 de
271 960 304 982 re
330 949 450 992 scripsit
477 948 518 982 ad
538 947 699 981 Acacium
734 946 982 979 Melitinensem
1004 968 1015 984 ,
1042 943 1082 978 ad

199 997 422 1033 Theodotum
445 998 684 1041 Amyranum,
709 996 743 1035 ἀ
765 996 806 1029 ad
820 995 968 1033 Firmum
980 995 1082 1029 Caesa-

199 1050 347 1087 raeensem
369 1050 404 1080 in
425 1045 635 1089 Cappadocia
657 1045 932 1087 Metropolitam=z
962 1045 1081 1078 Proclus

198 1101 288 1130 Tomo
290 1094 444 1139 supposuit
454 1101 546 1131 ettam
569 1096 713 1137 C-apItula
728 1097 891 1138 quadam,
917 1095 1033 1129 collecta
1044 1107 1082 1129 ex

198 1147 338 1186 Theodori
349 1146 518 1186 codicibus,
544 1156 611 1188 quae
630 1143 839 1188 consonantem
858 1145 989 1186 Nestor-11⁴
994 1145 1084 1188 perfi-

197 1198 259 1231 dtae
282 1196 461 1236 intellellum
484 1196 615 1234 babent,
642 1194 1084 1235 &adhortatusestettamtlla

196 1247 455 1282 anathemanzart
467 1271 474 1278 .
503 1245 547 1278 Et
564 1245 631 1287 ipse
646 1246 780 1284 sanstus
791 1244 928 1279 Procius
949 1245 982 1277 in
999 1245 1084 1278 litte-

196 1298 239 1331 ris
252 1321 263 1337 ,
290 1296 409 1341 quibus
429 1294 521 1329 Ibam
540 1294 738 1328 Edeffenum
761 1294 924 1338 compesci
948 1294 1084 1328 &casti-

197 1347 266 1392 gari
285 1346 392 1390 juffit,
420 1344 602 1388 scripfitvad
625 1344 786 1389 Ioannem
810 1342 1083 1378 Antiochenam:

197 1397 269 1430 Ibas
280 1396 409 1435 Nestorii
420 1397 604 1432 dementiam
623 1398 785 1427 intantum
809 1395 909 1438 diligit
922 1418 933 1434 ,
959 1402 994 1427 ut
1005 1406 1086 1436 quae-

197 1449 272 1481 dam
294 1445 458 1488 capitula,
487 1455 555 1486 quae
567 1442 717 1488 suppofita
734 1442 847 1486 scripto
867 1446 911 1477 ad
934 1447 1084 1478 Armenios

198 1501 287 1530 Tomo
310 1497 479 1535 direxttuae
490 1497 703 1532 Reverenttae‚
722 1493 817 1534 stulta
835 1506 871 1527 ac
879 1494 1012 1537 profana
1023 1505 1086 1528 con-

193 1546 319 1587 stuata,
345 1546 380 1578 Θ
403 1549 482 1577 omm'
504 1548 656 1585 impietate
662 1544 753 1586 plena
764 1542 946 1586 transferret
956 1547 1086 1582 syrorum

198 1607 281 1630 voce.
307 1594 400 1629 Ibam
412 1593 517 1638 arguit
529 1618 539 1633 ,
565 1593 655 1636 quod
668 1603 728 1628 nec
738 1594 855 1628 Tomo
866 1594 1064 1628 subscribere
1073 1619 1084 1635 ,

196 1656 261 1681 nec
283 1643 438 1689 Capitula
458 1643 517 1678 ista
528 1641 798 1683 anathematizare
818 1655 963 1686 unquam
976 1644 1085 1678 volue-

198 1696 265 1737 rit,
293 1695 431 1739 ideoque
443 1693 642 1738 rogatillum
666 1694 707 1728 ad
718 1693 776 1728 ista
791 1694 968 1737 compelli,
995 1694 1085 1728 &ob

199 1746 344 1790 priorem
378 1743 620 1782 contumaciam
653 1744 801 1790 castigari
822 1770 829 1776 .
859 1745 903 1781 Et
925 1745 959 1779 in
989 1745 1085 1785 aliis,

200 1805 338 1840 quarum
359 1796 543 1840 fragmenta
568 1794 653 1839 apud
667 1796 860 1831 Facundum
872 1795 1086 1833 Hermianem

202 1847 271 1879 sem
294 1844 446 1885 exstant,
472 1845 512 1879 ad
535 1844 679 1881 eundern
701 1846 861 1888 Ioannem
885 1845 1022 1883 litteris:
1048 1849 1085 1876 In

206 1897 293 1927 Tomo
305 1894 416 1929 direHo
423 1892 599 1936 subscripsi,
627 1895 660 1927 &¹
681 1894 733 1931 illa
754 1894 919 1935 capitula,
945 1891 1086 1936 quaesub-

201 1942 382 1987 jeHasunt,
414 1944 536 1985 reputt,
560 1952 593 1975 ut
613 1945 683 1985 pote
698 1942 895 1986 subtilitatem
906 1955 963 1976 non
976 1942 1086 1979 baben·

202 1999 248 2027 tta
263 1998 408 2035 pretatis.
437 1993 482 2025 Et
502 1993 536 2024 in
559 1993 765 2031 exstantibus,
784 1992 905 2032 ibidem
919 1992 1085 2031 litterisad

201 2043 422 2079 venerabitem
443 2041 633 2076 Maximum
656 2067 667 2083 ‚
694 2043 847 2079 Ecclefiae
868 2041 1087 2076 Antiochenae

202 2100 283 2127 tunc
307 2093 497 2126 Diaconum
519 2091 888 2125 &Archi-Mandritam
902 2104 913 2123 .·
941 2091 1086 2123 Admonui

201 2146 321 2175 Tomum
344 2142 464 2184 quidem
479 2139 648 2184 subscribi,
674 2141 821 2183 capitula
846 2149 946 2174 autem
963 2139 1086 2183 subdita

195 2192 259 2236 fine
279 2198 397 2226 nomine
417 2216 428 2232 ,
455 2200 610 2235 tamquam
645 2203 703 2229 non
725 2191 867 2230 habentia
883 2189 1086 2233 subtilitatem

198 2247 346 2284 pietatis,
371 2245 470 2274 averti
492 2242 527 2276 (vt
548 2241 702 2277 abdicari.
730 2241 774 2278 Et
794 2240 947 2285 adjungit
971 2253 978 2272 :
1004 2242 1087 2283 ,Quo-

209 2293 294 2325 moda
315 2296 405 2337 igitur
422 2299 479 2333 per
498 2292 617 2328 litteras
629 2292 723 2328 didici
734 2302 812 2329 nunt:
824 2286 843 2331 ‚¹
860 2296 933 2334 quia
945 2289 1087 2326 Theodori

203 2339 413 2384 Mopsuesteni,
444 2342 478 2374 &
499 2341 622 2374 aliorum
634 2343 829 2384 quorumdam
840 2347 960 2374 nomina
970 2349 1085 2383 praepo-

200 2389 255 2432 fita
276 2389 350 2433 sunt
372 2391 523 2432 Capitulis
537 2393 581 2428 ad
598 2392 944 2427 anathematizandum?
972 2390 1087 2423 Proin·

204 2442 245 2473 de
266 2441 398 2473 Sanetus
421 2439 558 2472 Proclus
577 2440 695 2473 Tomo
718 2440 892 2473 subnexuit
911 2438 1066 2481 capitula
1079 2461 1089 2477 ,

205 2498 238 2524 at
265 2489 331 2522 fine
345 2487 481 2521 nomine
507 2501 517 2523 .·
545 2488 589 2522 Et
623 2488 742 2525 eodem
768 2487 893 2529 modo,
920 2498 1016 2531 prout
1041 2487 1087 2530 ja-

204 2537 343 2577 cebant,
369 2536 455 2579 juffit
475 2537 622 2570 damnari
644 2562 652 2569 .
681 2537 865 2571 Postmodo
886 2537 1018 2580 quidam
1042 2538 1091 2571 su-

207 2587 453 2632 perscripserunt
475 2583 673 2625 Theodori,
699 2586 866 2624 Diodori,
891 2598 927 2619 ac
948 2587 1090 2620 aliorum

204 2636 514 2675 nomina,dixerunt
527 2635 679 2679 capitula
692 2637 754 2669 effe
772 2635 923 2676 istorum,
934 2636 966 2668 &
977 2647 1090 2670 eorum

204 2687 303 2724 etiam
329 2686 479 2731 personas
502 2685 675 2719 voluerunt
701 2685 825 2728 percuti
857 2684 1089 2719 anathemate.

204 2737 289 2783 Qae
308 2737 341 2774 &
359 2736 467 2780 qualia
487 2736 610 2774 fuerint
621 2731 796 2780 Capitu1a‚
823 2747 892 2770 non
905 2734 999 2784 plene
1013 2747 1093 2771 con·

206 2787 269 2821 stat
284 2811 290 2818 .

257 2836 420 2872 Existimo
442 2834 534 2869 fuiffe
556 2834 612 2870 illa
635 2835 800 2881 sexaginta
811 2861 821 2878 ‚
849 2848 917 2881 quae
931 2837 989 2871 suo
1001 2836 1089 2870 Con-

206 2887 322 2921 stituto
355 2887 489 2924 inseruit
514 2910 524 2926 ‚
558 2886 591 2921 &
623 2885 909 2922 anathematizavit
944 2886 1091 2931 Vigilius

207 2937 366 2971 Pontifex
391 2961 399 2968 .
426 2936 546 2970 Valide
570 2934 636 2970 hoc
656 2934 815 2973 stabilitur
832 2949 874 2972 ex
899 2938 991 2981 ipfius
1013 2937 1088 2971 data

207 2987 376 3020 adversum
397 2987 470 3021 suos
483 2986 672 3024 Cardinales
684 2987 855 3026 Diaconos
866 2989 1040 3025 Rusticum
1053 2999 1089 3022 ac

209 3034 434 3071 Sebastianum
445 3035 669 3080 degradatoria
683 3038 858 3079 sententia,
887 3038 919 3071 in
934 3050 996 3082 qua
1007 3038 1088 3072 dicit

211 3085 253 3120 ad
265 3085 505 3121 Sebastianum:
535 3086 627 3118 Dic‘la
638 3086 780 3121 Theodorl
792 3087 981 3131 Mopsuesteni
992 3089 1088 3132 affere-

211 3136 267 3169 bas
281 3145 309 3168 te
323 3141 356 3168 in
367 3139 501 3168 Romana
514 3137 590 3172 Urbe
600 3142 677 3171 inter
686 3139 799 3181 aliquos
810 3141 933 3172 Codices
945 3139 1089 3182 repertffe‚

211 3197 281 3228 quae
292 3184 483 3228 confirmabat
493 3192 571 3219 omni
581 3194 762 3222 execratione
784 3191 818 3223 ὃ·
828 3188 1015 3233 blasphemiis
1039 3188 1090 3231 effe

210 3236 365 3277 completa.
398 3235 477 3268 Haec
493 3237 599 3278 palam
613 3237 759 3273 videntur
769 3240 831 3273 esse
841 3240 899 3276 ista
917 3241 982 3283 ipsa
996 3238 1090 3285 Capi-

211 3286 279 3320 tula
295 3310 305 3326 ‚
317 3297 387 3329 quae
399 3285 547 3329 Vigilius
561 3286 697 3329 primum
710 3290 766 3323 suo
780 3288 948 3332 Indicam,
975 3288 1091 3325 deinde

210 3338 271 3370 suo
283 3335 476 3370 Constituto
489 3335 677 3371 inseruit2Et
687 3334 838 3383 antiquus
851 3341 906 3375 ille
919 3341 1091 3374 Romanus

213 3386 330 3421 Codex
344 3386 617 3422 videturomnino
631 3398 698 3421 non
714 3389 804 3425 fuiffe
815 3390 1009 3435 alius‚quam
1024 3390 1090 3423 To-

1871 231 1887 267 1
1906 233 1962 274 39

1158 302 1230 326 mus
1238 292 1340 327 Saniti
1353 291 1462 327 Procli
1474 316 1484 333 ,
1494 302 1550 326 aut
1563 292 1636 327 sane
1647 292 1787 332 subnexa
1798 299 1825 332 ei
1840 298 2030 343 Appendix,

1156 342 1329 377 continens
1338 342 1501 387 Capitula.
1515 343 1656 378 Certein
1670 346 1728 378 suo
1743 346 2031 395 ConstitutoVigi-

1155 391 1218 425 lius
1230 393 1347 430 eodem
1358 393 1460 428 modo
1472 395 1620 437 processit
1631 419 1641 434 ‚
1669 405 1735 439 quo
1746 395 1878 431 Sanctus
1894 399 2031 435 Procius

1155 442 1188 474 in
1203 444 1261 480 suo
1273 444 1389 482 Tomo
1400 469 1408 477 .
1434 445 1616 479 Damnavit
1628 444 1780 489 Capituia
1794 470 1804 485 ,
1833 448 1955 480 nullam
1966 462 2031 491 per-

1153 493 1266 527 sonam
1289 495 1394 529 voiuit
1413 494 1482 528 ullo
1506 495 1691 538 praejudicio
1717 505 1867 540 tangere.
1898 496 1939 529 Et
1952 498 2030 532 hinc

1153 542 1223 576 vere
1235 544 1345 578 scribit
1356 544 1527 579 Liberatus
1540 546 1711 580 Diaconus
1723 560 1733 580 .-
1762 546 1880 579 Proclus
1903 551 1934 578 in
1945 549 2031 579 Tomo

1151 594 1264 631 nullam
1277 594 1355 636 fecit
1380 597 1417 629 de
1434 594 1579 630 Theodoro,
1597 595 1821 638 reprehensionis
1832 603 2009 630 mentionem
2020 622 2029 629 .

1200 642 1334 689 Qintae
1354 645 1481 686 Synodi
1503 647 1586 681 Asta
1597 646 1801 692 adjungunt:
1831 647 1972 680 Porret‘la
1982 657 2034 679 au-

1149 698 1208 724 tem
1214 691 1288 735 sunt
1299 695 1334 727 Θ
1346 693 1400 735 ipsi
1408 696 1526 729 511anae
1537 702 1680 730 memort‘ae
1694 696 1852 739 Theophtlo
1866 721 1875 736 ‚
1892 696 2033 730 Patriar·

1148 739 1216 775 chae
1243 743 1493 783 Alexandrino,
1520 748 1627 780 Sansti
1656 748 1775 790 Cyrilli
1796 746 1978 781 Avunculo
1999 747 2034 780 ὅ(

1149 791 1353 827 Anteceffori
1367 816 1378 832 ‚
1425 798 1519 833 impia
1538 797 1680 837 capitula
1702 809 1739 831 ex
1765 796 1925 830 codtctbus
1946 796 2035 830 Theo-

1148 842 1213 875 dori
1235 866 1243 874 .
1272 842 1328 878 An
1353 842 1475 876 fuerint
1507 844 1618 878 eadem
1641 871 1651 886 ,
1678 848 1796 891 ignoro
1819 872 1827 879 .
1855 846 2032 895 Qidquid

1147 892 1184 926 fit
1205 892 1368 936 praesentia
1390 891 1542 935 Capituia
1558 892 1691 929 Procius
1706 909 1772 932 non
1799 897 2035 940 excerpfit‘aut
2054 907 2119 945 Ast,
2143 916 2170 945 ς,

1147 942 1283 987 collegit
1304 968 1314 982 ,
1341 943 1394 977 sed
1421 942 1645 980 Melitinenfis
1673 945 1813 980 Aeacius
1840 971 1852 986 ,
1878 956 1935 982 aut
1961 947 2034 991 quis

1147 1004 1187 1027 ex
1201 994 1268 1036 ejus
1288 992 1388 1034 jussu.
1419 993 1469 1026 Ita
1495 993 1653 1028 testantur
1667 993 1749 1026 Asta
1787 997 1905 1035 praefati
1925 995 2035 1040 quinti

1148 1043 1297 1078 Concilii
1311 1057 1322 1076 .·
1350 1043 1488 1077 Por-reela
1504 1041 1578 1085 sunt
1600 1052 1701 1076 autem
1724 1044 1757 1076 (tt
1779 1048 1873 1084 impia
1890 1049 2034 1087 Capitula

1148 1105 1185 1128 ex
1207 1093 1349 1127 Theodori
1373 1093 1532 1126 codicibus
1555 1093 1676 1128 Sanc‘lae
1701 1098 1850 1126 memoria·
1873 1095 1971 1128 Proclo
1995 1097 2041 1129 ab·

1150 1148 1298 1178 Armentis
1320 1168 1327 1175 .
1355 1144 1404 1177 Hi
1426 1143 1528 1188 igitur
1548 1143 1754 1189 collegerunt
1782 1167 1794 1183 ,
1823 1142 1959 1176 Procius
1981 1146 2038 1177 suo

1148 1194 1267 1228 Tomo
1287 1194 1476 1238 supposuit,
1503 1195 1537 1228 ἅ
1558 1194 1644 1237 juffit
1667 1193 1708 1227 ab
1729 1192 1888 1228 omnibus
1902 1191 2041 1227 anathe-

1150 1245 1318 1277 matizari.
1348 1243 1502 1277 Aliorum
1525 1243 1756 1288 capitulorum
1780 1244 1913 1279 Sanetus
1930 1243 2040 1287 Cyril-

1149 1293 1199 1327 lus
1222 1293 1373 1327 meminit
1396 1295 1431 1327 in
1453 1295 1571 1331 litteris,
1593 1295 1634 1329 ad
1659 1296 1826 1338 praefatum
1850 1293 2012 1328 Acacium
2027 1308 2038 1327 .-

1150 1341 1293 1386 Inspedlis
1308 1343 1453 1377 Theodori
1467 1354 1501 1377 ac
1513 1346 1635 1378 Diodori
1644 1345 1729 1380 libris
1736 1345 1822 1387 posui
1833 1344 1937 1387 aliqua
1948 1348 2042 1386 Capi-

1150 1394 1236 1434 tula,
1263 1395 1364 1437 &quo
1372 1399 1455 1436 potui
1469 1396 1572 1435 modo,
1598 1397 1772 1429 contradixi
1782 1400 1838 1428 eis.
1870 1394 1952 1428 Haec
1965 1396 2040 1428 sunt

1151 1443 1320 1477 manifeste
1343 1444 1406 1479 alia
1427 1444 1602 1488 Capitula:
1630 1444 1854 1489 Nempeilla,
1880 1456 1952 1489 quae
1962 1445 2041 1478 San-

1150 1495 1218 1528 stus
1239 1492 1387 1537 Cyrillus
1411 1494 1562 1529 refutavit
1575 1494 1608 1528 in
1627 1495 1916 1529 suislibriscontra
1926 1493 2041 1526 Theo-

1150 1544 1270 1582 dorum
1292 1556 1329 1578 ac
1340 1543 1548 1583 Diodorum‚
1573 1544 1734 1592 Qaedam
1758 1543 1886 1579 exstant
1900 1544 1933 1578 in
1945 1544 2041 1591 quin-

1152 1604 1183 1627 ta
1201 1594 1339 1636 Synodo
1353 1620 1360 1627 .

1200 1645 1389 1678 Occurrunt
1402 1644 1472 1678 duae
1495 1644 1688 1686 quaestiones
1709 1668 1717 1676 .
1749 1642 1860 1676 Prima
1881 1642 1927 1676 est
1944 1667 1955 1682 ‚
1982 1642 2039 1676 An

1152 1692 1318 1730 Rabbulas
1339 1695 1373 1728 &
1392 1693 1536 1728 Aeacius
1557 1693 1785 1728 damnaverint
1802 1693 1917 1728 omnia
1934 1693 2043 1726 &fin-

1127 1741 1130 1744 ’
1150 1742 1226 1787 gula
1247 1742 1425 1778 Theodori
1450 1744 1574 1787 Scripta
1595 1768 1607 1785 ,
1633 1755 1674 1777 an
1709 1741 1883 1778 dumtaxat
1904 1742 2039 1786 aliqua?

1150 1793 1298 1832 Fuerunt
1309 1794 1411 1839 longe
1423 1794 1563 1837 plurima
1575 1819 1582 1826 .
1612 1792 1746 1828 Etenim
1760 1794 1904 1837 Joannes
1919 1793 2041 1826 Antio·

1152 1841 1276 1879 chenus
1288 1842 1322 1874 in
1338 1843 1477 1882 litteris,
1504 1843 1624 1885 quibus
1644 1842 1752 1876 Sansti
1764 1841 1875 1876 Procli
1886 1842 2040 1875 Tomum

1153 1890 1323 1933 probavit,
1349 1891 1458 1925 scribit
1479 1892 1520 1925 ad
1543 1891 1682 1925 eundem
1717 1892 1894 1926 Proclum:
1922 1894 2040 1924 Beatus

1152 1939 1317 1973 Theodorus
1340 1948 1468 1983 quinque
1480 1943 1514 1975 <a
1525 1942 1733 1986 quadraginta
1754 1948 1843 1975 annis
1857 1942 1936 1976 clare
1949 1948 1980 1974 in
1992 1943 2044 1975 do-

1152 1990 1250 2024 cqrina
1269 1990 1406 2032 perfulfit
1425 2015 1435 2030 ‚
1465 1991 1500 2024 (θ’
1522 2002 1634 2024 omnem
1652 1990 1795 2031 baeresim
1829 1997 2041 2034 expugnavit,

1147 2040 1210 2083 post
1233 2041 1330 2071 multa
1340 2046 1504 2072 certamina
1516 2062 1525 2077 ‚
1552 2039 1655 2082 &post
1666 2041 1763 2073 decem
1773 2041 1868 2073 millia
1877 2040 1968 2073 libros
1987 2043 2043 2073 ad-

1152 2086 1271 2131 versum
1282 2087 1408 2132 baereses
1421 2087 1614 2132 conscriptos.
1645 2090 1798 2133 Epistolae
1819 2091 2042 2135 fragmentum

1152 2138 1257 2173 exstat
1277 2140 1363 2187 apud
1385 2139 1579 2175 Facundum
1610 2140 1887 2175 Hermianensern
1915 2165 1922 2172 .
1950 2140 2040 2175 Istud

1154 2189 1256 2231 ipsum
1279 2190 1421 2231 Ioannes
1431 2190 1606 2224 confirmat
1627 2191 1661 2223 in
1690 2192 1808 2227 litteris
1833 2191 1874 2225 ad
1886 2192 2047 2225 Sanctum.

1154 2238 1318 2281 Cyrillum
1337 2238 1554 2273 :Theodorus
1564 2240 1707 2282 agonibus
1719 2242 1882 2277 adversum
1894 2244 2019 2274 Arianos
2030 2266 2041 2282 ‚

1154 2290 1186 2322 o
1198 2291 1228 2320 E
1231 2292 1402 2321 anomianos
1415 2314 1425 2329 ,
1436 2290 1469 2321 (ν
1483 2290 1558 2321 alios
1571 2289 1725 2323 haereticos
1738 2291 1834 2329 decem
1847 2290 1974 2324 millibus
1983 2299 2040 2332 per

1155 2348 1266 2372 omnem
1286 2337 1374 2381 suam
1386 2345 1484 2372 vitam
1495 2340 1602 2382 ubique
1612 2340 1766 2373 decoratus
1779 2365 1786 2372 .
1814 2340 1925 2383 Hujus
1938 2343 2039 2375 etiam

1158 2387 1308 2430 Epistolae
1329 2389 1550 2432 fragmentum
1574 2390 1670 2424 nobis
1691 2391 1870 2429 custodivit
1884 2391 1970 2425 idem
1982 2392 2042 2425 Fa-

1155 2437 1301 2470 cundus.
1330 2437 1460 2481 Qinta
1482 2438 1637 2479 synodus
1658 2440 1754 2476 nobis,
1774 2441 1950 2474 custodivit
1973 2451 2040 2474 me-

1157 2485 1294 2519 moriam
1319 2496 1357 2519 ac
1378 2486 1559 2530 fragmenta
1573 2488 1728 2524 librorum
1740 2500 1854 2523 contra
1868 2490 2040 2532 Apollina-

1157 2535 1265 2574 rium,
1291 2533 1448 2570 librorum
1466 2536 1506 2569 de
1532 2538 1760 2576 lncarnatione
1777 2563 1788 2579 ,
1820 2538 1978 2573 librorum
2002 2538 2043 2573 ad

1159 2584 1377 2628 Baptizandos
1399 2609 1410 2624 ,
1435 2585 1594 2620 librorum
1619 2598 1734 2622 contra
1758 2589 1980 2631 Synufiastas,
2006 2590 2047 2623 li-

1158 2635 1288 2668 brorum
1312 2635 1353 2669 de
1370 2644 1512 2669 creatura
1526 2661 1536 2676 ‚
1562 2637 1595 2669 &
1607 2637 1766 2671 aliorum.
1795 2638 1935 2673 Photius
1945 2639 1979 2672 in
1991 2640 2046 2674 Bi·

1157 2683 1322 2719 bliotheca
1346 2696 1506 2720 memorat
1534 2686 1602 2729 ejus
1634 2687 1753 2732 viginti
1775 2688 1921 2732 quinque
1942 2688 2045 2724 libros

1156 2746 1270 2769 contra
1297 2735 1501 2769 Eunomium
1528 2761 1539 2777 ‚
1564 2737 1804 2781 Apologeticos
1836 2749 1893 2781 pro
1925 2739 2044 2773 saneto

1157 2785 1291 2818 Basilio.
1324 2785 1365 2819 Et
1392 2787 1509 2829 septem
1534 2785 1636 2821 libros
1648 2788 1707 2822 sub
1722 2788 1786 2822 hoc
1801 2788 1920 2823 titulo:
1949 2794 2044 2823 Inter-

1153 2841 1283 2878 pretatio
1294 2834 1435 2878 Geneseos
1448 2862 1454 2869 .
1484 2836 1525 2870 Et
1539 2847 1601 2871 tres
1612 2838 1694 2872 alios
1710 2849 1826 2872 contra
1837 2838 1886 2871 Eu
1892 2839 2043 2872 nomium

1157 2887 1264 2919 nescio
1285 2885 1376 2929 cujus
1388 2887 1452 2920 loci
1479 2887 1698 2931 Episcopum.
1728 2888 1771 2921 Et
1782 2887 1925 2930 quinque
1939 2887 2042 2922 libros

1155 2947 1268 2970 contra
1280 2937 1448 2971 afferentes
1474 2949 1604 2980 peccare
1617 2937 1788 2975 hominem
1805 2948 1919 2972 natura
1932 2962 1943 2978 ,
1969 2948 2041 2972 non

1157 2986 1325 3021 voluntate
1339 3011 1346 3018 .
1374 2987 1532 3021 Peffimos
1555 2989 1662 3023 fontes
1682 2999 1750 3021 non
1764 2988 1862 3022 solius
1874 2988 2040 3021 Nestoria-

1156 3048 1225 3077 nae,
1248 3036 1301 3070 sed
1322 3036 1355 3069 ὅ(
1377 3037 1560 3082 Pelagianae
1588 3038 1739 3072 haereseos
1763 3062 1770 3069 .
1797 3037 1923 3072 Poffint
1944 3038 2040 3072 fuiffe

1157 3087 1257 3122 iidem
1276 3097 1350 3120 cum
1363 3087 1453 3122 libris
1466 3112 1475 3126 ‚
1502 3098 1582 3130 quos
1593 3087 1706 3130 quinta
1727 3087 2040 3129 Synodusinscribit

1155 3137 1195 3172 de
1204 3148 1346 3171 creatura
1358 3163 1365 3170 .
1392 3138 1527 3171 sanstus
1540 3137 1652 3171 Abbas
1665 3138 1698 3171 &
1716 3136 1846 3181 Martyr
1866 3137 2038 3172 Maximus

1155 3187 1189 3221 in
1215 3188 1351 3228 litteris,
1376 3199 1455 3231 quas
1474 3187 1642 3221 adversum
1663 3187 1812 3226 Heraclii
1831 3189 2037 3233 Imperatoris

1156 3238 1280 3274 Estesin
1308 3239 1428 3282 scripsit
1440 3236 1480 3273 ad
1491 3237 1691 3283 Stephanum
1706 3238 1888 3273 Dorensem
1905 3239 2037 3282 Episco-

1155 3299 1233 3331 pum
1244 3313 1255 3330 ‚
1282 3289 1360 3323 citat
1373 3287 1549 3326 secundum
1560 3287 1626 3331 ejus
1638 3286 1756 3323 librum
1778 3288 1819 3323 de
1830 3288 1952 3324 Christi
1965 3289 2037 3322 Do·

1156 3338 1238 3375 mini
1262 3338 1450 3372 Miraculis.
1479 3337 1574 3372 Alios
1594 3339 1723 3382 insuper
1739 3338 1806 3382 ejus
1829 3339 1930 3374 libros
1944 3340 2034 3371 inve-

1157 3387 1226 3424 nias
1237 3387 1322 3432 apud
1335 3389 1414 3423 alios
1427 3413 1434 3421 .
1462 3387 1577 3424 Videri
1589 3390 1682 3434 poffit
1693 3391 1793 3427 etiam
1808 3387 2041 3470 Lateratiiiensisv

1832 3439 1922 3480 Syno
1947 3446 1984 3470 us
