2320 3730
394 193 487 237 172

315 262 520 297 Mercatores
529 256 805 302 salutarijufferit,
831 253 1074 295 scribunthuJus
1096 250 1199 285 Asta.

317 313 449 355 Nempe
459 305 539 344 tunc
550 318 599 347 tot
612 309 690 345 anni
711 309 859 345 steterat.
885 305 1019 341 Etenim
1032 299 1199 356 Theodo-

315 369 403 398 retus
422 358 547 398 videtur
565 361 745 398 affirmare,
770 356 860 399 quod
885 355 965 389 stare
986 361 1119 394 coeperit
1142 351 1200 386 sub

313 412 346 449 S,
367 409 508 449 Meletio
532 407 715 447 Patriarcha
734 404 948 441 Antiocheno
969 426 977 434 ·
1004 401 1053 438 At
1074 402 1149 437 vero
1159 402 1199 435 de

311 461 381 504 ejus
418 470 524 498 morte
559 459 668 493 scribit
694 456 734 490 ad
757 456 879 495 Leonis
907 451 1003 496 primi
1023 452 1197 496 Imperium

311 510 477 556 Georgius
497 509 683 548 Cedrenus:
711 508 832 551 ,Quarto
849 515 928 541 anno
950 505 1065 541 ‚symeon
1083 503 1196 542 stylites

461 551 466 558 ¹
1093 552 1195 600 Qod

307 611 415 655 ipsum
426 610 583 650 habemus
595 609 629 641 in
645 610 708 640 vita
721 604 872 639 Danielis
894 603 1012 647 Stylite
1024 627 1035 643 ,
1061 614 1098 638 ac
1110 602 1195 647 apud

310 557 436 597 moritur
446 585 457 602 ,
467 567 587 603 primus
599 558 678 599 istius
691 562 768 590 vitae
774 559 890 599 generis
903 558 1043 590 inventor
1059 578 1068 589 ,,

308 662 341 699 S.
354 663 535 703 Martyrem
549 655 792 699 Theophanem
805 678 812 685 -
841 653 918 691 Fuit
932 654 958 688 is
971 652 1079 697 quinti
1091 653 1192 690 saeculi

305 721 413 748 annus
424 709 652 753 sexagesimus.
681 704 729 738 At
741 703 819 738 vero
833 704 988 743 Meletius
1006 703 1091 739 obiit
1103 715 1192 748 quar-

304 761 331 794 ti
344 760 549 793 saeculianno
572 754 770 799 ,octogesimo
790 754 918 798 primo,
945 754 981 788 in
1004 754 1191 791 Constanti-

305 808 498 852 nopolitana
517 805 659 848 Synodo
681 829 693 851 ,
717 804 858 848 ideoque
874 804 1009 843 Simeon
1031 816 1084 849 per
1104 806 1189 839 osto-

301 858 396 903 ginta
407 867 512 892 annos
523 855 610 895 stetit
635 855 669 890 in
680 853 835 893 columna
849 878 857 892 ,
886 854 930 888 Et
940 854 1008 898 ejus
1019 853 1059 890 ad
1082 855 1104 888 S
1127 855 1189 889 Ge-

300 909 454 943 nofevam
480 905 633 945 salutatio
654 905 718 945 suit
730 905 908 943 transmissa
932 916 1022 939 anno
1034 904 1187 949 vigesimo

297 958 406 1000 primo
418 957 526 1000 quinti
547 954 671 996 saeculi.
698 956 772 995 Nec
783 954 951 989 admireris
974 953 1059 989 hanc
1073 955 1183 994 saluta-

296 1007 437 1047 tionem,
466 1005 603 1046 Etenim
612 1004 848 1044 Theodoretus
860 1005 999 1040 affirmat
1011 1005 1052 1042 ad
1066 1006 1184 1048 ipsum,

294 1057 394 1097 etiam
419 1064 595 1099 antequam
608 1055 796 1095 columnam
808 1055 966 1095 incoleret
978 1079 988 1095 ,
1015 1054 1183 1091 accurrisse

293 1107 390 1150 plena
413 1104 634 1144 Orientalium
658 1105 861 1148 Populorum
883 1105 1043 1145 fiumina,
1068 1115 1106 1138 ac
1128 1105 1178 1138 ad-

292 1156 414 1201 jungit:
427 1160 577 1190 Venerunt
587 1161 677 1187 etiam
688 1156 778 1188 multi
786 1154 909 1186 ultimas
920 1154 1089 1187 occidentis
1101 1157 1179 1192 Oras

292 1202 470 1243 incolentes,
499 1202 688 1246 &fflspant,
716 1205 931 1244 &Britanni‚
958 1205 991 1238 (5
1005 1205 1087 1238 Galli
1098 1229 1108 1245 ,
1128 1210 1179 1248 qui

290 1255 396 1294 borum
418 1255 516 1293 media
536 1254 669 1291 obtinent
682 1278 689 1284 .
716 1255 761 1292 De
782 1255 875 1289 Italia
896 1256 1025 1296 namque
1032 1252 1176 1297 superva-

288 1316 373 1338 cuum
393 1304 431 1344 est
441 1306 549 1337 dicere.
581 1308 694 1344 Ferunt
710 1308 788 1337 enim
798 1310 934 1342 maxima
957 1309 989 1337 in
1003 1308 1097 1338 Roma
1107 1307 1177 1343 cele·

287 1355 369 1389 brem
379 1356 453 1391 adeo
465 1362 566 1388 virum
578 1355 629 1398 effi’
639 1377 650 1393 ‚
672 1363 706 1392 ut
719 1363 752 1388 tn
762 1359 890 1393 omnium
899 1355 1079 1397 officinarum
1090 1355 1176 1394 vesti-

285 1403 363 1438 bulis
375 1412 498 1447 parvas
508 1406 574 1445 ejus
585 1409 728 1448 imagines
744 1404 883 1444 statuant
897 1429 909 1446 ,
933 1406 1059 1438 tutelam
1081 1416 1176 1447 quan·

285 1455 358 1487 dam
380 1466 419 1493 ex
432 1454 479 1488 bis
500 1457 534 1489 ὢ*
548 1453 720 1496 preefidium
735 1454 791 1497 fibi
811 1463 1018 1497 comparantes
1030 1479 1038 1486 .
1066 1454 1174 1489 Addit

283 1504 375 1548 quod
398 1505 515 1539 soleret
535 1506 684 1542 Divinam
696 1508 866 1549 Liturgiam
886 1502 1060 1548 exsolvere,
1089 1503 1175 1540 ideo.-

283 1564 347 1596 que
359 1554 452 1588 fuisse
473 1553 721 1597 Presbyterum,
749 1555 804 1596 De
827 1555 1036 1599 praesentibus
1055 1554 1175 1594 Theo·-

245 1604 247 1606 “
284 1603 582 1647 dofiilmperatoris
593 1604 752 1647 adipsum
766 1606 883 1638 litteris
903 1604 1030 1638 nullam
1041 1606 1172 1649 penitus

107 1810 207 1840 1..1.c.
222 1783 265 1848 ¹}-

283 1652 363 1690 facit
385 1656 598 1694 memoriam,
628 1654 768 1700 ideoque
789 1654 914 1692 videtur
924 1653 992 1689 haec
1014 1654 1090 1694 ante
1115 1654 1172 1691 has

285 1703 359 1741 lites
386 1704 553 1748 scripsisse.

334 1755 389 1793 De
398 1754 516 1788 eodem
537 1754 739 1793 Sanfflffimo
751 1754 905 1789 simeone
918 1754 1075 1799 Evagrius
1095 1755 1172 1799 Epi-

285 1801 471 1848 phaniensis
492 1803 602 1838 scribit
623 1804 730 1843 variar
757 1809 815 1844 Hic
829 1809 950 1845 primus
961 1803 1118 1843 stationem
1140 1811 1173 1838 in

283 1849 418 1890 'columna
438 1852 586 1895 instituit,
612 1853 842 1894 domiciliumque
865 1857 899 1886 in
908 1864 966 1895 ea,
991 1856 1076 1894 qu'us
1093 1865 1171 1890 men-

283 1904 357 1949 sura
380 1910 437 1940 vix
456 1905 528 1941 duos
560 1903 728 1937 continebat
747 1902 879 1943 cubitos,
905 1902 1064 1944 construxit
1084 1929 1091 1936 .
1121 1904 1171 1937 Ex

282 1966 349 1999 quo
361 1954 516 1988 discimus
528 1954 618 1996 supra
631 1953 823 1993 columnam
835 1953 930 1986 fuisse
944 1963 1073 1996 parvam
1086 1955 1160 1988 casu

283 2006 369 2039 lam.
397 2003 509 2047 Pergit
531 2002 714 2047 Evagrius:
742 2005 801 2035 Per
822 2003 901 2035 idem
912 2011 1026 2043 tempus
1039 2006 1172 2036 Domnus

287 2052 501 2089 Antiochenum
508 2057 685 2094 procuravit
703 2050 915 2093 Episiopatum
928 2074 939 2090 ,
963 2056 1016 2093 qui
1028 2051 1077 2083 ubi
1089 2057 1172 2087 venit

282 2106 330 2140 ad
349 2106 510 2141 simeonem
524 2126 536 2143 ,
560 2100 735 2145 mansionem
758 2102 792 2140 <⁸5
814 2106 958 2134 rationem
978 2101 1109 2138 vivendi
1121 2102 1172 2133 ad·

282 2160 413 2189 miratus
429 2178 439 2194 ‚
464 2165 499 2191 ea
509 2163 578 2194 quae
590 2153 675 2194 apud
683 2152 768 2187 illum
776 2149 932 2193 secretiora
941 2158 1029 2185 erant
1039 2175 1051 2190 ,
1076 2162 1171 2194 cogno-

277 2204 361 2249 scere
374 2204 465 2237 valde
478 2201 613 2242 cupiebat
623 2225 630 2233 .
644 2200 736 2232 Ambo
746 2205 838 2243 igitur
840 2199 933 2242 fimul
942 2202 1149 2244 ingrediuntur
1162 2225 1172 2240 ‚

281 2256 317 2288 (¹5
321 2262 398 2297 puro
421 2250 530 2292 christi
542 2254 670 2293 Corpore
688 2248 846 2295 conftcrato
858 2274 869 2290 ‚
895 2251 1023 2285 vitalem
1045 2256 1123 2284 inter
1142 2249 1175 2293 se

285 2306 387 2338 mutuo
410 2307 598 2345 participant
633 2306 860 2334 communionem
882 2324 889 2332 .
926 2301 1081 2335 Domnus
1110 2301 1174 2337 fuit

284 2353 421 2399 Joannis
440 2361 540 2397 nepos
551 2363 588 2385 ac
600 2351 780 2387 Successor.
810 2349 1026 2386 Patriarchali
1040 2351 1174 2384 austori-

283 2414 351 2439 tate
375 2398 542 2439 adscendit
561 2401 772 2438 columnam:
802 2400 845 2438 Et
865 2399 934 2433 illic
953 2411 1029 2437 cum
1052 2400 1174 2435 Simeo-

284 2467 327 2490 ne
338 2453 460 2489 obtulit
473 2450 675 2487 Sacrificium
687 2476 694 2483 .
724 2450 776 2484 Ex
788 2460 855 2493 quo
867 2449 996 2484 videtur
1017 2449 1088 2485 istic
1100 2450 1173 2484 fuis-

285 2507 318 2540 se
331 2505 446 2538 Altare
462 2527 468 2535 .
495 2501 629 2536 Obtulit
645 2501 740 2535 simul
765 2510 841 2534 cnm
856 2500 1009 2533 Simeone
1020 2524 1027 2531 .
1054 2500 1097 2533 Et
1111 2500 1175 2537 sese

284 2556 428 2591 invicem
447 2552 489 2586 de
499 2550 666 2588 Sacrificio
678 2549 964 2586 communicarunt
977 2573 984 2580 .
1013 2550 1173 2594 Evagrius

289 2605 416 2649 pergit:
443 2608 519 2640 Cum
531 2603 645 2634 simeon
660 2598 730 2638 iste,
757 2603 809 2639 qui
828 2603 860 2630 in
871 2607 953 2633 terra
969 2599 1094 2642 Angelus
1106 2623 1116 2638 ,
1141 2605 1173 2635 in

285 2665 375 2690 carne
387 2651 502 2692 coelestis
514 2647 694 2691 Hierusalem
704 2647 847 2691 civisfuit
857 2672 867 2688 ‚
890 2653 1080 2698 peregrlnam
1096 2647 1173 2684 banc

287 2703 416 2738 vivendi
427 2706 513 2737 viam
524 2724 534 2740 ,
561 2698 731 2734 bominibus
747 2699 842 2740 plane?
854 2703 1033 2741 incognitam
1046 2698 1171 2738 institue·

288 2762 337 2788 ret
359 2777 370 2793 ,
395 2754 429 2786 5.r
447 2750 667 2788 Eremi-'Incolae
687 2753 810 2784 mittunt
828 2749 986 2790 quemdam
1005 2749 1049 2780 ad
1066 2749 1149 2782 illum
1160 2773 1171 2790 ,

284 2802 454 2847 jubentque
475 2809 508 2834 ut
519 2799 558 2836 ab
576 2811 606 2835 eo
624 2796 820 2844 sciscitaretur
832 2822 843 2838 ‚
868 2799 945 2840 quid
965 2797 1028 2834 haec
1039 2810 1118 2833 nova
1138 2800 1172 2832 (5

292 2851 433 2894 inufitata
450 2856 526 2885 vitae
538 2855 614 2885 ratio
622 2850 712 2886 vellet
724 2872 736 2888 ‚
761 2849 794 2884 ᾧ*
804 2859 893 2890 quam
911 2848 945 2880 ob
957 2860 1019 2882 rem
1040 2853 1115 2884 trita
1126 2853 1172 2886 vt-

294 2904 390 2942 vendi
401 2908 454 2936 via
475 2902 510 2935 (θ’
521 2899 692 2936 Sanc‘lorum
697 2898 794 2941 pressa
801 2896 930 2941 vestigiis
941 2899 1043 2931 relicta
1054 2923 1064 2938 ‚
1079 2899 1172 2932 aliam

295 2954 448 2998 quandam
455 2955 659 2995 peregrinam,
685 2947 896 2984 &bominibus
916 2951 1030 2982 omnino
1041 2954 1172 2993 ignotam

293 3003 459 3050 sequeretur
471 3025 481 3041 ,
508 3012 573 3036 eum
592 2999 748 3033 hortantur
765 3006 820 3043 per
830 3001 981 3029 Nuntium
992 3022 1002 3037 ,
1030 3008 1062 3031 ut
1074 2997 1172 3040 exsuo

298 3054 449 3089 Domitilio
469 3050 674 3094 deflenderet,
699 3054 837 3094 viamque
857 3046 1023 3083 Elee‘i'orum
1044 3050 1172 3081 Patrum

297 3109 424 3137 intraret
436 3128 443 3135 .
471 3102 563 3146 ,Quod
575 3098 603 3142 fi
609 3100 704 3133 alacri
723 3110 757 3132 ac
769 3107 882 3141 parato
893 3102 990 3134 animo
1002 3095 1171 3139 descendere

298 3155 470 3193 videretur,
497 3152 684 3188 mandarunt
704 3158 737 3184 ut
756 3154 782 3183 ei
799 3147 856 3192 sua
876 3145 960 3189 ipfius
982 3149 1107 3182 vivendi
1117 3154 1170 3183 via

278 3214 281 3222 =
299 3200 442 3243 infistcna'i
460 3201 585 3242 potestas
604 3201 710 3246 fieret.
737 3203 791 3232 Ex
813 3198 977 3233 obedientia
998 3202 1075 3231 enim
1094 3196 1169 3244 satis

298 3250 424 3291 constare
440 3251 514 3292 posse
535 3251 695 3287 dixerunt,
719 3260 783 3282 eum
794 3252 854 3282 Deo
872 3248 943 3282 duce
963 3253 994 3282 in
1014 3257 1077 3282 eam
1086 3253 1171 3281 viam

293 3300 384 3345 fuiffie
398 3301 566 3341 ingressum,
594 3300 629 3335 &
641 3307 703 3331 tam
715 3309 813 3341 grave
827 3307 973 3333 certamen
997 3298 1038 3332 ad
1054 3294 1084 3339 se
1092 3298 1169 3339 affli-

299 3350 481 3388 “landumin
494 3352 561 3383 vita
567 3346 715 3391 suscepisse
728 3372 735 3381 .
757 3350 787 3382 δι’
796 3350 867 3383 vero
877 3346 1009 3391 resisteret
1017 3370 1029 3389 ,
1045 3357 1097 3381 aut
1103 3347 1168 3391 suae

1216 1674 1220 1708 l

731 174 1064 220 VARIORUM
1100 171 1349 215 PATRUM
1384 169 1718 231 EPISTOLAE‚

1270 249 1429 294 inserviret
1448 257 1618 298 voluntati,
1642 269 1743 291 aenon
1745 257 1849 297 statim
1861 256 1990 301 ipsorum
2006 258 2148 295 hortatio-

1267 307 1298 333 ni
1312 313 1420 335 morem
1433 311 1569 347 gereret,
1593 314 1629 338 ut
1647 313 1685 339 vi
1703 310 1775 341 inde
1794 308 2028 343 abstraheretur.
2054 314 2145 344 Nun·

1265 356 1327 384 tius
1338 377 1348 392 ‚
1373 352 1424 386 ubi
1443 354 1546 393 acccfflt
1565 354 1682 387 adeum
1693 378 1704 394 ,
1729 358 1901 391 &Parrum
1910 360 1955 393 illi
1964 361 2142 395 mandatum

1263 399 1399 449 exposuit
1419 427 1430 443 ,
1456 415 1493 437 ac
1513 410 1541 437 it
1562 407 1710 447 extemplo
1729 406 1858 440 alterum
1870 411 2015 449 produxit
2032 413 2143 452 pedem

1266 455 1391 488 Parrum
1401 452 1564 487 hortationi
1573 453 1759 497 obsecuturus
1765 456 1895 497 permisti
1908 458 1967 500 sua
1976 471 2010 494 ac
2014 466 2140 503 propria

1261 505 1389 540 vivendi
1410 510 1466 537 via
1483 505 1635 549 incedere,
1653 504 1694 546 sic
1706 516 1773 539 eum
1790 505 1920 546 affatus:
1947 509 2031 544 Bono
2038 515 2140 544 animo

1254 552 1295 593 st's
1308 577 1320 594 ‚
1344 552 1501 592 &strenue
1521 566 1583 588 rem
1597 567 1690 599 gere,
1708 555 1799 595 statio
1815 555 2138 599 tuaesttiDeoinstm.

1258 612 1309 636 ta.
1339 610 1413 640 Haec
1422 617 1470 638 res
1482 605 1521 638 ab
1531 606 1601 638 aliis
1611 629 1622 646 ,
1646 607 1743 648 quide
1755 617 1786 640 eo
1792 604 1973 649 scripserunt
1983 630 1996 648 ,
2012 616 2139 650 prate„-

1257 654 1340 697 miffa
1353 676 1362 692 ‚
1389 655 1482 702 digna
1500 664 1619 695 tamen,
1643 667 1712 698 quae
1730 657 1838 691 litteris
1856 657 2001 698 prodatur
2013 683 2024 698 ,
2047 660 2070 692 a
2090 671 2138 699 me
2163 662 2170 700 Ι

1256 702 1306 737 boc
1329 706 1384 738 loco
1394 715 1617 739 commemorata
1637 706 1695 747 est.
1723 706 1876 749 Ejusdem
1889 715 1997 741 tamen
2009 707 2055 742 tei
2065 719 2139 744 me·
2154 713 2163 725 ¹*

1255 753 1352 788 minit
1365 755 1399 787 in
1411 755 1629 790 Collestaneis
1637 754 1838 793 Theodorus
1860 757 1977 794 Lessor
1989 771 2001 793 .·
2027 762 2139 794 Morm-

1253 803 1299 838 chi
1322 810 1354 837 in
1366 807 1518 848 AEgypto,
1540 817 1606 839 cum
1625 808 1662 840 de
1673 808 1701 839 5.
1713 809 1842 843 ‚simeone
1863 808 2008 851 audffmt
2021 831 2032 846 ,
2056 811 2141 851 quod

1248 853 1344 898 siipra
1376 857 1541 890 columnam
1571 855 1662 896 staret
1688 880 1700 896 ‚
1737 856 1893 901 insolentia
1929 862 1972 892 rei
2001 863 2114 899 percit-t
2124 883 2135 899 ,

1252 917 1323 939 nam
1337 912 1458 948 primus
1472 905 1523 939 boc
1541 905 1603 949 ipse
1613 912 1814 950 excogitarat,
1840 911 2068 941 communionem
2088 909 2135 946 §Ili

1250 965 1415 1000 negarunt.
1443 955 1544 996 Postea
1566 958 1637 993 vero
1653 961 1768 1000 cognita
1790 957 1869 993 illius
1880 962 1943 990 viri
1954 963 2022 990 vita
2044 958 2134 993 &coe-

1248 1016 1321 1038 rona
1332 1029 1343 1045 ,
1366 1004 1466 1050 rursus
1491 1006 1535 1039 illi
1549 1014 1763 1040 communicant
1776 1032 1784 1041 .
1810 1005 1920 1044 Addit
1940 1006 2133 1045 Simeonem

1248 1054 1340 1089 fuisse
1352 1051 1465 1094 natum
1476 1055 1510 1090 in
1524 1057 1598 1090 vico
1612 1057 1707 1092 Sison
1721 1081 1729 1092 ρ

1299 1104 1458 1148 Evagrius
1478 1105 1703 1147 prosequitur:
1733 1110 1837 1140 Virtus
1863 1109 1991 1143 Divinae
2013 1111 2130 1151 gratiae

1247 1161 1312 1186 tam
1322 1155 1447 1195 penitus
1459 1152 1565 1196 resedit
1575 1160 1608 1187 in
1620 1156 1764 1188 Simeonis
1782 1160 1899 1194 animo,
1923 1165 1958 1190 ut
1980 1159 2025 1189 ad
2033 1161 2128 1199 Impe-

1244 1212 1373 1237 ratorem
1404 1202 1590 1245 Theodosium
1611 1228 1622 1245 ,
1647 1205 1710 1248 lege
1734 1203 1883 1249 jubentem
1903 1228 1916 1245 ,
1939 1214 1974 1240 ut
1993 1207 2127 1256 Judaeis

1245 1252 1431 1286 Antiochiam
1461 1254 1652 1288 incolentibus
1672 1251 1979 1299 ‘ipfhrum*51nagogae
2002 1279 2014 1297 ,
2050 1267 2127 1299 quar

1242 1303 1406 1343 christiani
1429 1302 1467 1336 ab
1487 1304 1550 1341 illis
1573 1304 1773 1351 abstuliffient,
1797 1305 1992 1341 redderentur
2015 1329 2026 1345 ,
2050 1307 2126 1347 adso

1240 1353 1331 1387 libere
1348 1351 1459 1398 scripsit
1473 1377 1484 1398 ‚⁹
1509 1353 1639 1395 adeoque
1657 1359 1767 1388 acriter
1783 1365 1849 1391 eum
1866 1362 2026 1399 propterea
2036 1360 2127 1391 incre-

1236 1410 1331 1445 pavit
1342 1428 1352 1443 ,
1378 1413 1412 1437 ut
1424 1407 1591 1445 Imperator
1603 1402 1774 1445 Theodosius
1787 1426 1799 1443 ,
1824 1415 1881 1446 quo
1891 1402 2128 1448 Christianorum

1234 1452 1424 1497 satisfaceret
1448 1454 1617 1494 voluntati,
1639 1451 1697 1497 sua
1716 1453 1863 1488 mandata
1882 1462 2032 1491 revocaret
2054 1478 2068 1500 ‚
2091 1466 2127 1491 α·

1240 1504 1438 1547 Praefec‘lum,
1463 1508 1515 1545 qui
1539 1501 1635 1545 ipsum
1658 1504 1695 1536 de
1714 1503 1880 1541 reddendis
1883 1504 2070 1551 Judaeorum
2080 1506 2126 1544 s,-

1237 1560 1357 1598 nagogis
1379 1554 1535 1593 docuerat,
1564 1552 1718 1587 abdicaret
1728 1552 1927 1597 Magistrum,
1953 1553 2126 1598 &Sanffls-

1231 1602 1333 1646 fimum
1348 1614 1383 1637 ac
1393 1608 1505 1637 aerium
1525 1609 1620 1636 oraret
1636 1605 1795 1642 Martyrem
1805 1626 1816 1643 ,
1841 1613 1875 1640 ut
1885 1607 2125 1646 nominatimpro

1233 1652 1296 1697 ipso
1307 1656 1402 1691 Deum
1413 1652 1576 1696 obsecraret
1586 1676 1597 1693 ,
1622 1650 1863 1695 obtestanturque
1873 1674 1884 1691 ‚
1908 1662 1942 1686 ut
1956 1650 2013 1695 suo
2024 1650 2123 1695 ipsum

1234 1709 1409 1746 impartiret
1420 1701 1620 1741 benediHione
1629 1726 1637 1734 .
1663 1701 1719 1742 Jsle
1729 1704 1844 1738 simeon
1865 1700 1917 1737 hoc
1922 1700 2065 1748 severum
2074 1707 2124 1739 vi-

1236 1755 1331 1788 vendi
1338 1764 1435 1799 genus
1458 1757 1588 1788 incarne
1599 1751 1778 1793 traducens,
1806 1756 1906 1786 vitm
1925 1752 1969 1786 ad
1976 1757 2123 1796 quinqua-

1231 1809 1321 1847 ginta
1339 1802 1396 1849 sex
1416 1814 1512 1835 annos
1533 1801 1738 1845 propagavit.
1766 1806 1855 1835 Nam
1881 1807 1914 1835 in
1926 1801 2121 1847 monasterio,

1233 1850 1269 1885 in
1282 1863 1338 1895 quo
1345 1857 1478 1895 primum
1487 1855 1620 1885 Divinas
1631 1851 1760 1889 vivendi
1766 1855 1981 1893 praeceptiones
1992 1851 2098 1886 didicit
2107 1874 2120 1895 ,

1237 1914 1330 1940 annos
1355 1907 1438 1942 vixit
1459 1912 1565 1935 novem
1577 1926 1584 1935 .
1611 1905 1648 1936 In
1660 1902 1794 1938 Mandra
1806 1909 1906 1937 autem
1916 1901 2121 1947 quadraginta

1233 1951 1348 1996 septem
1363 1978 1370 1985 .
1396 1954 1442 1989 Et
1453 1951 1556 1988 borum
1576 1962 1721 1987 annorum
1741 1952 1839 1986 decem
1857 1957 1889 1983 in
1898 1953 1956 1989 loto
1965 1952 2126 1988 admodum

1237 2002 1354 2045 angusto
1377 2001 1500 2043 confecit
1520 2026 1532 2042 ,
1568 2006 1601 2034 in
1622 2002 1760 2034 columnis
1794 2000 1973 2034 arctioribus
1991 1999 2126 2044 septem,

1237 2052 1362 2092 denique
1377 2056 1410 2083 in
1420 2051 1626 2092 quadraginta
1635 2051 1797 2091 cubitorum
1816 2051 1949 2086 columna
1957 2062 2054 2085 annos
2066 2056 2127 2085 m.

1234 2105 1322 2143 ginta
1332 2124 1339 2132 .
1368 2098 1496 2133 Verum
1509 2094 1575 2133 haec
1585 2100 1698 2132 omnia
1710 2100 1767 2133 sibi
1780 2101 1922 2134 invicem
1933 2111 2002 2134 non
2023 2099 2127 2139 cohau-

1234 2145 1326 2184 'rent.
1355 2149 1488 2183 Etenim
1501 2148 1554 2185 lex
1565 2148 1621 2187 ilia
1633 2172 1645 2192 ,
1666 2160 1736 2191 quae
1754 2149 1902 2187 exustam
1912 2150 2126 2195 Synagogam

1237 2199 1323 2244 jussit
1337 2199 1355 2232 ὲ
1370 2198 1565 2234 Christianis
1584 2198 1771 2236 reaedificari
1781 2221 1793 2238 ,
1821 2209 1889 2235 non
1908 2194 2100 2246 juniorisest
2114 2223 2126 2244 2

1240 2249 1294 2288 sed
1314 2248 1443 2293 majoris
1465 2247 1669 2282 Theodosii.-
1695 2247 1871 2286 Emanavit
1889 2249 1994 2291 quarti
2016 2249 2126 2287 saeculi

1238 2310 1328 2335 anno
1340 2298 1541 2344 octogesimo
1563 2299 1679 2336 odiavo
1692 2321 1704 2339 ‚
1731 2297 1952 2334 circumdusta
1963 2298 2003 2332 ad
2015 2300 2127 2343 gerni-

1238 2361 1316 2387 nam
1341 2348 1599 2384 intercessionem
1610 2348 1639 2381 S.
1654 2347 1839 2387 Ambrosii.
1867 2346 2035 2383 Ambrosii
2049 2348 2124 2393 Epi-

1238 2399 1319 2433 stola
1331 2400 1436 2435 exstat
1444 2422 1451 2431 .
1465 2398 1581 2435 Exstat
1591 2397 1671 2430 item
1681 2397 1868 2433 Theodosii
1881 2398 1950 2433 Lex
1960 2398 1995 2433 in
2006 2396 2124 2436 Theo·

1237 2449 1372 2484 dofiano
1387 2447 1512 2482 Codice
1526 2446 1585 2482 sub
1596 2445 1718 2484 Titulo
1732 2446 1773 2481 de
1790 2446 1905 2491 Judaeis
1916 2470 1924 2482 .
1952 2447 2006 2480 An
2019 2447 2053 2483 &z
2063 2449 2124 2490 Sy·

1237 2511 1335 2534 meon
1348 2498 1481 2541 Stylites
1492 2498 1588 2534 fuerit
1599 2496 1775 2533 Ambrofio
1786 2505 1980 2539 cooperatus
1990 2520 2001 2536 ‚
2026 2496 2123 2541 igno·

1236 2560 1293 2582 ro.
1321 2547 1497 2596 Qidquid
1516 2548 1554 2579 sit
1574 2569 1586 2585 ,
1612 2546 1631 2580 ἢ
1664 2546 1769 2588 quarti
1792 2545 1904 2580 saeculi
1922 2547 2122 2591 octogesimo

1237 2600 1353 2632 octavo
1373 2607 1464 2630 anno
1485 2595 1587 2637 usque
1612 2592 1652 2627 ad
1673 2594 1836 2637 sequentis
1855 2595 1961 2629 saeculi
1972 2606 2121 2638 annum,

1236 2658 1301 2691 quo
1326 2646 1458 2683 Simeon
1481 2644 1651 2681 defunstus
1670 2643 1716 2679 est
1738 2668 1749 2685 ,
1784 2643 2019 2689 sexagesimum
2045 2646 2122 2681 sunt

1235 2709 1275 2734 an
1282 2696 1314 2730 ni
1327 2693 1529 2739 septuaginta
1540 2693 1608 2727 duo
1622 2717 1632 2732 ,
1659 2693 1800 2736 ideoque
1811 2694 1971 2739 Evagrius
1983 2695 2121 2730 manife-

1236 2745 1280 2781 [ἰὲ
1292 2746 1398 2783 deviat
1409 2769 1417 2777 .
1445 2745 1482 2781 In
1495 2744 1553 2777 suo
1564 2742 1604 2777 ad
1617 2742 1734 2778 dictam
1748 2743 1853 2788 legem
1866 2745 2119 2781 Commentario

1236 2795 1374 2841 jacobus
1397 2793 1623 2830 Gothofredus
1638 2790 1705 2827 haec
1716 2793 1843 2831 scribit:
1869 2795 2000 2830 similem
2020 2793 2119 2828 Theo-

1234 2842 1301 2891 dosii
1304 2849 1337 2893 J
1339 2850 1452 2882 uniaris
1472 2842 1698 2884 constitutionem
1717 2844 1755 2880 de
1766 2844 1930 2879 reddendis
1951 2843 2116 2879 Antiochia

1234 2900 1384 2941 Synagogis
1387 2898 1420 2940 J
1421 2895 1570 2930 udaeorum
1583 2918 1593 2934 ,
1619 2904 1692 2936 quas
1704 2892 1866 2934 Christiani
1875 2902 2092 2935 occupaverant
2101 2918 2116 2936 ,

1234 2941 1450 2989 quae'Simeonis
1471 2947 1491 2978 5
1493 2945 1581 2984 tylitae
1597 2944 1794 2980 admonitione
1813 2953 1881 2980 more
1901 2943 2114 2985 revocatafue-

1234 3003 1273 3035 rit
1290 3019 1300 3036 ,
1327 3003 1471 3032 memorat
1503 2997 1661 3038 Evagrius
1683 3017 1695 3033 ‚
1730 2994 1766 3031 (r
1785 3004 1823 3027 ex
1842 3003 1874 3028 eo
1900 2992 2112 3035 Nic-ephorus.

1236 3046 1283 3081 At
1294 3047 1420 3083 nullutn
1440 3044 1486 3078 est
1499 3044 1610 3081 similis
1620 3042 1707 3081 Facti
1730 3053 1786 3077 aut
1797 3042 1897 3087 Legis
1916 3042 2113 3088 vestigium„

1235 3096 1323 3131 nulla
1342 3095 1514 3132 memoria.
1542 3094 1650 3131 Immo
1662 3094 1777 3138 Junior
1796 3091 2006 3129 Theodosius
2027 3102 2114 3132 tres,

1235 3148 1268 3181 in
1280 3147 1346 3189 ejus
1358 3143 1483 3183 Codice
1498 3144 1556 3180 sub
1565 3144 1682 3179 eodem
1694 3143 1814 3178 Titulo
1824 3143 1987 3181 exstantes
1999 3167 2011 3184 ,
2031 3143 2112 3178 emi·

1234 3198 1271 3232 fit
1281 3188 1404 3241 Leges‘,
1431 3202 1574 3231 vetantes
1595 3194 1689 3228 exuri
1701 3202 1756 3231 aut
1769 3193 1880 3229 invadi
1892 3193 2107 3238 Synagogass

1233 3258 1265 3282 at
1277 3247 1317 3281 de
1329 3247 1420 3291 lege,
1445 3246 1650 3288 quaeinvasas
1666 3254 1721 3281 aut
1730 3243 1859 3282 exustas
1879 3242 1971 3278 reddi
1992 3252 2108 3278 autre-

1232 3295 1380 3331 aedificari
1401 3294 1510 3338 jubeat
1531 3319 1541 3335 ‚
1568 3295 1691 3329 nullius
1702 3293 1854 3340 reperitur
1864 3292 2087 3327 testimonium
2100 3314 2108 3322 .

1233 3347 1341 3396 Qare
1351 3344 1557 3383 manifestum
1568 3344 1612 3383 est
1626 3344 1804 3390 Evagrium
1823 3353 1879 3378 aut
1890 3343 1975 3380 circa
1987 3341 2113 3396 Simeo-

2010 3401 2060 3423 nis
