2320 3730
352 203 445 249 170
686 186 1037 232 'VARIORUM
1073 184 1321 226 PArituM
1357 181 1685 243 Emswom,

269 271 410 315 primam
437 267 566 302 causam
596 277 711 302 eorum
733 292 743 308 ,
770 279 840 312 quae
860 268 938 302 dure
956 265 1158 309 contingunt

270 322 333 354 effe
354 328 525 363 putemus:
553 318 596 352 Et
615 318 815 353 confidimus
842 343 853 359 ,
881 318 958 359 quia
980 313 1157 348 secundum

1207 271 1212 293 ι
1219 259 1290 307 sent
1312 268 1458 298 rationem
1477 268 1642 301 reddituri.
1670 268 1832 313 Evagrius
1856 266 2110 311 Epiphanienfis
2151 304 2158 310 ,

1224 314 1387 347 consonat
1412 315 1637 358 &explanatz
1664 319 1893 360 Nondffmjles
1913 319 1954 351 ab
1977 322 2111 360 1mpem,
2128 303 2282 346 Lib.2.c.9.

272 370 404 405 Divinae
414 369 596 404 clementiae
617 369 787 405 arbitrium
799 367 913 402 cuneta
936 363 1079 407 Imperio
1102 375 1158 399 no-

271 421 338 454 stro
352 420 523 464 proficiant
535 444 546 462 ‚
572 421 596 453 si
611 418 759 456 Ecclefiae
772 417 926 463 rectaeque
943 414 1036 449 Fidei
1059 425 1165 448 mem-¹

271 471 329 505 bra
347 470 522 514 conjuncta
543 470 665 508 fuerint
691 467 726 506 ,ὃς
747 467 840 501 unita
865 491 872 498 .
900 464 955 498 Ad
978 462 1067 498 hunc
1084 465 1160 502 effe-

270 522 359 560 &um
384 522 420 559 ,δε
441 521 604 565 optimum
616 527 740 552 certato
760 526 923 551 certamen
937 539 947 556 ‚
974 525 1011 549 ut
1033 515 1160 558 superes

270 571 475 611 Doemonum
498 578 718 604 tentamenta.
747 564 969 610 Deputabitur
987 565 1077 600 enim
1099 565 1158 600 tibi

268 623 302 656 &
317 620 382 657 hoc
394 622 433 655 ad
452 620 634 654 maximum
651 618 798 655 bellum,
824 615 1094 661 fortissimamque
1114 617 1158 650 vi—

267 674 424 709 storiam:
451 671 529 718 Qa
549 670 685 704 obtenta
709 667 771 700 eris
789 666 838 699 tui
852 667 998 711 sequax,
1025 678 1063 702 ea
1089 678 1158 709 quae

268 721 423 767 professus
438 732 473 755 es
485 730 584 765 agens
603 744 611 751 .
637 718 691 751 De
702 715 822 759 quibus
846 717 1064 755 &confidens
1074 718 1157 758 esto,

268 774 455 815 deprecatus
466 794 477 811 ,
503 777 540 803 ut
552 767 772 802 indesinenter
784 766 1068 806 interceffionibus
1079 779 1157 803 con-

267 821 365 855 suetis
377 831 458 861 nos,
484 816 904 867 nostrumquelmperium,
929 828 1028 863 atque
1040 830 1157 853 omnes

266 871 323 913 qui
344 871 402 906 sub
416 869 526 904 nostro
547 867 739 913 Principatu
761 868 856 910 sunt,
886 869 963 903 Deo
985 880 1158 904 commen·

263 920 338 955 des.
366 920 541 969 Qoniam
554 915 828 963 nobispraecipue
847 943 858 960 ‚
884 919 1155 964 quiconvenien·

263 981 332 1005 tem
344 982 456 1007 curam
468 981 528 1013 pro
538 969 604 1013 ejus
615 968 809 1004 exhibemus
821 980 909 1014 pace,
919 971 1050 1013 cultura:
1060 970 1156 1016 ,ipsius

264 1021 387 1060 virtute
407 1021 499 1066 larga
517 1020 605 1056 bona
624 1019 829 1071 praestanrur,

450 1229 963 1277 Sciiotrou.

374 1374 443 1410 AEc
455 1374 550 1409 Sacra
572 1372 720 1417 Epistola
738 1371 843 1409 exstat
868 1369 981 1406 Graece
1006 1370 1041 1404 &
1064 1369 1153 1404 Lati-

396 1426 453 1459 ne.
482 1424 673 1464 Caffinenfis
684 1423 855 1458 translatio
877 1422 921 1461 est
936 1422 1019 1456 alia.-
1049 1421 1092 1454 Et
1119 1419 1154 1453 li-

259 1484 311 1508 cet
337 1475 373 1508 in
399 1473 595 1517 quibusdam
621 1474 657 1506 fit
677 1473 867 1513 obscurior,
896 1473 931 1507 in
958 1470 1152 1516 quibusdam

257 1531 370 1559 tamen
392 1525 438 1561 est
465 1523 604 1560 clarior.
631 1523 726 1557 Hinc
749 1517 860 1557 censui
887 1534 955 1556 non
967 1521 1153 1566 praetermit-

258 1575 396 1608 tendam
414 1600 422 1607 .
449 1576 561 1614 Docet
575 1585 636 1608 nos
663 1572 896 1608 &Theodofii
917 1574 1092 1617 pietatem,
1119 1571 1152 1605 &

259 1623 357 1667 hujus
381 1625 507 1668 Stylitae
533 1623 782 1658 sanctimoniam
820 1634 858 1658 ac
886 1621 1122 1657 authoritatem
1143 1647 1150 1653 .

258 1673 343 1711 Haec
354 1684 444 1709 tanta
456 1675 518 1710 fuit
530 1700 541 1716 ,
567 1683 603 1707 ut
617 1674 847 1708 Romanorum
860 1673 1039 1716 Imperator
1051 1672 1150 1714 ipsam

257 1725 483 1768 imploraverit
507 1724 547 1759 ad
559 1723 801 1758 conciliandam
823 1734 938 1767 pacem
952 1722 1081 1756 duobus
1092 1722 1148 1755 Pa-

258 1775 408 1812 triarchis
418 1799 429 1816 ,
457 1786 495 1808 ac
507 1786 623 1814 eorum
635 1772 835 1808 Dioecefibus
847 1786 858 1805 :
889 1771 996 1806 imm&
1007 1774 1069 1806 toti
1090 1773 1150 1806 Ec·

258 1824 360 1858 clefiae
385 1836 422 1858 ac
434 1823 580 1867 Imperio
592 1847 599 1855 .
628 1823 756 1856 Omnes
767 1822 857 1855 enim
868 1821 969 1855 ferme
993 1821 1148 1867 Episcopi

257 1887 297 1909 ac
321 1874 443 1917 Populi
464 1872 542 1906 huic
568 1881 624 1905 aut
637 1871 688 1904 isti
711 1870 793 1914 parti
807 1868 1027 1904 adhaerebant.
1054 1872 1148 1905 Sacra

258 1924 342 1962 ῐεᾶὲ
355 1924 486 1959 scribit:
513 1923 620 1962 Cyrillo
640 1921 865 1961 occidentales,
892 1923 925 1955 (9
946 1919 1147 1961 Constantino-

254 1979 406 2020 politam,
433 1975 466 2008 (9·
482 1975 589 2016 reliqui
609 1983 707 2006 omnes
729 1979 878 2004 terrarum
895 1971 985 2004 Orbis
1005 1970 1146 2014 Episcopi

256 2026 457 2070 consentiunt.
488 2023 647 2058 Notanda
670 2023 745 2055 sunt
769 2022 803 2054 &
826 2020 895 2054 haec
921 2020 1033 2054 verba:
1061 2026 1148 2053 Nam

257 2083 405 2113 contentio
431 2078 465 2111 Θ
493 2074 643 2120 dts'cerdia
665 2083 716 2110 nos
729 2072 802 2104 adeo
814 2069 986 2110 conturbat,
1012 2079 1046 2103 ut
1070 2069 1148 2102 banc

257 2129 455 2169 existimemus
464 2132 599 2169 primam
611 2148 621 2164 ,
642 2128 886 2165 praecipuamque
899 2125 1027 2153 omnium
1040 2119 1146 2159 nostra-

257 2191 325 2214 rum
339 2181 546 2212 calamitatum
566 2174 618 2219 effe
635 2171 773 2216 causam,
800 2174 835 2205 (τ
855 2170 1037 2213 confidamus
1050 2174 1148 2214 Regni

257 2230 346 2272 nostri
357 2241 406 2263 res
432 2239 470 2261 ex
481 2228 635 2261 voluntate
646 2224 837 2267 benignitatis
851 2225 910 2255 Det
931 2221 981 2265 esse
999 2222 1147 2264 processu-

258 2293 313 2314 ras
328 2305 339 2320 ‚
359 2280 442 2321 sires
453 2275 588 2318 Ecclefiae
615 2277 649 2309 &
663 2273 842 2309 orthodoxae
848 2272 923 2315 fidei
934 2271 1068 2309 membra
1085 2281 1148 2304 con-

252 2331 364 2373 juncia
389 2331 423 2363 <a
433 2329 567 2370 copulata
572 2326 693 2368 fuerint
705 2330 737 2358 in
751 2324 801 2357 boc
811 2328 923 2367 egregio
939 2330 1042 2365 opere.
1071 2322 1148 2355 Cas-

258 2380 387 2415 sinenfis
400 2378 569 2413 translatio
582 2376 624 2410 fic
639 2374 759 2411 habet:
787 2377 835 2408 stc
845 2379 924 2410 enim
937 2384 988 2406 nos
1008 2372 1149 2417 dffolutio

254 2430 417 2474 perturbat
429 2453 440 2470 ,
464 2437 497 2463 ut
510 2428 591 2461 hanc
618 2428 651 2459 (τ
659 2430 794 2467 primam
804 2422 925 2465 causam
934 2433 1031 2455 eorum
1042 2446 1053 2462 ,
1078 2433 1148 2463 quae

259 2482 336 2515 dure
349 2485 543 2522 contingunt,
567 2477 619 2520 esse
625 2483 767 2518 putemus
780 2498 787 2505 .
816 2476 862 2510 Et
873 2473 1048 2514 confidimus
1079 2477 1150 2514 quta

256 2530 416 2575 secundum
430 2532 555 2562 Divinae
567 2529 732 2564 clementiae
746 2523 905 2559 arbitrium
918 2522 1021 2554 cunila
1030 2528 1150 2564 imperio

261 2580 355 2622 nostro
365 2579 524 2622 proficiant
537 2601 547 2617 ‚
566 2574 737 2617 fiEcclefiae
764 2584 799 2605 ac
819 2572 909 2604 ret‘lae
924 2570 998 2612 fidei
1019 2572 1151 2607 membra

261 2627 545 2671 conjunblafuerint
569 2627 603 2663 (ζα
615 2629 700 2657 unita
713 2646 720 2653 .
747 2621 842 2657 Hinc
855 2620 1002 2656 videmus
1012 2646 1023 2662 ‚
1050 2632 1150 2665 quan-

262 2690 337 2715 tum
349 2680 504 2714 Romana
514 2674 682 2712 Ecclefia,
712 2671 867 2715 Episcopi
880 2682 1015 2711 omnes,
1045 2671 1150 2714 acipfi

262 2729 363 2765 etiam
377 2727 485 2771 Reges
509 2725 543 2762 δε
553 2723 720 2767 Principes
732 2722 859 2761 studere
887 2733 926 2759 ac
938 2721 999 2754 niti
1012 2720 1150 2755 debeant

263 2778 306 2814 ad
326 2774 585 2814 conservandam
621 2775 655 2811 &
676 2772 881 2807 retinendam
905 2771 994 2805 Cleri
1019 2783 1150 2815 pacem.

263 2829 454 2867 Pertinaces
464 2823 700 2864 discordiarum
712 2820 864 2856 authores
889 2823 923 2855 &
943 2823 1087 2856 fautores
1100 2820 1153 2855 de·

264 2879 345 2915 bent
355 2876 533 2922 supprimi,
559 2872 663 2909 imme>
682 2870 896 2916 &proscribi.
926 2871 1079 2908 Unicum
1089 2872 1152 2916 pie-

264 2930 341 2967 tatis
354 2940 458 2975 genus
469 2927 515 2962 est
528 2925 582 2960 hic
593 2926 655 2960 effe
665 2923 828 2958 crudelem
841 2946 848 2954 .

317 2981 430 3018 Etiam
451 2980 632 3020 Imperator
653 2975 725 3014 Leo
747 2973 787 3007 ad
810 2972 920 3008 turbas
942 2997 953 3012 ‚
978 2984 1058 3017 quas
1080 2972 1150 3018 post

266 3030 570 3067 Chalcedonensem
583 3024 754 3070 Synodum
766 3023 928 3059 suscitarat
941 3021 1151 3066 Eutychiana

268 3080 435 3125 impietas,
464 3077 620 3115 sedandas
643 3088 712 3110 non
731 3075 818 3112 solos
837 3073 1017 3107 Orientalis
1040 3074 1152 3107 Eccle-

269 3130 319 3163 fiae
339 3129 571 3174 Metropolitas
597 3139 634 3163 ac
655 3128 799 3170 ipsorum
814 3123 967 3168 synodos
986 3124 1150 3158 consuluit

269 3189 306 3211 ac
318 3178 465 3213 adhibuit
475 3205 485 3219 ,
512 3179 565 3215 sed
579 3178 678 3211 etiam
691 3174 779 3214 hunc
793 3175 937 3210 nostrum
952 3173 1148 3210 Simeonem.

271 3227 401 3264 Diserte
411 3226 475 3262 hoc
486 3229 622 3262 testatur
634 3226 799 3271 Georgius
811 3224 979 3258 Cedrenus
991 3236 997 3255 :
1027 3227 1085 3256 Leo
1105 3231 1150 3257 in-

271 3287 317 3314 ter
327 3281 399 3312 alios
410 3283 501 3311 etiam
507 3276 613 3319 scribit
624 3277 667 3308 ad
676 3272 835 3313 simeonem
847 3276 974 3318 stylitem
984 3298 995 3313 ‚
1023 3273 1148 3317 aliosque

270 3329 407 3372 mirificos
432 3328 467 3360 <5
482 3326 672 3365 sandliffimos
697 3329 804 3359 Patres
814 3324 961 3365 obtestans
975 3347 986 3362 ‚
1011 3333 1045 3358 ut
1055 3331 1100 3357 ita
1110 3327 1148 3357 de

1223 373 1285 397 tore
1294 364 1404 398 litterae
1438 364 1570 406 fuerunt
1584 363 1707 410 scriptae
1726 367 1770 399 ad
1787 373 1868 402 viros
1886 369 2029 410 illustres,
2057 373 2110 411 qui

1220 422 1275 459 per
1293 415 1329 450 id
1347 421 1486 458 temporis
1506 422 1607 453 vitam
1624 421 1740 457 inopem
1766 440 1777 455 ‚
1802 419 1838 452 i&
1860 419 1947 452 rebus
1972 419 2110 452 omnibus

1224 467 1378 499 advitam
1389 466 1552 509 necessariis
1564 465 1738 511 destitutam
1750 477 1873 510 egerunt
1883 491 1890 499 .
1918 471 1972 502 Ex
1986 481 2110 511 quorum

1224 527 1345 551 numero
1354 517 1471 561 Symeon
1483 516 1570 558 fuit,
1596 524 1652 559 qui
1666 522 1787 559 primus
1807 521 1940 550 omnium
1965 525 2051 560 coepit
2074 525 2109 553 in

1223 567 1356 599 columna
1367 565 1502 601 babitare
1515 592 1526 609 ‚
1552 569 1685 610 illudque
1696 568 1836 600 domicilii
1842 579 1939 611 genus
1968 571 2087 603 invenit
2099 592 2108 601 .

1226 620 1282 649 His
1304 617 1541 653 adnumerantur
1572 618 1755 656 Baradatus
1780 620 1815 654 j&
1831 618 1970 664 Jacobus
1991 642 2003 658 ,
2029 620 2104 657 syri.

1226 664 1588 712 AdjungitSimeonem
1614 669 1650 703 &
1668 668 1820 713 Augusto
1848 668 1976 709 Leoni,
2003 668 2110 704 &Ba-

1223 716 1293 753 filio
1314 718 1502 757 Antiochia:
1523 718 1713 757 Patriarchae
1737 719 1934 763 respondisse
1957 742 1968 759 ,
1994 719 2028 756 s&
2052 717 2110 755 has

1223 766 1292 810 ejus
1311 767 1502 811 posteriores
1524 770 1647 804 litteras
1673 769 1795 804 indidit
1822 769 1886 802 suis
1899 768 2086 803 Annalibus
2099 793 2107 802 .

1224 818 1375 858 Baradati
1385 819 1593 863 responsoriae
1603 819 1643 855 ad
1652 821 1794 858 eundem
1819 820 2004 862 Principem
2026 819 2109 853 litte·

1224 880 1264 952 rael
1288 869 1417 910 exstant
1443 871 1479 904 in
1502 870 1595 912 tertia
1622 879 1712 920 parte
1729 869 2008 911 Chalcedonensis
2019 868 2111 905 Con·

1222 931 1252 953 ci
1269 932 1309 953 ιι.

1271 970 1428 1018 Qantus
1439 971 1536 1016 porro
1557 972 1624 1007 Dei
1645 973 1774 1014 servus,
1800 970 2040 1008 &Christianae
2060 969 2110 1013 Ju-

1224 1019 1315 1054 stitiae
1325 1021 1415 1066 gigas
1425 1024 1522 1057 fuerit
1533 1024 1669 1058 Simeon
1681 1022 1836 1065 stylites,
1862 1023 1960 1056 docet
1988 1031 2049 1055 nos
2072 1019 2108 1054 in

1224 1069 1374 1114 religiosa
1400 1072 1533 1109 historia
1544 1072 1799 1110 Theodoretus.
1827 1072 1981 1106 Affirmat
2003 1071 2108 1114 ipsum

1224 1118 1331 1162 primo
1356 1120 1450 1159 fuisse
1471 1121 1732 1164 Saneliffirnum,
1757 1123 1790 1158 &
1816 1119 2024 1158 totiMundo
2051 1130 2108 1165 per

1223 1168 1380 1203 miracula
1392 1169 1551 1209 celebrem
1564 1170 1776 1206 Coenobitam
1788 1194 1799 1210 ,
1824 1181 1862 1205 ac
1879 1170 2082 1214 prosequitur
2094 1182 2106 1203 .-

1222 1220 1375 1261 ,Quoniam
1400 1230 1499 1254 autem
1511 1220 1741 1255 innumerabiles
1766 1230 1856 1259 erant
1879 1226 1930 1267 qui
1955 1222 2108 1256 adventas

1222 1269 1316 1310 bant,
1344 1272 1378 1304 ὑ*
1390 1278 1513 1315 tangere
1522 1282 1622 1306 omnes
1633 1270 1817 1307 conabantur
1831 1295 1850 1311 ,.
1867 1279 1958 1313 atque
1987 1282 2026 1304 ex
2044 1270 2108 1313 pel·

1219 1319 1297 1357 liceis
1307 1320 1389 1358 illius
1404 1320 1534 1360 vestibus
1556 1321 1787 1355 benedidionem
1812 1321 1944 1363 aliquam
1965 1319 2106 1361 haurire,

1217 1370 1349 1410 primum
1375 1375 1500 1404 nimiam
1527 1369 1644 1404 honoris
1670 1372 1911 1413 magnitudinem
1943 1368 2107 1412 ‚absurdam

1220 1419 1415 1461 existimans,
1443 1421 1550 1454 deinde
1572 1432 1636 1454 rem
1656 1429 1690 1454 ut
1702 1418 1873 1464 laboriosam
1894 1420 1972 1462 aegrs?
1978 1419 2104 1461 ferens,

1213 1468 1370 1509 stationem
1380 1475 1413 1503 in
1425 1471 1559 1504 columna
1582 1475 1781 1515 excogitavit.
1812 1477 1853 1508 Ac
1870 1472 1968 1513 primo
1987 1471 2108 1512 quidem

1215 1518 1269 1562 sex
1295 1520 1456 1553 cubitorum
1482 1521 1558 1557 caedi
1576 1521 1659 1562 juffit
1672 1545 1684 1561 ,
1704 1520 1804 1563 postea
1829 1521 1982 1553 duodecim
2006 1544 2016 1561 ,
2042 1529 2107 1554 tum

1219 1571 1326 1603 deinde
1338 1571 1462 1603 duorum
1488 1573 1668 1614 &vigint1,
1693 1582 1771 1604 nunc
1781 1573 1852 1606 vero
1861 1568 1918 1614 sex
1946 1571 1980 1603 (θ’
2002 1575 2106 1614 trigin—

1219 1629 1271 1652 ta.
1299 1621 1437 1654 Evolare
1457 1631 1585 1663 namque
1621 1626 1656 1656 in
1679 1621 1781 1657 toelum
1799 1625 1899 1662 cupit,
1926 1620 1960 1657 i&
1985 1619 2024 1651 ab
2049 1618 2105 1653 hac

1218 1679 1339 1707 terrena
1354 1668 1574 1713 conversatione
1586 1671 1718 1705 recedere
1730 1695 1737 1703 .
1764 1672 1830 1714 Ego
1857 1671 1929 1705 vero
1944 1669 2104 1709 stationem

1217 1719 1297 1754 banc
1337 1733 1394 1754 non
1419 1720 1529 1765 absque
1565 1724 1680 1760 Divino
1705 1719 1813 1762 confilio
1843 1718 1962 1761 faae‘lam
1998 1719 2103 1753 credo.

2127 650 2186 681 Lib.
2196 662 2221 680 2.

2125 702 2150 722 C-
2164 704 2204 723 10·

2124 1233 2243 1271 Cap-26.

1217 1772 1422 1816 ,Quamobrem
1444 1784 1490 1805 eos
1523 1782 1592 1811 oro,
1618 1783 1690 1814 quos
1715 1769 1927 1813 reprehendere
1952 1770 2102 1812 delean,
2135 1785 2141 1791 ·

1218 1831 1250 1853 ut
1261 1821 1515 1865 litguaefraenum
1529 1823 1669 1862 injiciant
1684 1845 1695 1863 ‚
1709 1832 1802 1863 neque
1813 1821 1897 1854 illam
1907 1821 2016 1854 temere
2023 1819 2104 1861 ferri

1211 1869 1333 1912 finam,
1354 1869 1413 1915 sed
1421 1870 1594 1913 confiderent
1618 1874 1777 1903 Dominum
1801 1872 1876 1903 talia
1898 1868 2035 1913 persaepe
2059 1870 2104 1904 ad

1212 1919 1378 1964 segniorum
1390 1925 1552 1956 utilitatem
1564 1920 1713 1964 instituiffe
1724 1944 1732 1953 .
1761 1920 1913 1958 Affirmat
1941 1918 2005 1957 hoc
2028 1921 2103 1953 vitae

1216 1982 1322 2016 genus
1334 1972 1428 2010 fuisse
1438 1983 1518 2008 tunc
1530 1972 1657 2015 penitus
1667 1981 1790 2008 novum
1803 1993 1814 2009 ,
1840 1969 1980 2013 ideoque
1998 1970 2032 2003 &
2044 1969 2104 2004 ob'·

1218 2022 1356 2056 noxium
1370 2024 1551 2060 multorum
1562 2020 1871 2056 obtrectationibus.
1898 2020 1992 2054 Hinc
2010 2021 2103 2055 addit

1214 2069 1282 2112 ejus
1295 2071 1519 2115 Apologiam‚
1544 2082 1582 2103 ac
1612 2072 1737 2114 pergit:
1766 2071 2026 2113 ‚Quemadmodum
2050 2076 2102 2113 qul

1215 2121 1297 2161 apud
1308 2119 1438 2154 homines
1452 2124 1612 2162 Imperium
1623 2120 1764 2160 obtinent,
1773 2128 1826 2161 per
1837 2129 1997 2162 temporum
2009 2127 2102 2154 inter-

1214 2172 1300 2204 valla
1311 2182 1493 2208 nummorum
1512 2175 1656 2213 imagines
1666 2178 1803 2210 mutant,
1829 2171 1940 2205 leonum
1950 2172 2101 2205 interdum

1217 2221 1337 2264 effigiem
1355 2224 1560 2263 imprimentes
1574 2243 1584 2259 ‚
1611 2220 1762 2255 interdum
1780 2218 1933 2258 stellarum
1960 2221 1994 2253 ό·
2008 2224 2103 2263 Ange·

1214 2270 1307 2303 lorum
1324 2295 1334 2311 ‚
1362 2272 1513 2306 interdum
1539 2282 1616 2305 novo
1641 2269 1810 2305 charaHere
1820 2281 1926 2303 aurum
1946 2269 2101 2314 pretiofius

1213 2322 1338 2355 reddere
1360 2330 1500 2359 conantes
1514 2345 1524 2360 ,
1545 2319 1585 2363 fic
1604 2318 1808 2362 universorum
1830 2323 1917 2360 Rex,
1944 2329 2099 2362 tamquam

1212 2370 1395 2406 characteres
1406 2370 1549 2414 quosdam
1561 2395 1571 2411 ,
1599 2381 1694 2407 novas
1706 2370 1775 2410 istas
1789 2367 1925 2411 diversas
1948 2374 2023 2403 vitae
2049 2381 2099 2402 ra-

1214 2428 1307 2455 tiones
1320 2427 1432 2464 pietati
1453 2421 1622 2462 adjiciens,
1648 2430 1704 2451 non
1725 2418 1798 2460 fidei
1827 2421 2016 2454 alumnorum
2030 2428 2100 2452 tan·

1216 2473 1384 2512 tummodo,
1406 2469 1465 2515 sed
1476 2470 1682 2506 incredulitate
1693 2480 1804 2514 quoque
1822 2468 2024 2504 laborantium
2043 2469 2098 2503 lin·

1213 2535 1291 2566 guas
1304 2523 1349 2555 ad
1361 2522 1542 2561 laudandum
1554 2526 1666 2555 excitat
1679 2543 1686 2550 .
1714 2520 1859 2561 ‚Quodque
1869 2518 1932 2551 baec
1940 2523 1985 2551 iia
1999 2517 2098 2561 seha-

1214 2574 1306 2606 beant
1315 2595 1326 2610 ,
1355 2583 1413 2604 non
1423 2568 1516 2607 verba
1526 2568 1670 2608 testantur
1681 2592 1692 2607 ‚
1715 2566 1776 2609 sed
1790 2578 1837 2599 res
1859 2566 1932 2609 ipsae
1943 2569 2077 2603 clamant
2088 2594 2096 2605 .

1213 2621 1430 2664 Ismaelitarum
1451 2623 1528 2651 enim
1550 2618 1645 2649 millia
1667 2628 1757 2659 quam
1775 2618 1929 2657 plurima,
1956 2629 2024 2660 quae
2042 2622 2096 2651 im-

1209 2674 1336 2713 pietatis
1361 2669 1483 2711 caligini
1504 2664 1700 2713 servierant,
1722 2666 1811 2707 statio
1831 2667 1886 2699 illa
1907 2672 1940 2700 in
1961 2669 2096 2702 columna

1213 2722 1400 2757 illuminavit
1412 2713 1420 2751 ζ
1448 2722 1536 2752 Nam
1547 2718 1642 2755 veluti
1649 2714 1744 2759 supra
1754 2717 1965 2750 candelabrum
1974 2719 2096 2760 aliquod

1210 2770 1303 2816 pofita
1324 2769 1498 2810 -lucidiffima'
1516 2766 1578 2801 baec
1597 2769 1716 2800 lucerna
1735 2767 1854 2808 radios,
1884 2767 1959 2803 Solis
1980 2768 2094 2810 instar,

1213 2816 1314 2856 omnes
1338 2826 1370 2854 in
1388 2827 1493 2863 partes
1520 2817 1628 2859 emifit:
1654 2815 1830 2859 Iberosque,
1855 2818 1890 2851 (5
1917 2822 2091 2861 Armenios,

1214 2874 1249 2906 (¹5
1268 2869 1377 2915 Persas
1403 2869 1569 2903 accedentes
1582 2893 1591 2908 ,
1618 2869 1651 2902 (3
1665 2870 1814 2901 Divinum
1835 2866 1996 2910 Baptisma
2016 2874 2091 2902 acci-

1210 2928 1327 2965 pientes
1349 2921 1454 2955 videre
1476 2919 1529 2958 est.
1560 2917 1720 2961 ismaelitae
1733 2926 1832 2954 autem
1854 2924 2012 2952 turmatim
2038 2930 2091 2952 ve-

1213 2967 1331 3006 nientes
1343 2995 1354 3012 ,
1381 2971 1498 3003 ducenti
1511 2966 1602 3012 fimul
1613 2993 1623 3009 ,
1650 2970 1685 3002 Co·
1703 2974 1822 3003 trecenti
1840 2991 1850 3006 ,
1882 2979 1917 3002 ac
1937 2969 2089 3001 interdum

1213 3024 1313 3064 mille,
1334 3025 1469 3068 patrium
1487 3031 1612 3055 errorem
1633 3030 1746 3063 magna
1757 3030 1825 3052 voce
1845 3019 1996 3062 abnegant
2009 3044 2019 3063 ,
2045 3020 2092 3053 Si-

1212 3075 1342 3112 mulacra
1356 3082 1422 3115 quae
1435 3071 1583 3104 coluerant
1591 3081 1687 3106 coram
1708 3071 1758 3106 illo
1770 3080 1876 3113 magno
1893 3069 2004 3106 lumine
2024 3079 2098 3111 cong

1213 3132 1340 3162 terentes
1354 3146 1364 3162 ,
1391 3119 1569 3165 Venerisque
1579 3125 1661 3164 orgia
1671 3122 1820 3162 eiurantes
1843 3123 1970 3156 Divinis
1992 3118 2090 3159 Myste-

1211 3180 1265 3208 riis
1277 3178 1437 3211 initiantur
1451 3196 1461 3211 ‚
1488 3174 1562 3214 leges
1574 3172 1613 3203 ab
1625 3173 1678 3204 illa
1684 3169 1775 3218 sacra
1787 3171 1889 3213 lingua
1901 3174 2088 3211 accipientes,

1210 3226 1244 3258 (ν’
1257 3228 1397 3262 Paternis
1409 3222 1538 3257 moribus
1551 3221 1749 3258 valedicentes
1758 3246 1769 3266 ,
1798 3231 1832 3253 ac
1844 3219 1989 3262 afinorum
2009 3229 2089 3264 agre-

1203 3273 1293 3314 stium
1320 3273 1536 3310 &camelorum
1546 3270 1624 3314 esum
1646 3270 1833 3315 respuentes.
1861 3268 2013 3304 Adducis
2034 3267 2089 3302 ad-

1208 3323 1354 3358 miranda
1381 3334 1419 3356 ac
1441 3322 1606 3356 adoranda
1627 3321 1720 3365 hujtxs
1742 3321 1875 3354 Divinae
1897 3318 2008 3364 gratiae
2035 3328 2088 3360 per

269 3376 458 3421 controversis
472 3375 555 3409 rebus
562 3375 707 3416 judicium
710 3376 874 3417 facerent,
898 3383 931 3407 ut
951 3378 1001 3419 qui
1024 3377 1086 3409 Deo
1107 3374 1150 3418 es·
1207 3376 1407 3419 Symeonem
1430 3373 1465 3407 in
1489 3370 1646 3409 Barbaros
1668 3370 1838 3416 exempla,
1865 3371 1899 3405 δε
1920 3366 2085 3410 adjungitz

1939 3418 2041 3453 Talem
