<?xml version="1.0" encoding="UTF-8"?>
<!DOCTYPE html PUBLIC "-//W3C//DTD XHTML 1.0 Transitional//EN"
    "http://www.w3.org/TR/xhtml1/DTD/xhtml1-transitional.dtd">
<html xmlns="http://www.w3.org/1999/xhtml" xml:lang="en" lang="en">
 <head>
  <title>
</title>
<meta http-equiv="Content-Type" content="text/html;charset=utf-8" />
  <meta name='ocr-system' content='tesseract 3.04.00' />
  <meta name='ocr-capabilities' content='ocr_page ocr_carea ocr_par ocr_line ocrx_word'/>
</head>
<body>
  <div class='ocr_page' id='page_1' title='image "./operaomniastudio07lupuuoft/operaomniastudio07lupuuoft_0352.png"; bbox 0 0 2320 3730; ppageno 0'>
   <div class='ocr_carea' id='block_1_1' title="bbox 349 201 445 253">
    <p class='ocr_par' dir='ltr' id='par_1_1' title="bbox 349 201 445 253">
     <span class='ocr_line' id='line_1_1' title="bbox 349 201 445 253; baseline 0.01 -1"><span class='ocrx_word' id='word_1_1' title='bbox 349 201 445 253; x_wconf 74' lang='lat'>346</span> 
     </span>
    </p>
   </div>
   <div class='ocr_carea' id='block_1_2' title="bbox 478 380 960 424">
    <p class='ocr_par' dir='ltr' id='par_1_2' title="bbox 478 380 960 424">
     <span class='ocr_line' id='line_1_2' title="bbox 478 380 960 424; baseline -0.015 0"><span class='ocrx_word' id='word_1_2' title='bbox 478 380 960 424; x_wconf 71' lang='lat' dir='ltr'>SenotroN.</span> 
     </span>
    </p>
   </div>
   <div class='ocr_carea' id='block_1_3' title="bbox 265 520 1159 667">
    <p class='ocr_par' dir='ltr' id='par_1_3' title="bbox 265 520 1159 667">
     <span class='ocr_line' id='line_1_3' title="bbox 379 520 1159 567; baseline -0.008 -7"><span class='ocrx_word' id='word_1_3' title='bbox 379 527 433 562; x_wconf 89' lang='lat' dir='ltr'>Oc</span> <span class='ocrx_word' id='word_1_4' title='bbox 455 521 761 567; x_wconf 81' lang='lat' dir='ltr'>Hypomnysticum</span> <span class='ocrx_word' id='word_1_5' title='bbox 783 546 794 562; x_wconf 94' lang='lat'><strong>,</strong></span> <span class='ocrx_word' id='word_1_6' title='bbox 821 523 874 555; x_wconf 91' lang='lat' dir='ltr'>seu</span> <span class='ocrx_word' id='word_1_7' title='bbox 893 521 1028 565; x_wconf 83' lang='lat' dir='ltr'>epistola</span> <span class='ocrx_word' id='word_1_8' title='bbox 1062 520 1159 555; x_wconf 86' lang='lat' dir='ltr'>docet</span> 
     </span>
     <span class='ocr_line' id='line_1_4' title="bbox 406 570 1158 620; baseline -0.007 -11"><span class='ocrx_word' id='word_1_9' title='bbox 406 574 512 620; x_wconf 82' lang='lat' dir='ltr'>primo</span> <span class='ocrx_word' id='word_1_10' title='bbox 535 596 547 613; x_wconf 94' lang='lat'><strong>,</strong></span> <span class='ocrx_word' id='word_1_11' title='bbox 571 570 663 616; x_wconf 88' lang='lat' dir='ltr'>quod</span> <span class='ocrx_word' id='word_1_12' title='bbox 687 572 815 615; x_wconf 77' lang='lat' dir='ltr'>praefata</span> <span class='ocrx_word' id='word_1_13' title='bbox 834 573 1002 607; x_wconf 87' lang='lat' dir='ltr'>curiositas</span> <span class='ocrx_word' id='word_1_14' title='bbox 1022 582 1091 605; x_wconf 86' lang='lat' dir='ltr'>non</span> <span class='ocrx_word' id='word_1_15' title='bbox 1113 570 1158 605; x_wconf 91' lang='lat' dir='ltr'>so-</span> 
     </span>
     <span class='ocr_line' id='line_1_5' title="bbox 265 620 1157 667; baseline -0.005 -8"><span class='ocrx_word' id='word_1_16' title='bbox 265 625 337 663; x_wconf 71' lang='lat' dir='ltr'>‚lum</span> <span class='ocrx_word' id='word_1_17' title='bbox 361 622 650 667; x_wconf 88' lang='lat' dir='ltr'>Hierapolitanum</span> <span class='ocrx_word' id='word_1_18' title='bbox 671 622 861 666; x_wconf 89' lang='lat' dir='ltr'><strong>Populum,</strong></span> <span class='ocrx_word' id='word_1_19' title='bbox 888 623 939 657; x_wconf 89' lang='lat' dir='ltr'>sed</span> <span class='ocrx_word' id='word_1_20' title='bbox 961 622 1062 656; x_wconf 89' lang='lat' dir='ltr'>etiam</span> <span class='ocrx_word' id='word_1_21' title='bbox 1087 620 1157 656; x_wconf 83' lang='lat' dir='ltr'>Cle-</span> 
     </span>
    </p>
   </div>
   <div class='ocr_carea' id='block_1_4' title="bbox 204 672 1157 716">
    <p class='ocr_par' dir='ltr' id='par_1_4' title="bbox 204 672 1157 716">
     <span class='ocr_line' id='line_1_6' title="bbox 204 672 1157 716; baseline -0.003 -7"><span class='ocrx_word' id='word_1_22' title='bbox 204 706 210 712; x_wconf 82' lang='lat'>‚</span> <span class='ocrx_word' id='word_1_23' title='bbox 263 686 337 713; x_wconf 67' lang='lat' dir='ltr'>rum</span> <span class='ocrx_word' id='word_1_24' title='bbox 350 674 517 709; x_wconf 85' lang='lat' dir='ltr'>invaserit.</span> <span class='ocrx_word' id='word_1_25' title='bbox 545 672 719 713; x_wconf 80' lang='lat' dir='ltr'>Secundo,</span> <span class='ocrx_word' id='word_1_26' title='bbox 745 672 836 716; x_wconf 88' lang='lat' dir='ltr'>quod</span> <span class='ocrx_word' id='word_1_27' title='bbox 849 672 1157 707; x_wconf 85' lang='lat' dir='ltr'>contumeliosaeex-</span> 
     </span>
    </p>
   </div>
   <div class='ocr_carea' id='block_1_5' title="bbox 241 723 1156 1818">
    <p class='ocr_par' dir='ltr' id='par_1_5' title="bbox 257 723 1156 1019">
     <span class='ocr_line' id='line_1_7' title="bbox 262 723 1156 767; baseline -0.002 -7"><span class='ocrx_word' id='word_1_28' title='bbox 262 725 478 760; x_wconf 71' lang='lat' dir='ltr'>clamationes</span> <span class='ocrx_word' id='word_1_29' title='bbox 497 724 559 757; x_wconf 86' lang='lat' dir='ltr'>sint</span> <span class='ocrx_word' id='word_1_30' title='bbox 585 724 675 757; x_wconf 64' lang='lat' dir='ltr'>factae</span> <span class='ocrx_word' id='word_1_31' title='bbox 698 724 734 757; x_wconf 91' lang='lat' dir='ltr'>in</span> <span class='ocrx_word' id='word_1_32' title='bbox 760 723 921 758; x_wconf 83' lang='lat' dir='ltr'>Ecclesia.</span> <span class='ocrx_word' id='word_1_33' title='bbox 951 724 1081 767; x_wconf 87' lang='lat' dir='ltr'>Nempe</span> <span class='ocrx_word' id='word_1_34' title='bbox 1103 724 1156 758; x_wconf 87' lang='lat' dir='ltr'>ad-</span> 
     </span>
     <span class='ocr_line' id='line_1_8' title="bbox 262 772 1156 818; baseline 0.001 -11"><span class='ocrx_word' id='word_1_35' title='bbox 262 775 388 808; x_wconf 77' lang='lat' dir='ltr'>versum</span> <span class='ocrx_word' id='word_1_36' title='bbox 399 773 496 807; x_wconf 82' lang='lat' dir='ltr'>isthic</span> <span class='ocrx_word' id='word_1_37' title='bbox 507 772 687 817; x_wconf 88' lang='lat' dir='ltr'>publicatas</span> <span class='ocrx_word' id='word_1_38' title='bbox 702 797 713 814; x_wconf 94' lang='lat'>,</span> <span class='ocrx_word' id='word_1_39' title='bbox 739 785 809 818; x_wconf 84' lang='lat' dir='ltr'>quae</span> <span class='ocrx_word' id='word_1_40' title='bbox 825 774 1054 808; x_wconf 75' lang='lat' dir='ltr'>Alexandrum</span> <span class='ocrx_word' id='word_1_41' title='bbox 1069 784 1156 808; x_wconf 84' lang='lat' dir='ltr'>man</span> 
     </span>
     <span class='ocr_line' id='line_1_9' title="bbox 260 822 1154 867; baseline -0.002 -7"><span class='ocrx_word' id='word_1_42' title='bbox 260 823 384 860; x_wconf 87' lang='lat' dir='ltr'>dabant</span> <span class='ocrx_word' id='word_1_43' title='bbox 395 822 546 865; x_wconf 84' lang='lat' dir='ltr'>extrudi,</span> <span class='ocrx_word' id='word_1_44' title='bbox 573 825 708 867; x_wconf 77' lang='lat' dir='ltr'>Ioannis</span> <span class='ocrx_word' id='word_1_45' title='bbox 721 823 919 859; x_wconf 79' lang='lat' dir='ltr'>Patriarchae</span> <span class='ocrx_word' id='word_1_46' title='bbox 927 848 938 865; x_wconf 87' lang='lat'>‚</span> <span class='ocrx_word' id='word_1_47' title='bbox 965 825 999 858; x_wconf 86' lang='lat'>&amp;</span> <span class='ocrx_word' id='word_1_48' title='bbox 1009 825 1154 859; x_wconf 88' lang='lat' dir='ltr'>Comitis</span> 
     </span>
     <span class='ocr_line' id='line_1_10' title="bbox 259 872 1151 919; baseline 0.003 -13"><span class='ocrx_word' id='word_1_49' title='bbox 259 872 337 907; x_wconf 91' lang='lat' dir='ltr'>Titi</span> <span class='ocrx_word' id='word_1_50' title='bbox 358 873 501 909; x_wconf 82' lang='lat' dir='ltr'>litteras.</span> <span class='ocrx_word' id='word_1_51' title='bbox 525 873 672 916; x_wconf 75' lang='lat' dir='ltr'>Tertio,</span> <span class='ocrx_word' id='word_1_52' title='bbox 697 875 785 919; x_wconf 83' lang='lat' dir='ltr'>quod</span> <span class='ocrx_word' id='word_1_53' title='bbox 802 875 888 910; x_wconf 88' lang='lat' dir='ltr'>hanc</span> <span class='ocrx_word' id='word_1_54' title='bbox 908 885 1021 919; x_wconf 82' lang='lat' dir='ltr'>pacem</span> <span class='ocrx_word' id='word_1_55' title='bbox 1037 875 1151 910; x_wconf 90' lang='lat' dir='ltr'>Domi-</span> 
     </span>
     <span class='ocr_line' id='line_1_11' title="bbox 258 922 1151 971; baseline 0.002 -14"><span class='ocrx_word' id='word_1_56' title='bbox 258 934 324 958; x_wconf 86' lang='lat' dir='ltr'>nus</span> <span class='ocrx_word' id='word_1_57' title='bbox 344 924 437 959; x_wconf 81' lang='lat' dir='ltr'>Deus</span> <span class='ocrx_word' id='word_1_58' title='bbox 457 924 496 959; x_wconf 85' lang='lat' dir='ltr'>sit</span> <span class='ocrx_word' id='word_1_59' title='bbox 520 922 689 970; x_wconf 76' lang='lat' dir='ltr'>inopinate</span> <span class='ocrx_word' id='word_1_60' title='bbox 700 925 835 971; x_wconf 79' lang='lat' dir='ltr'>largitus</span> <span class='ocrx_word' id='word_1_61' title='bbox 859 926 1023 959; x_wconf 76' lang='lat' dir='ltr'>Ecclefiae.</span> <span class='ocrx_word' id='word_1_62' title='bbox 1052 926 1095 958; x_wconf 92' lang='lat' dir='ltr'>Et</span> <span class='ocrx_word' id='word_1_63' title='bbox 1108 926 1151 960; x_wconf 89' lang='lat' dir='ltr'>ita</span> 
     </span>
     <span class='ocr_line' id='line_1_12' title="bbox 257 973 1148 1019; baseline 0.002 -12"><span class='ocrx_word' id='word_1_64' title='bbox 257 973 366 1016; x_wconf 74' lang='lat' dir='ltr'>palam</span> <span class='ocrx_word' id='word_1_65' title='bbox 383 974 451 1009; x_wconf 88' lang='lat' dir='ltr'>est.</span> <span class='ocrx_word' id='word_1_66' title='bbox 477 974 681 1010; x_wconf 75' lang='lat' dir='ltr'>Nataenim</span> <span class='ocrx_word' id='word_1_67' title='bbox 702 976 787 1010; x_wconf 82' lang='lat' dir='ltr'>inter</span> <span class='ocrx_word' id='word_1_68' title='bbox 807 975 976 1018; x_wconf 88' lang='lat' dir='ltr'>Cyrillum</span> <span class='ocrx_word' id='word_1_69' title='bbox 997 976 1031 1009; x_wconf 90' lang='lat'>&amp;</span> <span class='ocrx_word' id='word_1_70' title='bbox 1046 976 1148 1019; x_wconf 89' lang='lat' dir='ltr'>Joan</span> 
     </span>
    </p>

    <p class='ocr_par' dir='ltr' id='par_1_6' title="bbox 251 1025 1150 1310">
     <span class='ocr_line' id='line_1_13' title="bbox 255 1025 1150 1070; baseline 0.003 -14"><span class='ocrx_word' id='word_1_71' title='bbox 255 1033 333 1057; x_wconf 89' lang='lat' dir='ltr'>nem</span> <span class='ocrx_word' id='word_1_72' title='bbox 344 1049 357 1066; x_wconf 91' lang='lat'><strong><em>,</em></strong></span> <span class='ocrx_word' id='word_1_73' title='bbox 383 1025 594 1070; x_wconf 85' lang='lat' dir='ltr'>ipsorumque</span> <span class='ocrx_word' id='word_1_74' title='bbox 604 1026 772 1060; x_wconf 87' lang='lat' dir='ltr'>Dioeceses</span> <span class='ocrx_word' id='word_1_75' title='bbox 782 1026 959 1060; x_wconf 86' lang='lat' dir='ltr'>Discordia</span> <span class='ocrx_word' id='word_1_76' title='bbox 977 1035 1083 1059; x_wconf 89' lang='lat' dir='ltr'>tantas</span> <span class='ocrx_word' id='word_1_77' title='bbox 1095 1037 1150 1059; x_wconf 90' lang='lat' dir='ltr'>un·</span> 
     </span>
     <span class='ocr_line' id='line_1_14' title="bbox 254 1072 1151 1118; baseline 0.001 -11"><span class='ocrx_word' id='word_1_78' title='bbox 254 1072 429 1118; x_wconf 79' lang='lat' dir='ltr'>dequaque</span> <span class='ocrx_word' id='word_1_79' title='bbox 454 1074 609 1110; x_wconf 80' lang='lat' dir='ltr'>vomebat</span> <span class='ocrx_word' id='word_1_80' title='bbox 631 1075 780 1109; x_wconf 87' lang='lat' dir='ltr'>flammas</span> <span class='ocrx_word' id='word_1_81' title='bbox 792 1098 804 1114; x_wconf 91' lang='lat'><strong><em>,</em></strong></span> <span class='ocrx_word' id='word_1_82' title='bbox 828 1084 865 1107; x_wconf 94' lang='lat' dir='ltr'>ut</span> <span class='ocrx_word' id='word_1_83' title='bbox 883 1085 1052 1117; x_wconf 84' lang='lat' dir='ltr'>nunquam</span> <span class='ocrx_word' id='word_1_84' title='bbox 1067 1074 1151 1108; x_wconf 93' lang='lat' dir='ltr'>vide-</span> 
     </span>
     <span class='ocr_line' id='line_1_15' title="bbox 253 1121 1150 1168; baseline 0.002 -12"><span class='ocrx_word' id='word_1_85' title='bbox 253 1133 367 1157; x_wconf 76' lang='lat' dir='ltr'>rentur</span> <span class='ocrx_word' id='word_1_86' title='bbox 376 1125 626 1168; x_wconf 65' lang='lat' dir='ltr'>extinguendas.</span> <span class='ocrx_word' id='word_1_87' title='bbox 653 1123 735 1156; x_wconf 86' lang='lat' dir='ltr'>Haec</span> <span class='ocrx_word' id='word_1_88' title='bbox 749 1123 896 1166; x_wconf 84' lang='lat' dir='ltr'>Epistola</span> <span class='ocrx_word' id='word_1_89' title='bbox 907 1121 1025 1167; x_wconf 76' lang='lat' dir='ltr'>quarto</span> <span class='ocrx_word' id='word_1_90' title='bbox 1044 1124 1150 1159; x_wconf 82' lang='lat' dir='ltr'>osten-</span> 
     </span>
     <span class='ocr_line' id='line_1_16' title="bbox 251 1170 1149 1216; baseline 0.002 -8"><span class='ocrx_word' id='word_1_91' title='bbox 251 1172 304 1208; x_wconf 82' lang='lat' dir='ltr'>dit</span> <span class='ocrx_word' id='word_1_92' title='bbox 315 1173 518 1208; x_wconf 83' lang='lat' dir='ltr'>ineffabilem</span> <span class='ocrx_word' id='word_1_93' title='bbox 531 1172 669 1215; x_wconf 90' lang='lat' dir='ltr'>Joannis</span> <span class='ocrx_word' id='word_1_94' title='bbox 679 1170 871 1206; x_wconf 81' lang='lat' dir='ltr'>Patriarchae</span> <span class='ocrx_word' id='word_1_95' title='bbox 894 1173 1100 1216; x_wconf 84' lang='lat' dir='ltr'>prudentiam</span> <span class='ocrx_word' id='word_1_96' title='bbox 1111 1185 1149 1210; x_wconf 90' lang='lat' dir='ltr'>ac</span> 
     </span>
     <span class='ocr_line' id='line_1_17' title="bbox 254 1221 1149 1267; baseline 0.003 -10"><span class='ocrx_word' id='word_1_97' title='bbox 254 1223 470 1266; x_wconf 83' lang='lat' dir='ltr'>patientiam.</span> <span class='ocrx_word' id='word_1_98' title='bbox 500 1221 637 1256; x_wconf 85' lang='lat' dir='ltr'>Etenim</span> <span class='ocrx_word' id='word_1_99' title='bbox 648 1224 794 1267; x_wconf 67' lang='lat' dir='ltr'>praefatas</span> <span class='ocrx_word' id='word_1_100' title='bbox 814 1223 1067 1259; x_wconf 79' lang='lat' dir='ltr'>acclamationes</span> <span class='ocrx_word' id='word_1_101' title='bbox 1078 1226 1149 1260; x_wconf 87' lang='lat' dir='ltr'>scri-</span> 
     </span>
     <span class='ocr_line' id='line_1_18' title="bbox 251 1271 1149 1314; baseline 0.005 -9"><span class='ocrx_word' id='word_1_102' title='bbox 251 1272 301 1306; x_wconf 90' lang='lat' dir='ltr'>bit</span> <span class='ocrx_word' id='word_1_103' title='bbox 322 1283 393 1307; x_wconf 90' lang='lat' dir='ltr'>non</span> <span class='ocrx_word' id='word_1_104' title='bbox 418 1271 591 1307; x_wconf 87' lang='lat' dir='ltr'>adversum</span> <span class='ocrx_word' id='word_1_105' title='bbox 612 1274 664 1314; x_wconf 91' lang='lat' dir='ltr'>se,</span> <span class='ocrx_word' id='word_1_106' title='bbox 690 1283 747 1308; x_wconf 88' lang='lat' dir='ltr'>aut</span> <span class='ocrx_word' id='word_1_107' title='bbox 758 1273 927 1309; x_wconf 85' lang='lat' dir='ltr'>Comitem</span> <span class='ocrx_word' id='word_1_108' title='bbox 938 1274 1061 1309; x_wconf 86' lang='lat' dir='ltr'>Titum</span> <span class='ocrx_word' id='word_1_109' title='bbox 1072 1287 1149 1310; x_wconf 88' lang='lat' dir='ltr'>con·-</span> 
     </span>
    </p>

    <p class='ocr_par' dir='ltr' id='par_1_7' title="bbox 246 1322 1146 1470">
     <span class='ocr_line' id='line_1_19' title="bbox 249 1322 1146 1370; baseline 0.006 -15"><span class='ocrx_word' id='word_1_110' title='bbox 249 1322 427 1362; x_wconf 80' lang='lat' dir='ltr'>tumelias,</span> <span class='ocrx_word' id='word_1_111' title='bbox 454 1322 509 1358; x_wconf 89' lang='lat' dir='ltr'>sed</span> <span class='ocrx_word' id='word_1_112' title='bbox 529 1323 624 1358; x_wconf 74' lang='lat' dir='ltr'>fuiffe</span> <span class='ocrx_word' id='word_1_113' title='bbox 645 1324 745 1358; x_wconf 67' lang='lat' dir='ltr'>saetas</span> <span class='ocrx_word' id='word_1_114' title='bbox 769 1324 810 1358; x_wconf 90' lang='lat' dir='ltr'>ad</span> <span class='ocrx_word' id='word_1_115' title='bbox 837 1325 909 1360; x_wconf 90' lang='lat' dir='ltr'>se&amp;</span> <span class='ocrx_word' id='word_1_116' title='bbox 922 1324 963 1359; x_wconf 88' lang='lat' dir='ltr'>ad</span> <span class='ocrx_word' id='word_1_117' title='bbox 975 1325 1070 1360; x_wconf 76' lang='lat' dir='ltr'>illum</span> <span class='ocrx_word' id='word_1_118' title='bbox 1081 1337 1146 1370; x_wconf 85' lang='lat' dir='ltr'>pre</span> 
     </span>
     <span class='ocr_line' id='line_1_20' title="bbox 247 1372 1146 1419; baseline 0.006 -14"><span class='ocrx_word' id='word_1_119' title='bbox 247 1383 319 1406; x_wconf 82' lang='lat' dir='ltr'>ees.</span> <span class='ocrx_word' id='word_1_120' title='bbox 349 1372 629 1408; x_wconf 88' lang='lat' dir='ltr'>EtAlexandr&#39;um</span> <span class='ocrx_word' id='word_1_121' title='bbox 653 1374 793 1419; x_wconf 85' lang='lat' dir='ltr'>appellat</span> <span class='ocrx_word' id='word_1_122' title='bbox 810 1376 942 1410; x_wconf 86' lang='lat' dir='ltr'>suavem</span> <span class='ocrx_word' id='word_1_123' title='bbox 954 1374 1074 1410; x_wconf 90' lang='lat' dir='ltr'>virum.</span> <span class='ocrx_word' id='word_1_124' title='bbox 1103 1377 1146 1410; x_wconf 90' lang='lat' dir='ltr'>Et</span> 
     </span>
     <span class='ocr_line' id='line_1_21' title="bbox 246 1421 1146 1470; baseline 0.006 -15"><span class='ocrx_word' id='word_1_125' title='bbox 246 1421 298 1458; x_wconf 87' lang='lat' dir='ltr'>illi</span> <span class='ocrx_word' id='word_1_126' title='bbox 309 1422 496 1462; x_wconf 72' lang='lat' dir='ltr'>dummodo</span> <span class='ocrx_word' id='word_1_127' title='bbox 519 1425 669 1460; x_wconf 77' lang='lat' dir='ltr'>Ecclefiae</span> <span class='ocrx_word' id='word_1_128' title='bbox 679 1436 792 1469; x_wconf 85' lang='lat' dir='ltr'>pacem</span> <span class='ocrx_word' id='word_1_129' title='bbox 804 1424 958 1463; x_wconf 84' lang='lat' dir='ltr'>admittat</span> <span class='ocrx_word' id='word_1_130' title='bbox 969 1450 980 1466; x_wconf 92' lang='lat'>‚</span> <span class='ocrx_word' id='word_1_131' title='bbox 1010 1427 1146 1470; x_wconf 89' lang='lat' dir='ltr'>promit-</span> 
     </span>
    </p>

    <p class='ocr_par' dir='ltr' id='par_1_8' title="bbox 243 1471 1146 1568">
     <span class='ocr_line' id='line_1_22' title="bbox 244 1471 1146 1518; baseline 0.004 -12"><span class='ocrx_word' id='word_1_132' title='bbox 244 1472 291 1506; x_wconf 85' lang='lat' dir='ltr'>tit</span> <span class='ocrx_word' id='word_1_133' title='bbox 300 1471 441 1514; x_wconf 80' lang='lat' dir='ltr'>reditum</span> <span class='ocrx_word' id='word_1_134' title='bbox 451 1498 460 1505; x_wconf 85' lang='lat'>.</span> <span class='ocrx_word' id='word_1_135' title='bbox 488 1474 565 1509; x_wconf 91' lang='lat' dir='ltr'>Hac</span> <span class='ocrx_word' id='word_1_136' title='bbox 574 1475 680 1511; x_wconf 85' lang='lat' dir='ltr'>animi</span> <span class='ocrx_word' id='word_1_137' title='bbox 695 1476 743 1510; x_wconf 91' lang='lat' dir='ltr'>sui</span> <span class='ocrx_word' id='word_1_138' title='bbox 757 1475 985 1518; x_wconf 77' lang='lat' dir='ltr'>moderatione</span> <span class='ocrx_word' id='word_1_139' title='bbox 1007 1487 1146 1513; x_wconf 85' lang='lat' dir='ltr'>conatur</span> 
     </span>
     <span class='ocr_line' id='line_1_23' title="bbox 243 1521 1143 1568; baseline 0.006 -13"><span class='ocrx_word' id='word_1_140' title='bbox 243 1521 340 1557; x_wconf 87' lang='lat' dir='ltr'>istam</span> <span class='ocrx_word' id='word_1_141' title='bbox 351 1530 551 1568; x_wconf 80' lang='lat' dir='ltr'>componere</span> <span class='ocrx_word' id='word_1_142' title='bbox 574 1524 751 1561; x_wconf 74' lang='lat' dir='ltr'>Ecclesiam</span> <span class='ocrx_word' id='word_1_143' title='bbox 767 1551 774 1558; x_wconf 93' lang='lat'>.</span> <span class='ocrx_word' id='word_1_144' title='bbox 802 1525 965 1562; x_wconf 87' lang='lat' dir='ltr'>Attamen</span> <span class='ocrx_word' id='word_1_145' title='bbox 977 1527 1023 1560; x_wconf 89' lang='lat' dir='ltr'>·in</span> <span class='ocrx_word' id='word_1_146' title='bbox 1037 1528 1143 1561; x_wconf 81' lang='lat' dir='ltr'>transs</span> 
     </span>
    </p>

    <p class='ocr_par' dir='ltr' id='par_1_9' title="bbox 243 1575 1144 1722">
     <span class='ocr_line' id='line_1_24' title="bbox 243 1575 1144 1620; baseline 0.007 -15"><span class='ocrx_word' id='word_1_147' title='bbox 243 1580 282 1606; x_wconf 82' lang='lat' dir='ltr'>tu</span> <span class='ocrx_word' id='word_1_148' title='bbox 301 1583 371 1607; x_wconf 86' lang='lat' dir='ltr'>non</span> <span class='ocrx_word' id='word_1_149' title='bbox 391 1575 608 1616; x_wconf 67' lang='lat' dir='ltr'>praetermittit</span> <span class='ocrx_word' id='word_1_150' title='bbox 629 1577 719 1620; x_wconf 89' lang='lat' dir='ltr'>queri</span> <span class='ocrx_word' id='word_1_151' title='bbox 732 1576 773 1611; x_wconf 92' lang='lat' dir='ltr'>de</span> <span class='ocrx_word' id='word_1_152' title='bbox 785 1576 1016 1612; x_wconf 87' lang='lat' dir='ltr'>contumeliis.</span> <span class='ocrx_word' id='word_1_153' title='bbox 1045 1576 1144 1620; x_wconf 83' lang='lat' dir='ltr'>Adje-</span> 
     </span>
     <span class='ocr_line' id='line_1_25' title="bbox 243 1622 1140 1663; baseline 0.008 -7"><span class='ocrx_word' id='word_1_154' title='bbox 243 1623 334 1660; x_wconf 65' lang='lat' dir='ltr'>{turn</span> <span class='ocrx_word' id='word_1_155' title='bbox 345 1622 504 1658; x_wconf 85' lang='lat' dir='ltr'>Scholion</span> <span class='ocrx_word' id='word_1_156' title='bbox 515 1625 598 1662; x_wconf 68' lang='lat' dir='ltr'>reste</span> <span class='ocrx_word' id='word_1_157' title='bbox 608 1626 754 1662; x_wconf 80' lang='lat' dir='ltr'>ostendit</span> <span class='ocrx_word' id='word_1_158' title='bbox 772 1625 1028 1663; x_wconf 87' lang='lat' dir='ltr'>Theodoretum</span> <span class='ocrx_word' id='word_1_159' title='bbox 1047 1629 1140 1663; x_wconf 80' lang='lat' dir='ltr'>fuiffe</span> 
     </span>
     <span class='ocr_line' id='line_1_26' title="bbox 243 1670 1142 1722; baseline 0.008 -16"><span class='ocrx_word' id='word_1_160' title='bbox 243 1670 336 1707; x_wconf 81' lang='lat' dir='ltr'>inter</span> <span class='ocrx_word' id='word_1_161' title='bbox 348 1671 553 1714; x_wconf 67' lang='lat' dir='ltr'>electiffimos</span> <span class='ocrx_word' id='word_1_162' title='bbox 564 1675 668 1710; x_wconf 90' lang='lat' dir='ltr'>totius</span> <span class='ocrx_word' id='word_1_163' title='bbox 680 1676 769 1710; x_wconf 85' lang='lat' dir='ltr'>istius</span> <span class='ocrx_word' id='word_1_164' title='bbox 779 1676 918 1712; x_wconf 82' lang='lat' dir='ltr'>D1oeces</span> <span class='ocrx_word' id='word_1_165' title='bbox 910 1690 935 1711; x_wconf 91' lang='lat' dir='ltr'>s</span> <span class='ocrx_word' id='word_1_166' title='bbox 945 1679 973 1712; x_wconf 90' lang='lat' dir='ltr'>E</span> <span class='ocrx_word' id='word_1_167' title='bbox 977 1678 1142 1722; x_wconf 76' lang='lat' dir='ltr'>piscopos</span> 
     </span>
    </p>

    <p class='ocr_par' dir='ltr' id='par_1_10' title="bbox 241 1721 1143 1818">
     <span class='ocr_line' id='line_1_27' title="bbox 241 1721 1143 1766; baseline 0.009 -10"><span class='ocrx_word' id='word_1_168' title='bbox 241 1722 328 1757; x_wconf 73' lang='lat' dir='ltr'>Item</span> <span class='ocrx_word' id='word_1_169' title='bbox 340 1723 484 1759; x_wconf 85' lang='lat' dir='ltr'>ostendit</span> <span class='ocrx_word' id='word_1_170' title='bbox 494 1721 753 1764; x_wconf 78' lang='lat' dir='ltr'>Samosatensem</span> <span class='ocrx_word' id='word_1_171' title='bbox 766 1726 935 1766; x_wconf 81' lang='lat' dir='ltr'>Andream</span> <span class='ocrx_word' id='word_1_172' title='bbox 955 1738 1036 1763; x_wconf 86' lang='lat' dir='ltr'>tunc</span> <span class='ocrx_word' id='word_1_173' title='bbox 1049 1729 1143 1764; x_wconf 83' lang='lat' dir='ltr'>fuisse</span> 
     </span>
     <span class='ocr_line' id='line_1_28' title="bbox 242 1771 593 1818; baseline 0.006 -8"><span class='ocrx_word' id='word_1_174' title='bbox 242 1771 352 1810; x_wconf 81' lang='lat' dir='ltr'>adhuc</span> <span class='ocrx_word' id='word_1_175' title='bbox 370 1774 593 1818; x_wconf 80' lang='lat' dir='ltr'>superstitem</span> 
     </span>
    </p>
   </div>
   <div class='ocr_carea' id='block_1_6' title="bbox 256 1901 1140 2069">
    <p class='ocr_par' dir='ltr' id='par_1_11' title="bbox 256 1901 1140 2069">
     <span class='ocr_line' id='line_1_29' title="bbox 256 1901 1140 1928; baseline 0.016 -13"><span class='ocrx_word' id='word_1_176' title='bbox 256 1901 1140 1928; x_wconf 42' lang='grc' dir='ltr'>Ἢ</span> 
     </span>
     <span class='ocr_line' id='line_1_30' title="bbox 387 1999 1137 2069; baseline 0.017 -26"><span class='ocrx_word' id='word_1_177' title='bbox 387 1999 609 2049; x_wconf 80' lang='lat' dir='ltr'>eAPUT</span> <span class='ocrx_word' id='word_1_178' title='bbox 634 2003 1137 2069; x_wconf 58' lang='lat' dir='ltr'>CLxxxv111.„277</span> 
     </span>
    </p>
   </div>
   <div class='ocr_carea' id='block_1_7' title="bbox 243 2128 1141 2260">
    <p class='ocr_par' dir='ltr' id='par_1_12' title="bbox 243 2128 1141 2260">
     <span class='ocr_line' id='line_1_31' title="bbox 243 2128 1140 2196; baseline 0.001 -22"><span class='ocrx_word' id='word_1_179' title='bbox 243 2128 526 2191; x_wconf 71' lang='lat' dir='ltr'>Inte7p7etc1t1&#39;0‚</span> <span class='ocrx_word' id='word_1_180' title='bbox 561 2128 735 2190; x_wconf 84' lang='lat' dir='ltr'>inquit,</span> <span class='ocrx_word' id='word_1_181' title='bbox 773 2132 927 2186; x_wconf 80' lang='lat' dir='ltr'>Sacrae,</span> <span class='ocrx_word' id='word_1_182' title='bbox 964 2144 1140 2196; x_wconf 74' lang='lat' dir='ltr'>quaepro-</span> 
     </span>
     <span class='ocr_line' id='line_1_32' title="bbox 312 2193 1141 2260; baseline 0.004 -20"><span class='ocrx_word' id='word_1_183' title='bbox 312 2193 490 2260; x_wconf 77' lang='lat' dir='ltr'>mulgata</span> <span class='ocrx_word' id='word_1_184' title='bbox 539 2194 589 2258; x_wconf 86' lang='lat' dir='ltr'>est</span> <span class='ocrx_word' id='word_1_185' title='bbox 634 2193 1033 2260; x_wconf 68' lang='lat' dir='ltr'>MagnificentfiImis</span> <span class='ocrx_word' id='word_1_186' title='bbox 1082 2203 1141 2243; x_wconf 64' lang='lat'>(9</span> 
     </span>
    </p>
   </div>
   <div class='ocr_carea' id='block_1_8' title="bbox 314 2261 1139 2454">
    <p class='ocr_par' dir='ltr' id='par_1_13' title="bbox 314 2261 1139 2454">
     <span class='ocr_line' id='line_1_33' title="bbox 314 2261 1139 2331; baseline 0.004 -21"><span class='ocrx_word' id='word_1_187' title='bbox 314 2262 565 2331; x_wconf 74' lang='lat' dir='ltr'>Gl07iofiimis</span> <span class='ocrx_word' id='word_1_188' title='bbox 602 2261 795 2329; x_wconf 63' lang='lat' dir='ltr'>Praefbcflis</span> <span class='ocrx_word' id='word_1_189' title='bbox 851 2263 894 2311; x_wconf 84' lang='lat' dir='ltr'>de</span> <span class='ocrx_word' id='word_1_190' title='bbox 940 2263 1052 2313; x_wconf 73' lang='lat' dir='ltr'>exilio</span> <span class='ocrx_word' id='word_1_191' title='bbox 1101 2271 1139 2312; x_wconf 75' lang='lat' dir='ltr'>ia</span> 
     </span>
     <span class='ocr_line' id='line_1_34' title="bbox 319 2332 1137 2401; baseline 0.002 -20"><span class='ocrx_word' id='word_1_192' title='bbox 319 2341 480 2382; x_wconf 78' lang='lat' dir='ltr'>Petram</span> <span class='ocrx_word' id='word_1_193' title='bbox 545 2332 923 2401; x_wconf 72' lang='lat' dir='ltr'>Magnficentissimi</span> <span class='ocrx_word' id='word_1_194' title='bbox 981 2341 1137 2384; x_wconf 78' lang='lat' dir='ltr'>Comitis</span> 
     </span>
     <span class='ocr_line' id='line_1_35' title="bbox 317 2409 470 2454; baseline 0.007 -1"><span class='ocrx_word' id='word_1_195' title='bbox 317 2409 444 2454; x_wconf 76' lang='lat' dir='ltr'>Irenael&#39;</span> <span class='ocrx_word' id='word_1_196' title='bbox 456 2442 470 2454; x_wconf 88' lang='lat'><strong>.</strong></span> 
     </span>
    </p>
   </div>
   <div class='ocr_carea' id='block_1_9' title="bbox 251 2526 1148 3378">
    <p class='ocr_par' dir='ltr' id='par_1_14' title="bbox 251 2526 1148 3378">
     <span class='ocr_line' id='line_1_36' title="bbox 354 2526 1142 2571; baseline -0.003 -9"><span class='ocrx_word' id='word_1_197' title='bbox 354 2528 500 2563; x_wconf 83' lang='lat' dir='ltr'>Amnato</span> <span class='ocrx_word' id='word_1_198' title='bbox 512 2526 668 2571; x_wconf 78' lang='lat' dir='ltr'>Principe</span> <span class='ocrx_word' id='word_1_199' title='bbox 691 2528 910 2571; x_wconf 76' lang='lat' dir='ltr'>portentuosa:</span> <span class='ocrx_word' id='word_1_200' title='bbox 929 2528 1065 2562; x_wconf 77' lang='lat' dir='ltr'>culturae</span> <span class='ocrx_word' id='word_1_201' title='bbox 1076 2527 1142 2561; x_wconf 92' lang='lat' dir='ltr'>Ne·</span> 
     </span>
     <span class='ocr_line' id='line_1_37' title="bbox 376 2577 1140 2620; baseline -0.003 -7"><span class='ocrx_word' id='word_1_202' title='bbox 376 2579 477 2613; x_wconf 87' lang='lat' dir='ltr'>storio</span> <span class='ocrx_word' id='word_1_203' title='bbox 490 2604 500 2619; x_wconf 92' lang='lat'>,</span> <span class='ocrx_word' id='word_1_204' title='bbox 526 2577 647 2620; x_wconf 84' lang='lat' dir='ltr'>justum</span> <span class='ocrx_word' id='word_1_205' title='bbox 660 2577 729 2617; x_wconf 89' lang='lat' dir='ltr'>est,</span> <span class='ocrx_word' id='word_1_206' title='bbox 757 2577 909 2620; x_wconf 86' lang='lat' dir='ltr'>utimpiae</span> <span class='ocrx_word' id='word_1_207' title='bbox 920 2577 988 2620; x_wconf 83' lang='lat' dir='ltr'>ejus</span> <span class='ocrx_word' id='word_1_208' title='bbox 1008 2578 1140 2611; x_wconf 81' lang='lat' dir='ltr'>culturae</span> 
     </span>
     <span class='ocr_line' id='line_1_38' title="bbox 251 2626 1140 2674; baseline -0.002 -10"><span class='ocrx_word' id='word_1_209' title='bbox 251 2630 425 2674; x_wconf 78' lang='lat' dir='ltr'>participes</span> <span class='ocrx_word' id='word_1_210' title='bbox 437 2629 578 2662; x_wconf 86' lang='lat' dir='ltr'>sentiant</span> <span class='ocrx_word' id='word_1_211' title='bbox 590 2626 818 2661; x_wconf 86' lang='lat' dir='ltr'>validiffimam</span> <span class='ocrx_word' id='word_1_212' title='bbox 830 2639 981 2671; x_wconf 78' lang='lat' dir='ltr'>poenam.</span> <span class='ocrx_word' id='word_1_213' title='bbox 1006 2628 1062 2662; x_wconf 92' lang='lat' dir='ltr'>Ob</span> <span class='ocrx_word' id='word_1_214' title='bbox 1077 2627 1140 2662; x_wconf 88' lang='lat' dir='ltr'>boc</span> 
     </span>
     <span class='ocr_line' id='line_1_39' title="bbox 251 2677 1139 2721; baseline -0.002 -7"><span class='ocrx_word' id='word_1_215' title='bbox 251 2681 431 2717; x_wconf 71' lang='lat' dir='ltr'>Irenaeum,</span> <span class='ocrx_word' id='word_1_216' title='bbox 457 2677 515 2721; x_wconf 86' lang='lat' dir='ltr'>qui</span> <span class='ocrx_word' id='word_1_217' title='bbox 538 2677 746 2711; x_wconf 68' lang='lat' dir='ltr'>maledistum</span> <span class='ocrx_word' id='word_1_218' title='bbox 760 2677 904 2711; x_wconf 81' lang='lat' dir='ltr'>Nestorii</span> <span class='ocrx_word' id='word_1_219' title='bbox 923 2678 1049 2712; x_wconf 91' lang='lat' dir='ltr'>cultum</span> <span class='ocrx_word' id='word_1_220' title='bbox 1072 2691 1139 2712; x_wconf 91' lang='lat' dir='ltr'>non</span> 
     </span>
     <span class='ocr_line' id='line_1_40' title="bbox 252 2727 1139 2769; baseline -0.002 -5"><span class='ocrx_word' id='word_1_221' title='bbox 252 2729 363 2765; x_wconf 76' lang='lat' dir='ltr'>solum</span> <span class='ocrx_word' id='word_1_222' title='bbox 383 2729 512 2762; x_wconf 87' lang='lat' dir='ltr'>secutus</span> <span class='ocrx_word' id='word_1_223' title='bbox 532 2727 577 2760; x_wconf 88' lang='lat' dir='ltr'>est</span> <span class='ocrx_word' id='word_1_224' title='bbox 591 2751 601 2767; x_wconf 93' lang='lat'>‚</span> <span class='ocrx_word' id='word_1_225' title='bbox 627 2727 680 2760; x_wconf 90' lang='lat' dir='ltr'>sed</span> <span class='ocrx_word' id='word_1_226' title='bbox 702 2728 735 2760; x_wconf 88' lang='lat'>&amp;</span> <span class='ocrx_word' id='word_1_227' title='bbox 759 2728 902 2763; x_wconf 87' lang='lat' dir='ltr'>instituit</span> <span class='ocrx_word' id='word_1_228' title='bbox 919 2753 929 2769; x_wconf 92' lang='lat'>,</span> <span class='ocrx_word' id='word_1_229' title='bbox 955 2729 989 2762; x_wconf 72' lang='grc' dir='ltr'>δε</span> <span class='ocrx_word' id='word_1_230' title='bbox 1016 2729 1139 2762; x_wconf 82' lang='lat' dir='ltr'>studuit</span> 
     </span>
     <span class='ocr_line' id='line_1_41' title="bbox 252 2776 1142 2822; baseline -0.003 -7"><span class='ocrx_word' id='word_1_231' title='bbox 252 2779 375 2815; x_wconf 86' lang='lat' dir='ltr'>multas</span> <span class='ocrx_word' id='word_1_232' title='bbox 385 2789 461 2812; x_wconf 89' lang='lat' dir='ltr'>cum</span> <span class='ocrx_word' id='word_1_233' title='bbox 472 2788 513 2811; x_wconf 92' lang='lat' dir='ltr'>eo</span> <span class='ocrx_word' id='word_1_234' title='bbox 524 2776 737 2817; x_wconf 88' lang='lat' dir='ltr'>Provincias,</span> <span class='ocrx_word' id='word_1_235' title='bbox 763 2778 805 2810; x_wconf 80' lang='lat' dir='ltr'>eo</span> <span class='ocrx_word' id='word_1_236' title='bbox 819 2778 987 2822; x_wconf 87' lang='lat' dir='ltr'>quodipse</span> <span class='ocrx_word' id='word_1_237' title='bbox 1009 2779 1065 2812; x_wconf 81' lang='lat' dir='ltr'>tali</span> <span class='ocrx_word' id='word_1_238' title='bbox 1077 2779 1142 2813; x_wconf 89' lang='lat' dir='ltr'>cul</span> 
     </span>
     <span class='ocr_line' id='line_1_42' title="bbox 254 2829 1142 2874; baseline -0.002 -10"><span class='ocrx_word' id='word_1_239' title='bbox 254 2840 334 2866; x_wconf 84' lang='lat' dir='ltr'>turae</span> <span class='ocrx_word' id='word_1_240' title='bbox 346 2829 505 2873; x_wconf 72' lang='lat' dir='ltr'>praeesset,</span> <span class='ocrx_word' id='word_1_241' title='bbox 528 2836 693 2869; x_wconf 79' lang='lat' dir='ltr'>evertere,</span> <span class='ocrx_word' id='word_1_242' title='bbox 719 2830 878 2862; x_wconf 83' lang='lat' dir='ltr'>nudatum</span> <span class='ocrx_word' id='word_1_243' title='bbox 901 2830 1027 2863; x_wconf 59' lang='lat' dir='ltr'>cunctis</span> <span class='ocrx_word' id='word_1_244' title='bbox 1038 2829 1142 2874; x_wconf 84' lang='lat' dir='ltr'>digni-</span> 
     </span>
     <span class='ocr_line' id='line_1_43' title="bbox 256 2873 1142 2923; baseline -0.001 -8"><span class='ocrx_word' id='word_1_245' title='bbox 256 2873 380 2915; x_wconf 76' lang='lat' dir='ltr'>tatibus</span> <span class='ocrx_word' id='word_1_246' title='bbox 401 2903 412 2920; x_wconf 86' lang='lat'>,</span> <span class='ocrx_word' id='word_1_247' title='bbox 440 2878 473 2913; x_wconf 78' lang='grc' dir='ltr'>ὅτ.</span> <span class='ocrx_word' id='word_1_248' title='bbox 495 2877 626 2923; x_wconf 85' lang='lat' dir='ltr'>insuper</span> <span class='ocrx_word' id='word_1_249' title='bbox 643 2877 712 2921; x_wconf 72' lang='lat' dir='ltr'>ipsa</span> <span class='ocrx_word' id='word_1_250' title='bbox 734 2878 864 2920; x_wconf 86' lang='lat' dir='ltr'>propria</span> <span class='ocrx_word' id='word_1_251' title='bbox 896 2879 1079 2923; x_wconf 84' lang='lat' dir='ltr'>facultate,</span> <span class='ocrx_word' id='word_1_252' title='bbox 1070 2893 1075 2899; x_wconf 93' lang='lat'>·</span> <span class='ocrx_word' id='word_1_253' title='bbox 1108 2881 1142 2914; x_wconf 73' lang='grc' dir='ltr'>ὃ(</span> 
     </span>
     <span class='ocr_line' id='line_1_44' title="bbox 255 2925 1141 2972; baseline -0.003 -7"><span class='ocrx_word' id='word_1_254' title='bbox 255 2929 419 2965; x_wconf 89' lang='lat' dir='ltr'>Photium</span> <span class='ocrx_word' id='word_1_255' title='bbox 431 2925 511 2962; x_wconf 75' lang='lat' dir='ltr'>vero</span> <span class='ocrx_word' id='word_1_256' title='bbox 522 2953 533 2969; x_wconf 89' lang='lat'>‚</span> <span class='ocrx_word' id='word_1_257' title='bbox 559 2926 681 2961; x_wconf 85' lang='lat' dir='ltr'>eisdem</span> <span class='ocrx_word' id='word_1_258' title='bbox 693 2926 914 2971; x_wconf 84' lang='lat' dir='ltr'>impietatibus</span> <span class='ocrx_word' id='word_1_259' title='bbox 925 2928 1141 2972; x_wconf 84' lang='lat' dir='ltr'>implicatum,</span> 
     </span>
     <span class='ocr_line' id='line_1_45' title="bbox 258 2978 1142 3025; baseline -0.001 -10"><span class='ocrx_word' id='word_1_260' title='bbox 258 2979 388 3025; x_wconf 70' lang='lat' dir='ltr'>adaeque</span> <span class='ocrx_word' id='word_1_261' title='bbox 400 2979 557 3013; x_wconf 83' lang='lat' dir='ltr'>facultate</span> <span class='ocrx_word' id='word_1_262' title='bbox 568 2978 752 3018; x_wconf 86' lang='lat' dir='ltr'>nudatum,</span> <span class='ocrx_word' id='word_1_263' title='bbox 780 2988 850 3021; x_wconf 81' lang='lat' dir='ltr'>quae</span> <span class='ocrx_word' id='word_1_264' title='bbox 874 2978 954 3011; x_wconf 86' lang='lat' dir='ltr'>&amp;in</span> <span class='ocrx_word' id='word_1_265' title='bbox 978 2979 1142 3022; x_wconf 85' lang='lat' dir='ltr'>publicam</span> 
     </span>
     <span class='ocr_line' id='line_1_46' title="bbox 261 3027 1145 3075; baseline 0 -10"><span class='ocrx_word' id='word_1_266' title='bbox 261 3031 409 3075; x_wconf 87' lang='lat' dir='ltr'>proficiet</span> <span class='ocrx_word' id='word_1_267' title='bbox 431 3028 595 3064; x_wconf 88' lang='lat' dir='ltr'>rationem</span> <span class='ocrx_word' id='word_1_268' title='bbox 620 3052 632 3069; x_wconf 89' lang='lat'>‚</span> <span class='ocrx_word' id='word_1_269' title='bbox 657 3028 694 3062; x_wconf 91' lang='lat' dir='ltr'>in</span> <span class='ocrx_word' id='word_1_270' title='bbox 725 3027 831 3063; x_wconf 91' lang='lat' dir='ltr'>Petris</span> <span class='ocrx_word' id='word_1_271' title='bbox 852 3027 977 3062; x_wconf 87' lang='lat' dir='ltr'>exiliari</span> <span class='ocrx_word' id='word_1_272' title='bbox 1002 3030 1145 3065; x_wconf 90' lang='lat' dir='ltr'>decrevi-</span> 
     </span>
     <span class='ocr_line' id='line_1_47' title="bbox 260 3077 1143 3123; baseline 0.001 -9"><span class='ocrx_word' id='word_1_273' title='bbox 260 3091 354 3120; x_wconf 88' lang='lat' dir='ltr'>mus,</span> <span class='ocrx_word' id='word_1_274' title='bbox 381 3090 418 3114; x_wconf 88' lang='lat' dir='ltr'>ut</span> <span class='ocrx_word' id='word_1_275' title='bbox 441 3088 629 3123; x_wconf 87' lang='lat' dir='ltr'>paupertate</span> <span class='ocrx_word' id='word_1_276' title='bbox 654 3088 808 3123; x_wconf 87' lang='lat' dir='ltr'>perpetua</span> <span class='ocrx_word' id='word_1_277' title='bbox 828 3077 1019 3113; x_wconf 87' lang='lat' dir='ltr'>&amp;locorum</span> <span class='ocrx_word' id='word_1_278' title='bbox 1035 3080 1143 3115; x_wconf 88' lang='lat' dir='ltr'>solitu·</span> 
     </span>
     <span class='ocr_line' id='line_1_48' title="bbox 263 3127 1142 3168; baseline 0 -4"><span class='ocrx_word' id='word_1_279' title='bbox 263 3130 341 3164; x_wconf 86' lang='lat' dir='ltr'>dine</span> <span class='ocrx_word' id='word_1_280' title='bbox 360 3131 565 3168; x_wconf 81' lang='lat' dir='ltr'>crucientur,</span> <span class='ocrx_word' id='word_1_281' title='bbox 589 3128 709 3164; x_wconf 76' lang='lat' dir='ltr'>Isidore</span> <span class='ocrx_word' id='word_1_282' title='bbox 732 3128 828 3163; x_wconf 87' lang='lat' dir='ltr'>Patet</span> <span class='ocrx_word' id='word_1_283' title='bbox 850 3127 1142 3164; x_wconf 87' lang='lat' dir='ltr'>honorandiffime.</span> 
     </span>
     <span class='ocr_line' id='line_1_49' title="bbox 262 3177 1143 3225; baseline 0.002 -12"><span class='ocrx_word' id='word_1_284' title='bbox 262 3179 420 3214; x_wconf 82' lang='lat' dir='ltr'>Gloriosa</span> <span class='ocrx_word' id='word_1_285' title='bbox 440 3180 543 3223; x_wconf 86' lang='lat' dir='ltr'>igitur</span> <span class='ocrx_word' id='word_1_286' title='bbox 564 3189 660 3222; x_wconf 86' lang='lat' dir='ltr'>atque</span> <span class='ocrx_word' id='word_1_287' title='bbox 673 3179 858 3225; x_wconf 82' lang='lat' dir='ltr'>Magnifica</span> <span class='ocrx_word' id='word_1_288' title='bbox 878 3177 1072 3214; x_wconf 89' lang='lat' dir='ltr'>Authoritas</span> <span class='ocrx_word' id='word_1_289' title='bbox 1087 3191 1143 3215; x_wconf 90' lang='lat' dir='ltr'>tua</span> 
     </span>
     <span class='ocr_line' id='line_1_50' title="bbox 265 3227 1148 3276; baseline 0.002 -13"><span class='ocrx_word' id='word_1_290' title='bbox 265 3227 345 3263; x_wconf 88' lang='lat' dir='ltr'>huic</span> <span class='ocrx_word' id='word_1_291' title='bbox 370 3229 480 3263; x_wconf 87' lang='lat' dir='ltr'>nostro</span> <span class='ocrx_word' id='word_1_292' title='bbox 512 3229 585 3263; x_wconf 83' lang='lat' dir='ltr'>Dec</span> <span class='ocrx_word' id='word_1_293' title='bbox 588 3239 657 3264; x_wconf 90' lang='lat' dir='ltr'>reto</span> <span class='ocrx_word' id='word_1_294' title='bbox 694 3230 900 3276; x_wconf 86' lang='lat' dir='ltr'>pragmatico</span> <span class='ocrx_word' id='word_1_295' title='bbox 925 3241 1148 3274; x_wconf 86' lang='lat' dir='ltr'>competenter</span> 
     </span>
     <span class='ocr_line' id='line_1_51' title="bbox 267 3278 1145 3325; baseline 0.002 -11"><span class='ocrx_word' id='word_1_296' title='bbox 267 3278 421 3318; x_wconf 85' lang='lat' dir='ltr'>obediet,</span> <span class='ocrx_word' id='word_1_297' title='bbox 446 3278 605 3322; x_wconf 85' lang='lat' dir='ltr'>deputato</span> <span class='ocrx_word' id='word_1_298' title='bbox 618 3280 943 3321; x_wconf 85' lang='lat' dir='ltr'>sufficientisolatio,</span> <span class='ocrx_word' id='word_1_299' title='bbox 967 3290 1004 3314; x_wconf 90' lang='lat' dir='ltr'>ut</span> <span class='ocrx_word' id='word_1_300' title='bbox 1025 3281 1063 3315; x_wconf 85' lang='lat' dir='ltr'>ad</span> <span class='ocrx_word' id='word_1_301' title='bbox 1077 3294 1145 3325; x_wconf 85' lang='lat' dir='ltr'>prae·</span> 
     </span>
     <span class='ocr_line' id='line_1_52' title="bbox 268 3328 1148 3378; baseline 0.005 -15"><span class='ocrx_word' id='word_1_302' title='bbox 268 3329 372 3363; x_wconf 86' lang='lat' dir='ltr'>fatum</span> <span class='ocrx_word' id='word_1_303' title='bbox 390 3328 483 3362; x_wconf 86' lang='lat' dir='ltr'>exilii</span> <span class='ocrx_word' id='word_1_304' title='bbox 507 3328 672 3364; x_wconf 88' lang='lat' dir='ltr'>tramitem</span> <span class='ocrx_word' id='word_1_305' title='bbox 695 3331 815 3375; x_wconf 85' lang='lat' dir='ltr'>praefati</span> <span class='ocrx_word' id='word_1_306' title='bbox 829 3330 1015 3378; x_wconf 88' lang='lat' dir='ltr'>Religionis</span> <span class='ocrx_word' id='word_1_307' title='bbox 1035 3333 1148 3367; x_wconf 89' lang='lat' dir='ltr'>nostrae</span> 
     </span>
    </p>
   </div>
   <div class='ocr_carea' id='block_1_10' title="bbox 269 3377 647 3432">
    <p class='ocr_par' dir='ltr' id='par_1_15' title="bbox 269 3377 647 3432">
     <span class='ocr_line' id='line_1_53' title="bbox 269 3377 647 3432; baseline 0.003 -19"><span class='ocrx_word' id='word_1_308' title='bbox 269 3378 445 3432; x_wconf 81' lang='lat' dir='ltr'>violatores</span> <span class='ocrx_word' id='word_1_309' title='bbox 456 3377 647 3426; x_wconf 87' lang='lat' dir='ltr'>abigantur.</span> 
     </span>
    </p>
   </div>
   <div class='ocr_carea' id='block_1_11' title="bbox 693 188 1703 253">
    <p class='ocr_par' dir='ltr' id='par_1_16' title="bbox 693 188 1703 253">
     <span class='ocr_line' id='line_1_54' title="bbox 693 188 1703 253; baseline -0.035 -13"><span class='ocrx_word' id='word_1_310' title='bbox 693 193 1027 240; x_wconf 63' lang='lat' dir='ltr'>Varnenum</span> <span class='ocrx_word' id='word_1_311' title='bbox 1063 190 1315 234; x_wconf 79' lang='lat' dir='ltr'>PATRuM</span> <span class='ocrx_word' id='word_1_312' title='bbox 1350 188 1703 253; x_wconf 55' lang='lat' dir='ltr'>EP13102AE‚.</span> 
     </span>
    </p>
   </div>
   <div class='ocr_carea' id='block_1_12' title="bbox 1417 377 1908 428">
    <p class='ocr_par' dir='ltr' id='par_1_17' title="bbox 1417 377 1908 428">
     <span class='ocr_line' id='line_1_55' title="bbox 1417 377 1908 428; baseline 0.012 -5"><span class='ocrx_word' id='word_1_313' title='bbox 1417 377 1908 428; x_wconf 67' lang='lat' dir='ltr'>Senotlon.</span> 
     </span>
    </p>
   </div>
   <div class='ocr_carea' id='block_1_13' title="bbox 1201 523 2108 2210">
    <p class='ocr_par' dir='ltr' id='par_1_18' title="bbox 1201 523 2107 2210">
     <span class='ocr_line' id='line_1_56' title="bbox 1327 523 2103 569; baseline 0.015 -13"><span class='ocrx_word' id='word_1_314' title='bbox 1327 524 1382 558; x_wconf 83' lang='lat' dir='ltr'>Oe</span> <span class='ocrx_word' id='word_1_315' title='bbox 1407 523 1501 558; x_wconf 83' lang='lat' dir='ltr'>exilii</span> <span class='ocrx_word' id='word_1_316' title='bbox 1522 525 1702 561; x_wconf 86' lang='lat' dir='ltr'>Decretum</span> <span class='ocrx_word' id='word_1_317' title='bbox 1719 527 1767 562; x_wconf 92' lang='lat' dir='ltr'>est</span> <span class='ocrx_word' id='word_1_318' title='bbox 1781 527 2103 569; x_wconf 69' lang='lat' dir='ltr'>manifestelatumiu</span> 
     </span>
     <span class='ocr_line' id='line_1_57' title="bbox 1354 574 2105 618; baseline 0.015 -11"><span class='ocrx_word' id='word_1_319' title='bbox 1354 574 1512 609; x_wconf 81' lang='lat' dir='ltr'>Irenaeum</span> <span class='ocrx_word' id='word_1_320' title='bbox 1528 575 1636 611; x_wconf 87' lang='lat' dir='ltr'>adhuc</span> <span class='ocrx_word' id='word_1_321' title='bbox 1647 577 1806 613; x_wconf 90' lang='lat' dir='ltr'>Laicum</span> <span class='ocrx_word' id='word_1_322' title='bbox 1835 579 1969 615; x_wconf 87' lang='lat' dir='ltr'>Etenim</span> <span class='ocrx_word' id='word_1_323' title='bbox 1981 581 2105 618; x_wconf 85' lang='lat' dir='ltr'>nullam</span> 
     </span>
     <span class='ocr_line' id='line_1_58' title="bbox 1223 622 2108 675; baseline 0.014 -19"><span class='ocrx_word' id='word_1_324' title='bbox 1223 622 1438 668; x_wconf 86' lang='lat' dir='ltr'>Episcopatus</span> <span class='ocrx_word' id='word_1_325' title='bbox 1459 625 1553 661; x_wconf 86' lang='lat' dir='ltr'>male</span> <span class='ocrx_word' id='word_1_326' title='bbox 1565 627 1697 671; x_wconf 86' lang='lat' dir='ltr'>adepti,</span> <span class='ocrx_word' id='word_1_327' title='bbox 1725 629 1848 664; x_wconf 88' lang='lat' dir='ltr'>nullam</span> <span class='ocrx_word' id='word_1_328' title='bbox 1859 631 1941 666; x_wconf 86' lang='lat' dir='ltr'>facit</span> <span class='ocrx_word' id='word_1_329' title='bbox 1952 631 2108 675; x_wconf 73' lang='lat' dir='ltr'>degrada-</span> 
     </span>
     <span class='ocr_line' id='line_1_59' title="bbox 1218 672 2107 725; baseline 0.012 -20"><span class='ocrx_word' id='word_1_330' title='bbox 1218 672 1320 708; x_wconf 86' lang='lat' dir='ltr'>tionis</span> <span class='ocrx_word' id='word_1_331' title='bbox 1340 677 1553 712; x_wconf 82' lang='lat' dir='ltr'>memoriam.</span> <span class='ocrx_word' id='word_1_332' title='bbox 1583 677 1728 712; x_wconf 81' lang='lat' dir='ltr'>Proinde</span> <span class='ocrx_word' id='word_1_333' title='bbox 1739 679 1846 714; x_wconf 78' lang='lat' dir='ltr'>latum</span> <span class='ocrx_word' id='word_1_334' title='bbox 1853 679 1900 715; x_wconf 78' lang='lat' dir='ltr'>est</span> <span class='ocrx_word' id='word_1_335' title='bbox 1910 681 2019 716; x_wconf 87' lang='lat' dir='ltr'>statim</span> <span class='ocrx_word' id='word_1_336' title='bbox 2033 682 2107 725; x_wconf 88' lang='lat' dir='ltr'>post</span> 
     </span>
     <span class='ocr_line' id='line_1_60' title="bbox 1215 724 2108 775; baseline 0.011 -18"><span class='ocrx_word' id='word_1_337' title='bbox 1215 724 1442 760; x_wconf 87' lang='lat' dir='ltr'>confirmatam</span> <span class='ocrx_word' id='word_1_338' title='bbox 1454 726 1599 762; x_wconf 87' lang='lat' dir='ltr'>Nestorii</span> <span class='ocrx_word' id='word_1_339' title='bbox 1609 727 1885 771; x_wconf 53' lang='lat' dir='ltr'>damnationerrh·</span> <span class='ocrx_word' id='word_1_340' title='bbox 1903 731 1938 765; x_wconf 87' lang='lat'>&amp;</span> <span class='ocrx_word' id='word_1_341' title='bbox 1947 741 2002 775; x_wconf 86' lang='lat' dir='ltr'>per</span> <span class='ocrx_word' id='word_1_342' title='bbox 2012 732 2108 767; x_wconf 87' lang='lat' dir='ltr'>Prin·</span> 
     </span>
     <span class='ocr_line' id='line_1_61' title="bbox 1215 775 2106 822; baseline 0.011 -16"><span class='ocrx_word' id='word_1_343' title='bbox 1215 775 1320 818; x_wconf 90' lang='lat' dir='ltr'>cipem</span> <span class='ocrx_word' id='word_1_344' title='bbox 1334 777 1527 813; x_wconf 81' lang='lat' dir='ltr'>confirmata</span> <span class='ocrx_word' id='word_1_345' title='bbox 1549 779 1630 813; x_wconf 69' lang='lat' dir='ltr'>Acta</span> <span class='ocrx_word' id='word_1_346' title='bbox 1643 777 1793 822; x_wconf 86' lang='lat' dir='ltr'>Ephefini</span> <span class='ocrx_word' id='word_1_347' title='bbox 1807 781 1975 815; x_wconf 88' lang='lat' dir='ltr'>Concilii</span> <span class='ocrx_word' id='word_1_348' title='bbox 2002 781 2106 816; x_wconf 87' lang='lat' dir='ltr'>Tunc</span> 
     </span>
     <span class='ocr_line' id='line_1_62' title="bbox 1215 824 2107 876; baseline 0.01 -19"><span class='ocrx_word' id='word_1_349' title='bbox 1215 824 1431 860; x_wconf 79' lang='lat' dir='ltr'>innotuerunt</span> <span class='ocrx_word' id='word_1_350' title='bbox 1454 828 1567 862; x_wconf 83' lang='lat' dir='ltr'>Irenaei</span> <span class='ocrx_word' id='word_1_351' title='bbox 1599 830 1745 865; x_wconf 83' lang='lat' dir='ltr'>facinora</span> <span class='ocrx_word' id='word_1_352' title='bbox 1770 843 1778 864; x_wconf 78' lang='lat' dir='ltr'>z</span> <span class='ocrx_word' id='word_1_353' title='bbox 1806 831 1988 872; x_wconf 81' lang='lat' dir='ltr'>innotuit,</span> <span class='ocrx_word' id='word_1_354' title='bbox 2013 830 2107 876; x_wconf 85' lang='lat' dir='ltr'>quod.</span> 
     </span>
     <span class='ocr_line' id='line_1_63' title="bbox 1215 876 2107 923; baseline 0.009 -15"><span class='ocrx_word' id='word_1_355' title='bbox 1215 885 1284 908; x_wconf 89' lang='lat' dir='ltr'>non</span> <span class='ocrx_word' id='word_1_356' title='bbox 1303 876 1474 911; x_wconf 84' lang='lat' dir='ltr'>dumtaxat</span> <span class='ocrx_word' id='word_1_357' title='bbox 1497 877 1698 912; x_wconf 80' lang='lat' dir='ltr'>Nestorianae</span> <span class='ocrx_word' id='word_1_358' title='bbox 1709 881 1845 923; x_wconf 81' lang='lat' dir='ltr'>perfidiae</span> <span class='ocrx_word' id='word_1_359' title='bbox 1864 883 2008 916; x_wconf 68' lang='lat' dir='ltr'>sectator</span> <span class='ocrx_word' id='word_1_360' title='bbox 2025 883 2107 916; x_wconf 77' lang='lat' dir='ltr'>esset</span> 
     </span>
     <span class='ocr_line' id='line_1_64' title="bbox 1214 923 2105 973; baseline 0.009 -16"><span class='ocrx_word' id='word_1_361' title='bbox 1214 923 1267 958; x_wconf 90' lang='lat' dir='ltr'>sed</span> <span class='ocrx_word' id='word_1_362' title='bbox 1287 927 1386 961; x_wconf 89' lang='lat' dir='ltr'>etiam</span> <span class='ocrx_word' id='word_1_363' title='bbox 1407 926 1561 962; x_wconf 88' lang='lat' dir='ltr'>Author.</span> <span class='ocrx_word' id='word_1_364' title='bbox 1590 928 1732 964; x_wconf 87' lang='lat' dir='ltr'>Videtur</span> <span class='ocrx_word' id='word_1_365' title='bbox 1751 930 1844 965; x_wconf 77' lang='lat' dir='ltr'>fuisse</span> <span class='ocrx_word' id='word_1_366' title='bbox 1856 931 1977 973; x_wconf 89' lang='lat' dir='ltr'>Syrus,</span> <span class='ocrx_word' id='word_1_367' title='bbox 2003 928 2105 966; x_wconf 89' lang='lat' dir='ltr'>&amp;ha-</span> 
     </span>
     <span class='ocr_line' id='line_1_65' title="bbox 1214 972 2104 1024; baseline 0.007 -16"><span class='ocrx_word' id='word_1_368' title='bbox 1214 972 1323 1010; x_wconf 78' lang='lat' dir='ltr'>bitasse</span> <span class='ocrx_word' id='word_1_369' title='bbox 1343 977 1428 1019; x_wconf 89' lang='lat' dir='ltr'>apud</span> <span class='ocrx_word' id='word_1_370' title='bbox 1456 976 1673 1012; x_wconf 86' lang='lat' dir='ltr'>Antiochiam</span> <span class='ocrx_word' id='word_1_371' title='bbox 1696 1002 1707 1018; x_wconf 86' lang='lat'>‚</span> <span class='ocrx_word' id='word_1_372' title='bbox 1732 991 1830 1024; x_wconf 87' lang='lat' dir='ltr'>atque</span> <span class='ocrx_word' id='word_1_373' title='bbox 1852 980 1897 1015; x_wconf 88' lang='lat' dir='ltr'>ita</span> <span class='ocrx_word' id='word_1_374' title='bbox 1919 980 2016 1015; x_wconf 87' lang='lat' dir='ltr'>isthic</span> <span class='ocrx_word' id='word_1_375' title='bbox 2039 980 2104 1014; x_wconf 71' lang='lat' dir='ltr'>una</span> 
     </span>
     <span class='ocr_line' id='line_1_66' title="bbox 1213 1025 2105 1072; baseline 0.008 -15"><span class='ocrx_word' id='word_1_376' title='bbox 1213 1035 1287 1058; x_wconf 89' lang='lat' dir='ltr'>cum</span> <span class='ocrx_word' id='word_1_377' title='bbox 1310 1025 1467 1062; x_wconf 84' lang='lat' dir='ltr'>Nestorio</span> <span class='ocrx_word' id='word_1_378' title='bbox 1489 1026 1597 1062; x_wconf 88' lang='lat' dir='ltr'>adbuc</span> <span class='ocrx_word' id='word_1_379' title='bbox 1610 1028 1805 1072; x_wconf 86' lang='lat' dir='ltr'>Presbytero</span> <span class='ocrx_word' id='word_1_380' title='bbox 1817 1030 1982 1065; x_wconf 62' lang='lat' dir='ltr'>fabricasse</span> <span class='ocrx_word' id='word_1_381' title='bbox 1993 1032 2105 1064; x_wconf 87' lang='lat' dir='ltr'>Haere·</span> 
     </span>
     <span class='ocr_line' id='line_1_67' title="bbox 1213 1074 2101 1122; baseline 0.008 -15"><span class='ocrx_word' id='word_1_382' title='bbox 1213 1074 1290 1108; x_wconf 87' lang='lat' dir='ltr'>sim.</span> <span class='ocrx_word' id='word_1_383' title='bbox 1319 1075 1432 1109; x_wconf 87' lang='lat' dir='ltr'>Etiam</span> <span class='ocrx_word' id='word_1_384' title='bbox 1454 1077 1625 1119; x_wconf 84' lang='lat' dir='ltr'>innotuit,</span> <span class='ocrx_word' id='word_1_385' title='bbox 1651 1080 1740 1122; x_wconf 90' lang='lat' dir='ltr'>quod</span> <span class='ocrx_word' id='word_1_386' title='bbox 1761 1082 1825 1114; x_wconf 72' lang='lat' dir='ltr'>una</span> <span class='ocrx_word' id='word_1_387' title='bbox 1852 1091 1930 1114; x_wconf 89' lang='lat' dir='ltr'>cum</span> <span class='ocrx_word' id='word_1_388' title='bbox 1944 1079 2101 1115; x_wconf 83' lang='lat' dir='ltr'>Nestorio</span> 
     </span>
     <span class='ocr_line' id='line_1_68' title="bbox 1213 1123 2101 1167; baseline 0.01 -11"><span class='ocrx_word' id='word_1_389' title='bbox 1213 1123 1377 1167; x_wconf 86' lang='lat' dir='ltr'>Episcopo</span> <span class='ocrx_word' id='word_1_390' title='bbox 1398 1124 1567 1159; x_wconf 70' lang='lat' dir='ltr'>studuisset</span> <span class='ocrx_word' id='word_1_391' title='bbox 1590 1127 1700 1160; x_wconf 89' lang='lat' dir='ltr'>unitas</span> <span class='ocrx_word' id='word_1_392' title='bbox 1712 1127 1903 1162; x_wconf 87' lang='lat' dir='ltr'>Provincias</span> <span class='ocrx_word' id='word_1_393' title='bbox 1916 1129 2048 1165; x_wconf 88' lang='lat' dir='ltr'>inficere</span> <span class='ocrx_word' id='word_1_394' title='bbox 2061 1142 2101 1165; x_wconf 82' lang='lat' dir='ltr'>ac</span> 
     </span>
     <span class='ocr_line' id='line_1_69' title="bbox 1210 1173 2101 1219; baseline 0.009 -12"><span class='ocrx_word' id='word_1_395' title='bbox 1210 1183 1367 1208; x_wconf 85' lang='lat' dir='ltr'>evertere.</span> <span class='ocrx_word' id='word_1_396' title='bbox 1395 1173 1530 1218; x_wconf 84' lang='lat' dir='ltr'>Utique</span> <span class='ocrx_word' id='word_1_397' title='bbox 1549 1173 1635 1218; x_wconf 83' lang='lat' dir='ltr'>apud</span> <span class='ocrx_word' id='word_1_398' title='bbox 1660 1175 1853 1219; x_wconf 81' lang='lat' dir='ltr'>Ephesum.</span> <span class='ocrx_word' id='word_1_399' title='bbox 1881 1177 1992 1213; x_wconf 83' lang='lat' dir='ltr'>Isthic</span> <span class='ocrx_word' id='word_1_400' title='bbox 2008 1180 2101 1216; x_wconf 81' lang='lat' dir='ltr'>enim</span> 
     </span>
     <span class='ocr_line' id='line_1_70' title="bbox 1212 1223 2102 1274; baseline 0.007 -16"><span class='ocrx_word' id='word_1_401' title='bbox 1212 1223 1389 1259; x_wconf 81' lang='lat' dir='ltr'>multarum</span> <span class='ocrx_word' id='word_1_402' title='bbox 1400 1223 1650 1261; x_wconf 81' lang='lat' dir='ltr'>Provinciatum</span> <span class='ocrx_word' id='word_1_403' title='bbox 1661 1225 1843 1271; x_wconf 88' lang='lat' dir='ltr'>Episcopos</span> <span class='ocrx_word' id='word_1_404' title='bbox 1853 1224 2020 1263; x_wconf 38' lang='lat' dir='ltr'>stabilivit*</span> <span class='ocrx_word' id='word_1_405' title='bbox 2031 1241 2102 1274; x_wconf 71' lang='lat' dir='ltr'>par,-</span> 
     </span>
     <span class='ocr_line' id='line_1_71' title="bbox 1209 1274 2100 1319; baseline 0.008 -12"><span class='ocrx_word' id='word_1_406' title='bbox 1209 1275 1270 1308; x_wconf 89' lang='lat' dir='ltr'>tim</span> <span class='ocrx_word' id='word_1_407' title='bbox 1284 1275 1317 1308; x_wconf 90' lang='lat' dir='ltr'>in</span> <span class='ocrx_word' id='word_1_408' title='bbox 1331 1274 1452 1309; x_wconf 86' lang='lat' dir='ltr'>Haerefi</span> <span class='ocrx_word' id='word_1_409' title='bbox 1466 1299 1477 1315; x_wconf 90' lang='lat'>‚</span> <span class='ocrx_word' id='word_1_410' title='bbox 1504 1275 1669 1319; x_wconf 88' lang='lat' dir='ltr'>partimin</span> <span class='ocrx_word' id='word_1_411' title='bbox 1683 1277 1839 1313; x_wconf 69' lang='lat' dir='ltr'>Fastione</span> <span class='ocrx_word' id='word_1_412' title='bbox 1863 1278 2023 1313; x_wconf 89' lang='lat' dir='ltr'>Nestorii.</span> <span class='ocrx_word' id='word_1_413' title='bbox 2052 1280 2100 1315; x_wconf 85' lang='lat' dir='ltr'>Et</span> 
     </span>
     <span class='ocr_line' id='line_1_72' title="bbox 1208 1321 2098 1368; baseline 0.007 -11"><span class='ocrx_word' id='word_1_414' title='bbox 1208 1321 1287 1360; x_wconf 89' lang='lat' dir='ltr'>hinc</span> <span class='ocrx_word' id='word_1_415' title='bbox 1301 1322 1389 1361; x_wconf 88' lang='lat' dir='ltr'>idem</span> <span class='ocrx_word' id='word_1_416' title='bbox 1408 1325 1453 1359; x_wconf 89' lang='lat' dir='ltr'>est</span> <span class='ocrx_word' id='word_1_417' title='bbox 1467 1348 1479 1364; x_wconf 87' lang='lat'><strong>,</strong></span> <span class='ocrx_word' id='word_1_418' title='bbox 1504 1337 1581 1360; x_wconf 90' lang='lat' dir='ltr'>cum</span> <span class='ocrx_word' id='word_1_419' title='bbox 1592 1327 1749 1363; x_wconf 85' lang='lat' dir='ltr'>Nestorio</span> <span class='ocrx_word' id='word_1_420' title='bbox 1762 1353 1774 1368; x_wconf 97' lang='lat'>,</span> <span class='ocrx_word' id='word_1_421' title='bbox 1792 1330 1932 1363; x_wconf 71' lang='lat' dir='ltr'>sortitus</span> <span class='ocrx_word' id='word_1_422' title='bbox 1942 1330 2098 1363; x_wconf 85' lang='lat' dir='ltr'>exilium.</span> 
     </span>
     <span class='ocr_line' id='line_1_73' title="bbox 1209 1374 2104 1418; baseline 0.008 -10"><span class='ocrx_word' id='word_1_423' title='bbox 1209 1374 1339 1418; x_wconf 82' lang='lat' dir='ltr'>Nempe</span> <span class='ocrx_word' id='word_1_424' title='bbox 1361 1375 1396 1409; x_wconf 90' lang='lat' dir='ltr'>in</span> <span class='ocrx_word' id='word_1_425' title='bbox 1408 1375 1518 1410; x_wconf 89' lang='lat' dir='ltr'>Petras</span> <span class='ocrx_word' id='word_1_426' title='bbox 1528 1374 1677 1411; x_wconf 68' lang='lat' dir='ltr'>Arabiae,</span> <span class='ocrx_word' id='word_1_427' title='bbox 1706 1377 1748 1412; x_wconf 91' lang='lat' dir='ltr'>Et</span> <span class='ocrx_word' id='word_1_428' title='bbox 1760 1378 1847 1413; x_wconf 90' lang='lat' dir='ltr'>illius</span> <span class='ocrx_word' id='word_1_429' title='bbox 1871 1378 2024 1413; x_wconf 83' lang='lat' dir='ltr'>executio</span> <span class='ocrx_word' id='word_1_430' title='bbox 2035 1379 2104 1416; x_wconf 84' lang='lat' dir='ltr'>fuit</span> 
     </span>
     <span class='ocr_line' id='line_1_74' title="bbox 1208 1425 2101 1464; baseline 0.006 -5"><span class='ocrx_word' id='word_1_431' title='bbox 1208 1425 1403 1461; x_wconf 87' lang='lat' dir='ltr'>demandata</span> <span class='ocrx_word' id='word_1_432' title='bbox 1413 1425 1519 1460; x_wconf 88' lang='lat' dir='ltr'>eidem</span> <span class='ocrx_word' id='word_1_433' title='bbox 1532 1426 1681 1463; x_wconf 84' lang='lat' dir='ltr'>Orientis</span> <span class='ocrx_word' id='word_1_434' title='bbox 1691 1426 1844 1463; x_wconf 66' lang='lat' dir='ltr'>Praefesto</span> <span class='ocrx_word' id='word_1_435' title='bbox 1857 1428 2001 1464; x_wconf 82' lang='lat' dir='ltr'>lfidoro</span> <span class='ocrx_word' id='word_1_436' title='bbox 2022 1429 2101 1464; x_wconf 83' lang='lat' dir='ltr'>Nec</span> 
     </span>
     <span class='ocr_line' id='line_1_75' title="bbox 1207 1475 2101 1523; baseline 0.007 -15"><span class='ocrx_word' id='word_1_437' title='bbox 1207 1475 1418 1511; x_wconf 89' lang='lat' dir='ltr'>solummodo</span> <span class='ocrx_word' id='word_1_438' title='bbox 1440 1477 1601 1522; x_wconf 84' lang='lat' dir='ltr'>relegatus</span> <span class='ocrx_word' id='word_1_439' title='bbox 1622 1477 1723 1519; x_wconf 86' lang='lat' dir='ltr'>fuit,</span> <span class='ocrx_word' id='word_1_440' title='bbox 1757 1480 1810 1514; x_wconf 85' lang='lat' dir='ltr'>sed</span> <span class='ocrx_word' id='word_1_441' title='bbox 1832 1480 1962 1523; x_wconf 84' lang='lat' dir='ltr'>insuper</span> <span class='ocrx_word' id='word_1_442' title='bbox 1976 1489 2101 1514; x_wconf 81' lang='lat' dir='ltr'>exutus</span> 
     </span>
     <span class='ocr_line' id='line_1_76' title="bbox 1205 1526 2101 1576; baseline 0.007 -18"><span class='ocrx_word' id='word_1_443' title='bbox 1205 1527 1327 1560; x_wconf 70' lang='lat' dir='ltr'>cunetis</span> <span class='ocrx_word' id='word_1_444' title='bbox 1347 1526 1491 1561; x_wconf 85' lang='lat' dir='ltr'>fortunis</span> <span class='ocrx_word' id='word_1_445' title='bbox 1514 1552 1525 1569; x_wconf 91' lang='lat'><strong><em>,</em></strong></span> <span class='ocrx_word' id='word_1_446' title='bbox 1554 1528 1754 1571; x_wconf 87' lang='lat' dir='ltr'>transcriptis</span> <span class='ocrx_word' id='word_1_447' title='bbox 1775 1530 1810 1563; x_wconf 89' lang='lat' dir='ltr'>in</span> <span class='ocrx_word' id='word_1_448' title='bbox 1833 1530 1981 1564; x_wconf 87' lang='lat' dir='ltr'>Fiscum.</span> <span class='ocrx_word' id='word_1_449' title='bbox 2010 1529 2101 1576; x_wconf 80' lang='lat' dir='ltr'>Qis</span> 
     </span>
     <span class='ocr_line' id='line_1_77' title="bbox 1205 1574 2101 1623; baseline 0.004 -14"><span class='ocrx_word' id='word_1_450' title='bbox 1205 1576 1305 1611; x_wconf 82' lang='lat' dir='ltr'>fuerit</span> <span class='ocrx_word' id='word_1_451' title='bbox 1328 1575 1499 1619; x_wconf 75' lang='lat' dir='ltr'>adJunstus</span> <span class='ocrx_word' id='word_1_452' title='bbox 1519 1577 1568 1610; x_wconf 89' lang='lat' dir='ltr'>illi</span> <span class='ocrx_word' id='word_1_453' title='bbox 1586 1574 1747 1618; x_wconf 74' lang='lat' dir='ltr'>photius,</span> <span class='ocrx_word' id='word_1_454' title='bbox 1773 1591 1843 1614; x_wconf 84' lang='lat' dir='ltr'>non</span> <span class='ocrx_word' id='word_1_455' title='bbox 1865 1580 1994 1623; x_wconf 77' lang='lat' dir='ltr'>possum</span> <span class='ocrx_word' id='word_1_456' title='bbox 2006 1579 2101 1613; x_wconf 75' lang='grc' dir='ltr'>εει-ιὰ</span> 
     </span>
     <span class='ocr_line' id='line_1_78' title="bbox 1206 1625 2101 1673; baseline 0.003 -13"><span class='ocrx_word' id='word_1_457' title='bbox 1206 1627 1360 1661; x_wconf 76' lang='lat' dir='ltr'>asserere.</span> <span class='ocrx_word' id='word_1_458' title='bbox 1386 1625 1489 1660; x_wconf 82' lang='lat' dir='ltr'>Poffit</span> <span class='ocrx_word' id='word_1_459' title='bbox 1509 1627 1604 1662; x_wconf 69' lang='lat' dir='ltr'>fuisse</span> <span class='ocrx_word' id='word_1_460' title='bbox 1630 1627 2012 1673; x_wconf 81' lang='lat' dir='ltr'>Constantinopolitanae</span> <span class='ocrx_word' id='word_1_461' title='bbox 2036 1629 2101 1663; x_wconf 86' lang='lat' dir='ltr'>Ec·</span> 
     </span>
     <span class='ocr_line' id='line_1_79' title="bbox 1203 1674 2097 1721; baseline 0.003 -11"><span class='ocrx_word' id='word_1_462' title='bbox 1203 1676 1304 1710; x_wconf 87' lang='lat' dir='ltr'>clesiae</span> <span class='ocrx_word' id='word_1_463' title='bbox 1316 1674 1489 1719; x_wconf 84' lang='lat' dir='ltr'>Presbyter</span> <span class='ocrx_word' id='word_1_464' title='bbox 1499 1700 1511 1716; x_wconf 88' lang='lat'><strong>,</strong></span> <span class='ocrx_word' id='word_1_465' title='bbox 1538 1688 1603 1710; x_wconf 89' lang='lat' dir='ltr'>una</span> <span class='ocrx_word' id='word_1_466' title='bbox 1617 1689 1694 1711; x_wconf 88' lang='lat' dir='ltr'>cum</span> <span class='ocrx_word' id='word_1_467' title='bbox 1707 1677 1880 1713; x_wconf 82' lang='lat' dir='ltr'>Anastasio</span> <span class='ocrx_word' id='word_1_468' title='bbox 1897 1678 2097 1721; x_wconf 85' lang='lat' dir='ltr'>Presbytero</span> 
     </span>
     <span class='ocr_line' id='line_1_80' title="bbox 1205 1726 2096 1771; baseline 0.001 -10"><span class='ocrx_word' id='word_1_469' title='bbox 1205 1728 1347 1771; x_wconf 84' lang='lat' dir='ltr'>Legatus</span> <span class='ocrx_word' id='word_1_470' title='bbox 1359 1726 1376 1762; x_wconf 66' lang='grc' dir='ltr'>ὲ</span> <span class='ocrx_word' id='word_1_471' title='bbox 1388 1726 1544 1761; x_wconf 87' lang='lat' dir='ltr'>Nestorio</span> <span class='ocrx_word' id='word_1_472' title='bbox 1557 1727 1592 1760; x_wconf 89' lang='lat' dir='ltr'>in</span> <span class='ocrx_word' id='word_1_473' title='bbox 1604 1726 1747 1770; x_wconf 87' lang='lat' dir='ltr'>Lydiam</span> <span class='ocrx_word' id='word_1_474' title='bbox 1758 1752 1768 1768; x_wconf 92' lang='lat'><strong><em>,</em></strong></span> <span class='ocrx_word' id='word_1_475' title='bbox 1795 1739 1833 1762; x_wconf 88' lang='lat' dir='ltr'>ac</span> <span class='ocrx_word' id='word_1_476' title='bbox 1845 1728 1923 1762; x_wconf 87' lang='lat' dir='ltr'>alias</span> <span class='ocrx_word' id='word_1_477' title='bbox 1947 1728 2096 1763; x_wconf 80' lang='lat' dir='ltr'>Asiaticae</span> 
     </span>
     <span class='ocr_line' id='line_1_81' title="bbox 1204 1775 2098 1817; baseline 0.002 -6"><span class='ocrx_word' id='word_1_478' title='bbox 1204 1777 1362 1811; x_wconf 85' lang='lat' dir='ltr'>Dioecefis</span> <span class='ocrx_word' id='word_1_479' title='bbox 1375 1777 1587 1817; x_wconf 90' lang='lat' dir='ltr'>Provincias,</span> <span class='ocrx_word' id='word_1_480' title='bbox 1615 1776 1656 1810; x_wconf 91' lang='lat' dir='ltr'>ad</span> <span class='ocrx_word' id='word_1_481' title='bbox 1680 1775 1773 1811; x_wconf 86' lang='lat' dir='ltr'>isthic</span> <span class='ocrx_word' id='word_1_482' title='bbox 1795 1778 2022 1813; x_wconf 87' lang='lat' dir='ltr'>seminandum</span> <span class='ocrx_word' id='word_1_483' title='bbox 2035 1779 2098 1813; x_wconf 89' lang='lat' dir='ltr'>sce-</span> 
     </span>
     <span class='ocr_line' id='line_1_82' title="bbox 1204 1826 2101 1872; baseline 0.002 -12"><span class='ocrx_word' id='word_1_484' title='bbox 1204 1827 1341 1863; x_wconf 82' lang='lat' dir='ltr'>leratum</span> <span class='ocrx_word' id='word_1_485' title='bbox 1376 1827 1637 1871; x_wconf 86' lang='lat' dir='ltr'>Mopsuestiensis</span> <span class='ocrx_word' id='word_1_486' title='bbox 1669 1826 1843 1862; x_wconf 87' lang='lat' dir='ltr'>Theodori</span> <span class='ocrx_word' id='word_1_487' title='bbox 1876 1828 2074 1872; x_wconf 84' lang='lat' dir='ltr'>Symbolum</span> <span class='ocrx_word' id='word_1_488' title='bbox 2092 1854 2101 1862; x_wconf 85' lang='lat'><em>.</em></span> 
     </span>
     <span class='ocr_line' id='line_1_83' title="bbox 1205 1876 2097 1923; baseline 0.003 -12"><span class='ocrx_word' id='word_1_489' title='bbox 1205 1876 1364 1912; x_wconf 85' lang='lat' dir='ltr'>Attamen</span> <span class='ocrx_word' id='word_1_490' title='bbox 1386 1878 1478 1921; x_wconf 89' lang='lat' dir='ltr'>plura</span> <span class='ocrx_word' id='word_1_491' title='bbox 1505 1877 1688 1912; x_wconf 76' lang='lat' dir='ltr'>dissuadent</span> <span class='ocrx_word' id='word_1_492' title='bbox 1713 1905 1722 1911; x_wconf 89' lang='lat'>.</span> <span class='ocrx_word' id='word_1_493' title='bbox 1749 1877 1864 1913; x_wconf 75' lang='lat' dir='ltr'>Primo</span> <span class='ocrx_word' id='word_1_494' title='bbox 1885 1903 1896 1919; x_wconf 93' lang='lat'><strong>,</strong></span> <span class='ocrx_word' id='word_1_495' title='bbox 1923 1878 2013 1923; x_wconf 88' lang='lat' dir='ltr'>quod</span> <span class='ocrx_word' id='word_1_496' title='bbox 2039 1878 2097 1914; x_wconf 88' lang='lat' dir='ltr'>hic</span> 
     </span>
     <span class='ocr_line' id='line_1_84' title="bbox 1203 1927 2095 1977; baseline 0.002 -16"><span class='ocrx_word' id='word_1_497' title='bbox 1203 1929 1398 1971; x_wconf 82' lang='lat' dir='ltr'>proscriptus</span> <span class='ocrx_word' id='word_1_498' title='bbox 1422 1927 1564 1963; x_wconf 80' lang='lat' dir='ltr'>Photius</span> <span class='ocrx_word' id='word_1_499' title='bbox 1586 1930 1684 1963; x_wconf 87' lang='lat' dir='ltr'>fuerit</span> <span class='ocrx_word' id='word_1_500' title='bbox 1713 1928 1761 1962; x_wconf 87' lang='lat' dir='ltr'>vir</span> <span class='ocrx_word' id='word_1_501' title='bbox 1774 1930 1963 1972; x_wconf 86' lang='lat' dir='ltr'>opulentus:</span> <span class='ocrx_word' id='word_1_502' title='bbox 1991 1927 2095 1977; x_wconf 80' lang='lat' dir='ltr'>Qod</span> 
     </span>
     <span class='ocr_line' id='line_1_85' title="bbox 1203 1977 2095 2026; baseline 0.004 -15"><span class='ocrx_word' id='word_1_503' title='bbox 1203 1977 1276 2015; x_wconf 74' lang='lat' dir='ltr'>raro</span> <span class='ocrx_word' id='word_1_504' title='bbox 1301 1988 1381 2013; x_wconf 90' lang='lat' dir='ltr'>tunc</span> <span class='ocrx_word' id='word_1_505' title='bbox 1401 1978 1570 2014; x_wconf 86' lang='lat' dir='ltr'>cadebat&#39;</span> <span class='ocrx_word' id='word_1_506' title='bbox 1562 1991 1596 2013; x_wconf 76' lang='lat' dir='ltr'>in</span> <span class='ocrx_word' id='word_1_507' title='bbox 1610 1979 1798 2015; x_wconf 88' lang='lat' dir='ltr'>Clericum</span> <span class='ocrx_word' id='word_1_508' title='bbox 1824 1979 1979 2021; x_wconf 88' lang='lat' dir='ltr'>Deinde,</span> <span class='ocrx_word' id='word_1_509' title='bbox 2003 1979 2095 2026; x_wconf 81' lang='lat' dir='ltr'>quod</span> 
     </span>
     <span class='ocr_line' id='line_1_86' title="bbox 1201 2027 2098 2072; baseline 0.004 -12"><span class='ocrx_word' id='word_1_510' title='bbox 1201 2027 1269 2068; x_wconf 85' lang='lat' dir='ltr'>ejus</span> <span class='ocrx_word' id='word_1_511' title='bbox 1291 2039 1371 2070; x_wconf 87' lang='lat' dir='ltr'>opes</span> <span class='ocrx_word' id='word_1_512' title='bbox 1391 2041 1461 2062; x_wconf 92' lang='lat' dir='ltr'>non</span> <span class='ocrx_word' id='word_1_513' title='bbox 1489 2029 1522 2062; x_wconf 90' lang='lat' dir='ltr'>in</span> <span class='ocrx_word' id='word_1_514' title='bbox 1546 2028 1724 2064; x_wconf 78' lang='lat' dir='ltr'>Ecclesiam</span> <span class='ocrx_word' id='word_1_515' title='bbox 1740 2029 2013 2072; x_wconf 76' lang='lat' dir='ltr'>transcribantur,</span> <span class='ocrx_word' id='word_1_516' title='bbox 2038 2029 2098 2064; x_wconf 81' lang='lat' dir='ltr'>sed</span> 
     </span>
     <span class='ocr_line' id='line_1_87' title="bbox 1202 2075 2093 2120; baseline 0.004 -12"><span class='ocrx_word' id='word_1_517' title='bbox 1202 2076 1238 2109; x_wconf 90' lang='lat' dir='ltr'>in</span> <span class='ocrx_word' id='word_1_518' title='bbox 1261 2075 1542 2118; x_wconf 88' lang='lat' dir='ltr'>Rempublicam.</span> <span class='ocrx_word' id='word_1_519' title='bbox 1574 2077 1727 2117; x_wconf 72' lang='lat' dir='ltr'>Tertio,</span> <span class='ocrx_word' id='word_1_520' title='bbox 1754 2079 1844 2120; x_wconf 90' lang='lat' dir='ltr'>quod</span> <span class='ocrx_word' id='word_1_521' title='bbox 1870 2080 1961 2112; x_wconf 85' lang='lat' dir='ltr'>nulla</span> <span class='ocrx_word' id='word_1_522' title='bbox 1992 2080 2093 2113; x_wconf 82' lang='lat' dir='ltr'>etiam</span> 
     </span>
     <span class='ocr_line' id='line_1_88' title="bbox 1201 2125 2094 2174; baseline 0.007 -16"><span class='ocrx_word' id='word_1_523' title='bbox 1201 2126 1257 2159; x_wconf 86' lang='lat' dir='ltr'>fiat</span> <span class='ocrx_word' id='word_1_524' title='bbox 1271 2127 1399 2162; x_wconf 89' lang='lat' dir='ltr'>mentio</span> <span class='ocrx_word' id='word_1_525' title='bbox 1410 2125 1453 2164; x_wconf 87' lang='lat' dir='ltr'>de</span> <span class='ocrx_word' id='word_1_526' title='bbox 1477 2126 1575 2170; x_wconf 83' lang='lat' dir='ltr'>ipsius</span> <span class='ocrx_word' id='word_1_527' title='bbox 1593 2126 1848 2171; x_wconf 83' lang='lat' dir='ltr'>Presbyteratu,</span> <span class='ocrx_word' id='word_1_528' title='bbox 1873 2139 1928 2162; x_wconf 90' lang='lat' dir='ltr'>aut</span> <span class='ocrx_word' id='word_1_529' title='bbox 1941 2128 2094 2174; x_wconf 81' lang='lat' dir='ltr'>degrada-</span> 
     </span>
     <span class='ocr_line' id='line_1_89' title="bbox 1201 2173 1360 2210; baseline 0.007 -2"><span class='ocrx_word' id='word_1_530' title='bbox 1201 2173 1360 2210; x_wconf 82' lang='lat' dir='ltr'>datione.</span> 
     </span>
    </p>
   </div>
   <div class='ocr_carea' id='block_1_14' title="bbox 1345 2353 2139 2452">
    <p class='ocr_par' dir='ltr' id='par_1_19' title="bbox 1345 2353 2139 2452">
     <span class='ocr_line' id='line_1_90' title="bbox 1345 2353 2139 2452; baseline 0.005 -18"><span class='ocrx_word' id='word_1_531' title='bbox 1345 2388 1562 2438; x_wconf 77' lang='lat' dir='ltr'>CAPUT</span> <span class='ocrx_word' id='word_1_532' title='bbox 1599 2389 1901 2438; x_wconf 74' lang='lat' dir='ltr'>chxxlx.</span> <span class='ocrx_word' id='word_1_533' title='bbox 1942 2353 2084 2452; x_wconf 56' lang='lat' dir='ltr'>-J27&#39;8</span> <span class='ocrx_word' id='word_1_534' title='bbox 2128 2431 2139 2444; x_wconf 85' lang='lat'><em>.</em></span> 
     </span>
    </p>
   </div>
   <div class='ocr_carea' id='block_1_15' title="bbox 1201 2535 2082 2606">
    <p class='ocr_par' dir='ltr' id='par_1_20' title="bbox 1201 2535 2082 2606">
     <span class='ocr_line' id='line_1_91' title="bbox 1201 2535 2082 2606; baseline -0.009 -20"><span class='ocrx_word' id='word_1_535' title='bbox 1201 2540 1483 2606; x_wconf 77' lang='lat' dir='ltr'>l71terpretat1&#39;‚o</span> <span class='ocrx_word' id='word_1_536' title='bbox 1511 2537 1657 2603; x_wconf 87' lang='lat' dir='ltr'>inquit</span> <span class='ocrx_word' id='word_1_537' title='bbox 1665 2570 1678 2594; x_wconf 89' lang='grc'>,</span> <span class='ocrx_word' id='word_1_538' title='bbox 1703 2535 1865 2602; x_wconf 70' lang='lat' dir='ltr'>praefc&#39;rti</span> <span class='ocrx_word' id='word_1_539' title='bbox 1876 2540 1931 2580; x_wconf 76' lang='lat' dir='ltr'>Pr</span> <span class='ocrx_word' id='word_1_540' title='bbox 1933 2537 2082 2601; x_wconf 76' lang='lat' dir='ltr'>aeceptz‘.</span> 
     </span>
    </p>
   </div>
   <div class='ocr_carea' id='block_1_16' title="bbox 1203 2671 2102 3372">
    <p class='ocr_par' dir='ltr' id='par_1_21' title="bbox 1203 2671 2102 3372">
     <span class='ocr_line' id='line_1_92' title="bbox 1298 2671 2082 2718; baseline -0.005 -7"><span class='ocrx_word' id='word_1_541' title='bbox 1298 2675 1365 2711; x_wconf 87' lang='lat' dir='ltr'>Uae</span> <span class='ocrx_word' id='word_1_542' title='bbox 1385 2675 1480 2716; x_wconf 87' lang='lat' dir='ltr'>sint,</span> <span class='ocrx_word' id='word_1_543' title='bbox 1506 2686 1575 2718; x_wconf 83' lang='lat' dir='ltr'>quae</span> <span class='ocrx_word' id='word_1_544' title='bbox 1593 2673 1633 2708; x_wconf 91' lang='lat' dir='ltr'>de</span> <span class='ocrx_word' id='word_1_545' title='bbox 1652 2674 1773 2708; x_wconf 89' lang='lat' dir='ltr'>lrenaeo</span> <span class='ocrx_word' id='word_1_546' title='bbox 1804 2673 1838 2708; x_wconf 88' lang='lat'>&amp;</span> <span class='ocrx_word' id='word_1_547' title='bbox 1859 2671 1985 2708; x_wconf 87' lang='lat' dir='ltr'>Photio</span> <span class='ocrx_word' id='word_1_548' title='bbox 2007 2673 2082 2707; x_wconf 90' lang='lat' dir='ltr'>sunt</span> 
     </span>
     <span class='ocr_line' id='line_1_93' title="bbox 1324 2699 2083 2764; baseline -0.003 -4"><span class='ocrx_word' id='word_1_549' title='bbox 1324 2727 1446 2761; x_wconf 88' lang='lat' dir='ltr'>sancita</span> <span class='ocrx_word' id='word_1_550' title='bbox 1466 2699 1484 2758; x_wconf 61' lang='grc' dir='ltr'>Ξ</span> <span class='ocrx_word' id='word_1_551' title='bbox 1507 2725 1636 2759; x_wconf 91' lang='lat' dir='ltr'>Divino</span> <span class='ocrx_word' id='word_1_552' title='bbox 1659 2724 1692 2757; x_wconf 86' lang='lat'>&amp;</span> <span class='ocrx_word' id='word_1_553' title='bbox 1714 2724 1898 2757; x_wconf 78' lang='lat' dir='ltr'>immortali</span> <span class='ocrx_word' id='word_1_554' title='bbox 1923 2723 2083 2764; x_wconf 86' lang='lat' dir='ltr'>Vertice,</span> 
     </span>
     <span class='ocr_line' id='line_1_94' title="bbox 1352 2774 2096 2821; baseline -0.003 -11"><span class='ocrx_word' id='word_1_555' title='bbox 1352 2775 1541 2821; x_wconf 70' lang='lat' dir='ltr'>praefulgens</span> <span class='ocrx_word' id='word_1_556' title='bbox 1563 2775 1764 2808; x_wconf 88' lang='lat' dir='ltr'>Divinarum</span> <span class='ocrx_word' id='word_1_557' title='bbox 1790 2774 1967 2808; x_wconf 88' lang='lat' dir='ltr'>litterarum</span> <span class='ocrx_word' id='word_1_558' title='bbox 1988 2783 2096 2808; x_wconf 49' lang='lat' dir='ltr'>tenor-1</span> 
     </span>
     <span class='ocr_line' id='line_1_95' title="bbox 1203 2822 2094 2869; baseline -0.007 -6"><span class='ocrx_word' id='word_1_559' title='bbox 1203 2827 1349 2863; x_wconf 87' lang='lat' dir='ltr'>ostendit</span> <span class='ocrx_word' id='word_1_560' title='bbox 1372 2851 1380 2859; x_wconf 91' lang='lat'><strong>.</strong></span> <span class='ocrx_word' id='word_1_561' title='bbox 1407 2825 1663 2869; x_wconf 86' lang='lat' dir='ltr'>Magnificentia</span> <span class='ocrx_word' id='word_1_562' title='bbox 1696 2824 1797 2869; x_wconf 85' lang='lat' dir='ltr'>igitur</span> <span class='ocrx_word' id='word_1_563' title='bbox 1817 2834 1873 2858; x_wconf 87' lang='lat' dir='ltr'>tua</span> <span class='ocrx_word' id='word_1_564' title='bbox 1903 2822 1955 2858; x_wconf 89' lang='lat' dir='ltr'>his</span> <span class='ocrx_word' id='word_1_565' title='bbox 1982 2849 1994 2865; x_wconf 84' lang='lat'>‚</span> <span class='ocrx_word' id='word_1_566' title='bbox 2016 2834 2094 2866; x_wconf 21' lang='lat' dir='ltr'>quaes</span> 
     </span>
     <span class='ocr_line' id='line_1_96' title="bbox 1204 2873 2093 2919; baseline -0.011 -6"><span class='ocrx_word' id='word_1_567' title='bbox 1204 2880 1277 2913; x_wconf 90' lang='lat' dir='ltr'>sunt</span> <span class='ocrx_word' id='word_1_568' title='bbox 1300 2876 1425 2911; x_wconf 88' lang='lat' dir='ltr'>decreta</span> <span class='ocrx_word' id='word_1_569' title='bbox 1438 2874 1628 2916; x_wconf 77' lang='lat' dir='ltr'>Divinitus,</span> <span class='ocrx_word' id='word_1_570' title='bbox 1655 2874 1773 2919; x_wconf 87' lang='lat' dir='ltr'>absque</span> <span class='ocrx_word' id='word_1_571' title='bbox 1792 2885 1885 2908; x_wconf 88' lang='lat' dir='ltr'>mora</span> <span class='ocrx_word' id='word_1_572' title='bbox 1904 2873 2063 2908; x_wconf 89' lang='lat' dir='ltr'>obediens</span> <span class='ocrx_word' id='word_1_573' title='bbox 2073 2897 2093 2914; x_wconf 78' lang='lat'>,.</span> 
     </span>
     <span class='ocr_line' id='line_1_97' title="bbox 1205 2925 2094 2970; baseline -0.007 -7"><span class='ocrx_word' id='word_1_574' title='bbox 1205 2929 1245 2964; x_wconf 91' lang='lat' dir='ltr'>ad</span> <span class='ocrx_word' id='word_1_575' title='bbox 1258 2929 1329 2962; x_wconf 87' lang='lat' dir='ltr'>loca</span> <span class='ocrx_word' id='word_1_576' title='bbox 1341 2951 1353 2968; x_wconf 93' lang='lat'>,</span> <span class='ocrx_word' id='word_1_577' title='bbox 1378 2926 1413 2960; x_wconf 90' lang='lat' dir='ltr'>in</span> <span class='ocrx_word' id='word_1_578' title='bbox 1426 2926 1575 2970; x_wconf 80' lang='lat' dir='ltr'>quaejuffi</span> <span class='ocrx_word' id='word_1_579' title='bbox 1597 2926 1673 2960; x_wconf 87' lang='lat' dir='ltr'>sunt</span> <span class='ocrx_word' id='word_1_580' title='bbox 1683 2925 1757 2960; x_wconf 87' lang='lat' dir='ltr'>duci</span> <span class='ocrx_word' id='word_1_581' title='bbox 1772 2949 1782 2965; x_wconf 90' lang='lat'>,</span> <span class='ocrx_word' id='word_1_582' title='bbox 1808 2933 1884 2958; x_wconf 88' lang='lat' dir='ltr'>cum</span> <span class='ocrx_word' id='word_1_583' title='bbox 1897 2933 2094 2966; x_wconf 51' lang='lat' dir='ltr'>competen-¹</span> 
     </span>
     <span class='ocr_line' id='line_1_98' title="bbox 1206 2973 2094 3021; baseline -0.007 -8"><span class='ocrx_word' id='word_1_584' title='bbox 1206 2980 1230 3014; x_wconf 93' lang='lat' dir='ltr'>ti</span> <span class='ocrx_word' id='word_1_585' title='bbox 1244 2978 1362 3013; x_wconf 89' lang='lat' dir='ltr'>solatio</span> <span class='ocrx_word' id='word_1_586' title='bbox 1375 2987 1524 3021; x_wconf 77' lang='lat' dir='ltr'>praeparet</span> <span class='ocrx_word' id='word_1_587' title='bbox 1534 2975 1778 3011; x_wconf 79' lang='lat' dir='ltr'>Veredosduos</span> <span class='ocrx_word' id='word_1_588' title='bbox 1788 2986 1864 3009; x_wconf 90' lang='lat' dir='ltr'>cum</span> <span class='ocrx_word' id='word_1_589' title='bbox 1886 2973 2015 3008; x_wconf 89' lang='lat' dir='ltr'>duobus</span> <span class='ocrx_word' id='word_1_590' title='bbox 2029 2974 2094 3008; x_wconf 78' lang='lat' dir='ltr'>Pa-</span> 
     </span>
     <span class='ocr_line' id='line_1_99' title="bbox 1206 3023 2097 3073; baseline -0.006 -10"><span class='ocrx_word' id='word_1_591' title='bbox 1206 3029 1322 3073; x_wconf 85' lang='lat' dir='ltr'>rippis,</span> <span class='ocrx_word' id='word_1_592' title='bbox 1348 3028 1459 3063; x_wconf 85' lang='lat' dir='ltr'>Oresti</span> <span class='ocrx_word' id='word_1_593' title='bbox 1479 3025 1714 3071; x_wconf 85' lang='lat' dir='ltr'>&amp;Stephano‚</span> <span class='ocrx_word' id='word_1_594' title='bbox 1737 3026 1795 3068; x_wconf 89' lang='lat' dir='ltr'>qui</span> <span class='ocrx_word' id='word_1_595' title='bbox 1815 3025 2017 3069; x_wconf 87' lang='lat' dir='ltr'>singulariter</span> <span class='ocrx_word' id='word_1_596' title='bbox 2039 3023 2097 3058; x_wconf 82' lang='lat' dir='ltr'>di·-</span> 
     </span>
     <span class='ocr_line' id='line_1_100' title="bbox 1208 3074 2091 3122; baseline -0.006 -8"><span class='ocrx_word' id='word_1_597' title='bbox 1208 3079 1284 3114; x_wconf 68' lang='lat' dir='ltr'>resti</span> <span class='ocrx_word' id='word_1_598' title='bbox 1304 3079 1378 3113; x_wconf 88' lang='lat' dir='ltr'>sunt</span> <span class='ocrx_word' id='word_1_599' title='bbox 1403 3078 1442 3111; x_wconf 87' lang='lat' dir='ltr'>ad</span> <span class='ocrx_word' id='word_1_600' title='bbox 1464 3077 1644 3122; x_wconf 84' lang='lat' dir='ltr'>peragenda</span> <span class='ocrx_word' id='word_1_601' title='bbox 1669 3088 1738 3120; x_wconf 84' lang='lat' dir='ltr'>quae</span> <span class='ocrx_word' id='word_1_602' title='bbox 1763 3074 1935 3110; x_wconf 75' lang='lat' dir='ltr'>Divinitus</span> <span class='ocrx_word' id='word_1_603' title='bbox 1960 3074 2091 3109; x_wconf 74' lang='lat' dir='ltr'>decreta</span> 
     </span>
     <span class='ocr_line' id='line_1_101' title="bbox 1210 3124 2102 3172; baseline -0.006 -9"><span class='ocrx_word' id='word_1_604' title='bbox 1210 3129 1283 3165; x_wconf 86' lang='lat' dir='ltr'>sunt</span> <span class='ocrx_word' id='word_1_605' title='bbox 1296 3153 1308 3171; x_wconf 88' lang='lat'>‚</span> <span class='ocrx_word' id='word_1_606' title='bbox 1335 3139 1468 3172; x_wconf 83' lang='lat' dir='ltr'>quaeque</span> <span class='ocrx_word' id='word_1_607' title='bbox 1490 3127 1610 3162; x_wconf 85' lang='lat' dir='ltr'>nostris</span> <span class='ocrx_word' id='word_1_608' title='bbox 1630 3126 1902 3171; x_wconf 75' lang='lat' dir='ltr'>praeceptionibus</span> <span class='ocrx_word' id='word_1_609' title='bbox 1918 3124 2102 3160; x_wconf 64' lang='lat' dir='ltr'>contineri--</span> 
     </span>
     <span class='ocr_line' id='line_1_102' title="bbox 1209 3174 2094 3220; baseline -0.007 -6"><span class='ocrx_word' id='word_1_610' title='bbox 1209 3191 1261 3214; x_wconf 90' lang='lat' dir='ltr'>tur</span> <span class='ocrx_word' id='word_1_611' title='bbox 1273 3203 1284 3220; x_wconf 93' lang='lat'>,</span> <span class='ocrx_word' id='word_1_612' title='bbox 1310 3177 1580 3220; x_wconf 86' lang='lat' dir='ltr'>coadjuvantibus</span> <span class='ocrx_word' id='word_1_613' title='bbox 1602 3189 1659 3212; x_wconf 91' lang='lat' dir='ltr'>eos</span> <span class='ocrx_word' id='word_1_614' title='bbox 1681 3189 1723 3212; x_wconf 82' lang='lat' dir='ltr'>ex</span> <span class='ocrx_word' id='word_1_615' title='bbox 1734 3177 1828 3220; x_wconf 84' lang='lat' dir='ltr'>Syria</span> <span class='ocrx_word' id='word_1_616' title='bbox 1841 3199 1852 3216; x_wconf 90' lang='lat'><strong>,</strong></span> <span class='ocrx_word' id='word_1_617' title='bbox 1878 3185 1947 3210; x_wconf 78' lang='lat' dir='ltr'>ram</span> <span class='ocrx_word' id='word_1_618' title='bbox 1966 3174 2094 3220; x_wconf 55' lang='lat' dir='ltr'>›Regio-⁴</span> 
     </span>
     <span class='ocr_line' id='line_1_103' title="bbox 1209 3227 2094 3273; baseline -0.006 -10"><span class='ocrx_word' id='word_1_619' title='bbox 1209 3241 1289 3264; x_wconf 89' lang='lat' dir='ltr'>num</span> <span class='ocrx_word' id='word_1_620' title='bbox 1300 3228 1459 3273; x_wconf 85' lang='lat' dir='ltr'>judicibus</span> <span class='ocrx_word' id='word_1_621' title='bbox 1472 3253 1482 3269; x_wconf 90' lang='lat'>,</span> <span class='ocrx_word' id='word_1_622' title='bbox 1509 3239 1608 3272; x_wconf 85' lang='lat' dir='ltr'>quam</span> <span class='ocrx_word' id='word_1_623' title='bbox 1619 3227 1868 3262; x_wconf 69' lang='lat' dir='ltr'>provinciarum</span> <span class='ocrx_word' id='word_1_624' title='bbox 1888 3233 2094 3270; x_wconf 73' lang='lat' dir='ltr'>quarumque-</span> 
     </span>
     <span class='ocr_line' id='line_1_104' title="bbox 1209 3275 2086 3328; baseline -0.006 -16"><span class='ocrx_word' id='word_1_625' title='bbox 1209 3279 1410 3317; x_wconf 88' lang='lat' dir='ltr'>ordinibus:</span> <span class='ocrx_word' id='word_1_626' title='bbox 1438 3278 1570 3322; x_wconf 87' lang='lat' dir='ltr'>Insuper</span> <span class='ocrx_word' id='word_1_627' title='bbox 1582 3279 1618 3313; x_wconf 76' lang='grc' dir='ltr'>δε</span> <span class='ocrx_word' id='word_1_628' title='bbox 1631 3276 1869 3313; x_wconf 86' lang='lat' dir='ltr'>Defensoribus</span> <span class='ocrx_word' id='word_1_629' title='bbox 1880 3299 1892 3316; x_wconf 94' lang='lat'>,</span> <span class='ocrx_word' id='word_1_630' title='bbox 1916 3275 1951 3309; x_wconf 91' lang='lat'>&amp;</span> <span class='ocrx_word' id='word_1_631' title='bbox 1962 3275 2086 3328; x_wconf 70' lang='lat' dir='ltr'>reliquo</span> 
     </span>
     <span class='ocr_line' id='line_1_105' title="bbox 1210 3324 2089 3372; baseline -0.014 -8"><span class='ocrx_word' id='word_1_632' title='bbox 1210 3330 1330 3365; x_wconf 89' lang='lat' dir='ltr'>solatio</span> <span class='ocrx_word' id='word_1_633' title='bbox 1345 3329 1399 3365; x_wconf 93' lang='lat' dir='ltr'>vel</span> <span class='ocrx_word' id='word_1_634' title='bbox 1419 3329 1546 3365; x_wconf 85' lang='lat' dir='ltr'>auxilio</span> <span class='ocrx_word' id='word_1_635' title='bbox 1559 3352 1571 3372; x_wconf 90' lang='lat'>‚</span> <span class='ocrx_word' id='word_1_636' title='bbox 1595 3325 1881 3364; x_wconf 86' lang='lat' dir='ltr'>&amp;Decurionibus</span> <span class='ocrx_word' id='word_1_637' title='bbox 1901 3325 1958 3361; x_wconf 90' lang='lat' dir='ltr'>vel</span> <span class='ocrx_word' id='word_1_638' title='bbox 1977 3324 2089 3358; x_wconf 76' lang='lat' dir='ltr'>Curua·</span> 
     </span>
    </p>
   </div>
   <div class='ocr_carea' id='block_1_17' title="bbox 1211 3380 2037 3458">
    <p class='ocr_par' dir='ltr' id='par_1_22' title="bbox 1211 3380 2037 3458">
     <span class='ocr_line' id='line_1_106' title="bbox 1211 3380 1318 3417; baseline -0.009 -2"><span class='ocrx_word' id='word_1_639' title='bbox 1211 3380 1296 3417; x_wconf 88' lang='lat' dir='ltr'>libus</span> <span class='ocrx_word' id='word_1_640' title='bbox 1311 3405 1318 3414; x_wconf 92' lang='lat'>.</span> 
     </span>
     <span class='ocr_line' id='line_1_107' title="bbox 1937 3420 2037 3458; baseline -0.03 -1"><span class='ocrx_word' id='word_1_641' title='bbox 1937 3420 2037 3458; x_wconf 87' lang='lat' dir='ltr'>SCO-</span> 
     </span>
    </p>
   </div>
  </div>
 </body>
</html>
