2320 3730
902 186 1385 230 EPISrotn.

232 267 312 311 quid
333 267 416 305 dicit
437 269 456 300 ,ἶ
479 275 541 306 Hoc
555 267 704 312 sentiatur
724 276 757 303 in
786 271 871 304 vobis
893 295 904 311 ,
931 270 1011 313 quod
1027 270 1060 302 &
1082 273 1114 301 in

231 317 346 359 Christo
358 316 461 363 jesu,
487 324 540 360 qu}
562 325 598 353 in
611 321 716 362 forma
737 325 796 355 Del
815 321 943 361 existens
955 331 1013 353 non
1034 323 1115 360 rapi-

233 379 305 402 nam
327 368 493 400 arbitratus
513 369 551 409 est
570 371 622 413 effla
637 369 671 414 se
689 372 835 415 aequalem
847 375 930 411 Deo,
950 367 1116 412 sedsemet-

232 414 327 461 ipsum
349 423 545 458 exinanivit,
564 419 699 461 formam
720 421 804 466 serva·
826 427 970 463 accipiens
996 444 1003 451 .
1032 419 1117 465 Qae

230 466 326 501 verba
348 469 381 502 δε
402 469 592 504 Sanctorum
619 469 776 513 Parrum,
803 472 860 515 qui
870 470 954 514 apud
967 468 1117 502 Nicaeam

231 528 476 559 convenerunt,
504 520 609 554 secuta
620 522 666 555 est
683 522 763 556 fides
775 546 782 553 .
1056 556 1063 561 f

280 568 376 603 Solus
388 568 464 603 vero
477 570 661 604 intellestus
686 571 783 607 vestri
796 570 1020 616 Apollinarius
1033 567 1121 602 insti-

231 628 341 657 tutor,
367 619 541 654 nominum
567 622 820 657 remutationem
846 630 961 655 contra
994 630 1114 653 eorun-

231 669 306 703 dem
319 670 510 703 San-storum
523 670 657 705 Patrum
670 671 842 706 Nicaenam
858 669 1096 705 confeffionem
1109 692 1120 708 ,

230 720 266 753 &
287 729 401 752 contra
427 720 527 763 ipsam
549 720 709 756 Divinam
721 723 919 765 Scripturam
933 719 1122 754 fraudulena

229 779 281 803 ter
291 769 442 810 induxit,
471 781 531 813 pro
543 773 668 804 Domino
679 770 798 817 &Jesu
808 771 945 813 cbristo,
971 770 1006 803 ὃ(
1021 769 1122 806 Filio,

231 830 300 861 quae
312 821 384 853 sunt
396 820 533 854 duarum
546 829 732 857 naturarum
745 821 956 867 significativa
972 819 1120 857 nomina,

231 872 326 901 Deum
343 869 471 902 Verbum
494 872 728 906 tantummodo
751 882 938 916 exponens.
959 866 1021 907 ,Ut
1041 867 1122 901 dum

229 918 335 952 solam
347 918 508 954 Divinam
519 930 669 956 naturam
681 924 823 966 personae
842 919 1002 966 significat
1015 941 1026 957 2
1051 926 1123 950 tan-

230 980 331 1012 quam
354 980 424 1012 quae
445 971 571 1014 superet
592 972 746 1011 alteram,
776 972 878 1015 ipsam
901 968 1049 1013 praedicet
1066 977 1122 1010 pro

230 1020 367 1062 persona
379 1043 390 1059 ‚
416 1020 449 1052 &
460 1029 684 1061 contemperet
694 1019 804 1054 ambas
818 1021 854 1053 in
868 1030 969 1052 unam
981 1016 1062 1051 bene
1077 1018 1124 1050 so-

229 1077 367 1101 nantem
379 1075 547 1100 naturam-
576 1068 676 1103 Hanc
686 1079 827 1114 namque
846 1069 1068 1103 intentionem
1092 1067 1123 1099 &

230 1117 280 1151 tui
293 1118 470 1161 sequuntur
487 1117 700 1160 multiloquia
724 1119 834 1153 verbi.
862 1121 942 1151 Deus
958 1143 969 1159 ‚
996 1117 1125 1161 inquis,

230 1167 359 1200 Verbum
369 1176 401 1200 ut
414 1177 489 1199 unus
493 1169 564 1207 Jam
573 1169 777 1211 intelligendus
790 1181 857 1203 cum
879 1174 1006 1211 propria
1018 1178 1105 1201 carne
1118 1191 1125 1198 .

283 1217 349 1251 Dic
369 1217 402 1251 &
424 1216 566 1260 reliqua.
598 1220 645 1250 De
664 1220 751 1259 coelo,
779 1218 884 1261 inquit
908 1243 918 1259 ,
945 1220 1055 1251 dicitur
1078 1218 1127 1249 de-

228 1266 367 1310 scendisse
377 1290 385 1298 .
412 1271 596 1299 Nominatus
610 1270 681 1301 verb
703 1269 740 1308 est
754 1270 789 1303 (5
799 1267 880 1301 bomo
895 1269 931 1302 de
947 1270 1013 1301 coelo
1026 1290 1036 1305 ‚
1057 1275 1129 1307 per·

226 1317 330 1360 fec‘lus
341 1315 465 1356 exzstens
480 1322 512 1349 in
526 1319 645 1351 Deitate
661 1342 672 1358 ,
701 1320 734 1353 (ν
746 1319 896 1361 ρενῙὲέῖιις
921 1320 1000 1354 idem
1018 1315 1081 1359 ipse
1096 1322 1128 1349 in

232 1367 438 1400 humanitate.
470 1367 513 1401 Et
535 1367 615 1411 quid
636 1368 680 1402 est
696 1394 707 1409 ,
734 1369 822 1411 quod
850 1368 883 1401 in
898 1367 1128 1403 Divinitate&

231 1418 269 1450 in
292 1416 496 1451 humanitate
518 1419 731 1462 cognoscitur
752 1419 814 1453 effe
830 1419 1006 1463 perfeuus?
1035 1415 1128 1463 Qid

229 1467 277 1501 est
289 1467 424 1501 alterum
436 1493 447 1509 ‚
475 1466 564 1511 quod
577 1478 688 1510 praeter
699 1470 775 1503 illas
788 1494 798 1509 ‚
828 1481 900 1513 quae
911 1470 1010 1502 unitae
1033 1468 1108 1501 sunt
1119 1491 1130 1507 ‚

230 1526 365 1552 naturas
388 1518 555 1551 inducitur
568 1517 585 1548 ?
612 1518 704 1564 Qid
723 1518 767 1552 est
784 1529 897 1563 praeter
909 1520 1014 1562 ipsas,
1040 1516 1129 1559 quod

232 1568 269 1601 in
284 1567 358 1609 ipsis
371 1566 603 1610 speculandum
615 1568 676 1600 fit?
704 1570 794 1602 Nam
810 1569 900 1611 quod
914 1570 946 1601 in
960 1569 1075 1609 aliquo
1086 1565 1129 1599 est

230 1617 408 1661 perfeetum
424 1640 433 1655 ,
461 1616 599 1650 alterum
622 1624 731 1659 praeter
755 1618 857 1660 ipsum
883 1617 928 1651 est
952 1617 986 1650 in
1010 1627 1077 1659 quo
1099 1627 1132 1649 o-

230 1665 395 1701 stenditur
415 1665 477 1699 esse
492 1667 667 1708 perfectum
685 1691 693 1698 .
720 1666 905 1715 Qomodo
919 1665 1012 1701 nobis
1025 1666 1057 1699 in
1070 1676 1132 1699 tres

233 1716 316 1751 duas
338 1715 459 1749 scidisti
480 1725 609 1749 naturas
625 1717 638 1748 ?
663 1717 731 1751 Dic
752 1718 832 1760 quid
845 1719 883 1751 fit
897 1728 1006 1761 praeter
1019 1716 1132 1750 Deita-

232 1776 303 1800 tem
325 1766 359 1800 ὅ(
383 1764 621 1799 humanitatem
648 1766 787 1801 alterum
808 1766 897 1811 quod
923 1768 956 1801 in
977 1766 1023 1801 eis
1034 1767 1131 1809 perfe-

232 1819 326 1851 fium
347 1815 463 1850 debeat
484 1815 674 1858 speculari?
701 1816 754 1851 Ne
795 1819 936 1852 transeas
971 1816 1060 1861 quod
1087 1815 1132 1849 est

235 1876 333 1901 tuum
354 1890 361 1898 .
390 1865 474 1899 Noli
498 1866 609 1910 fugere
634 1867 880 1902 convictionem
904 1894 911 1901 .
940 1867 1055 1901 Habes
1079 1865 1132 1899 de-

235 1916 512 1952 monstrationem
536 1927 597 1959 prae
623 1917 794 1952 manibus.
821 1918 938 1952 Profer
959 1915 1133 1960 expositio·

237 1978 315 2002 nem
326 1965 558 2010 Capitulorntn
575 1992 582 1998 .
609 1967 757 2002 Ostende
773 1967 850 2002 inde
861 1967 1030 2002 manifeste
1041 1965 1130 2010 quod

238 2017 414 2061 quaeritur,
440 2017 584 2051 clamans
606 2017 778 2052 naturalem
805 2019 840 2053 δε
858 2016 1019 2062 secundum
1038 2015 1134 2060 subfi-

231 2067 374 2108 ftentiam
406 2067 591 2100 unitionem
612 2092 619 2099 .
659 2069 741 2102 Haec
771 2068 831 2102 tibi
858 2069 947 2101 enim
969 2067 1134 2108 objez‘stum

236 2117 371 2151 solvunt
394 2142 400 2147 .
430 2117 513 2149 Haec
531 2116 593 2149 tibi
622 2117 784 2151 aedificant
807 2117 893 2151 circa
926 2116 1135 2150 materiarum

236 2164 376 2201 :modum
411 2175 523 2209 praeter
566 2177 696 2201 naturas
729 2180 770 2202 ex
805 2167 929 2200 naturis
964 2167 1103 2210 figuram
1128 2189 1135 2195 .

236 2218 394 2260 Figuram
409 2238 419 2253 ,
446 2225 517 2258 quae
535 2225 576 2247 ex
600 2217 645 2247 eis
668 2216 703 2249 &
723 2218 781 2254 fit,
807 2217 841 2249 &
862 2217 896 2248 in
913 2215 961 2248 eis
988 2215 1033 2248 est
1057 2225 1138 2246 con·

237 2263 449 2309 templanda.
478 2263 635 2304 Perfec‘lus
659 2289 670 2304 ‚
697 2265 807 2309 inquis
824 2290 833 2305 ‚
860 2263 984 2304 existens
1010 2268 1042 2295 in
1067 2266 1136 2295 Dei-

236 2325 303 2349 tate
327 2340 333 2346 .
371 2317 417 2346 Et
449 2314 605 2355 perfecqus
628 2315 707 2348 idem
742 2313 804 2357 ipse
839 2320 872 2347 in
914 2313 1103 2347 humanitate
1122 2337 1130 2345 .

240 2366 386 2400 Putasne
400 2389 411 2405 ‚
436 2363 600 2398 Perfectus
612 2366 705 2399 Deus
717 2367 831 2399 Sermo
852 2363 1032 2398 secundum
1054 2372 1086 2396 te
1100 2362 1133 2395 in

239 2415 451 2454 Divinitate,
477 2426 518 2447 an
534 2414 643 2458 potitis
655 2415 863 2449 confiteberis
875 2414 1052 2448 secundum
1074 2423 1134 2447 nos

241 2465 429 2498 Divinitate
441 2465 641 2507 perfeetum?
668 2466 712 2499 Et
731 2467 856 2499 rursus:
886 2465 1028 2498 Putasne
1040 2488 1050 2504 ,
1062 2462 1135 2496 Per-

242 2516 343 2548 festus
356 2514 444 2547 idem
467 2515 557 2557 ipse,
584 2527 619 2549 ut
632 2515 762 2559 inquis,
789 2515 825 2550 in
841 2514 1066 2554 humanitate,
1092 2525 1134 2548 an

240 2564 353 2608 potius
366 2565 484 2598 iterum
497 2564 631 2599 credens
645 2565 815 2599 nobiscum
829 2567 1001 2608 perfectum
1023 2565 1136 2598 Deum

241 2615 278 2648 in
303 2613 441 2648 homine
464 2613 633 2657 perfeeto?
661 2617 772 2650 Deum
796 2626 936 2660 namque
960 2615 1136 2649 tantum&

241 2663 415 2698 hominem
447 2663 669 2707 glorificamus
689 2690 697 2697 .
728 2663 825 2699 Nihil
857 2666 993 2699 alterum
1028 2675 1137 2708 praeter

243 2714 351 2747 unitas
363 2716 577 2757 agnoscentes
589 2725 735 2748 naturas.

293 2763 360 2797 Dic
389 2761 467 2796 vero
491 2762 527 2795 &
551 2764 640 2806 quod
664 2765 808 2809 seqnitur
830 2792 836 2798 .
865 2769 910 2797 Et
935 2774 1079 2808 tanquam
1104 2770 1136 2798 in

244 2826 327 2854 una,
354 2813 486 2857 inquit,
508 2811 635 2856 persiana
658 2815 863 2858 intelligendus
877 2841 884 2848 .
908 2817 991 2862 Qae
1014 2815 1059 2850 est
1085 2814 1135 2850 la·-

243 2864 403 2899 trantium
415 2873 506 2897 tanta
520 2865 673 2897 vesania?
700 2865 780 2898 Non
794 2867 882 2900 enim
898 2867 1014 2900 sufficit
1026 2865 1133 2909 ,quod

243 2916 279 2948 in
319 2914 444 2948 naturis
463 2913 633 2949 inducitur
665 2914 791 2958 aliquid
809 2916 944 2951 alterum
970 2943 980 2958 ,
1007 2917 1039 2950 id
1065 2917 1133 2956 est,

243 2976 286 2999 ex
301 2965 470 3004 naturale,
499 2963 532 3000 &
555 2963 733 2998 secundum
758 2965 991 3001 subsistentiam
1014 2967 1132 3000 unitio-

245 3025 288 3048 ne
309 3014 413 3058 figura
435 3014 581 3057 quaedam
599 3027 608 3056 3
634 3015 687 3048 sed
711 3014 789 3048 &in
804 3016 868 3058 ipsa
882 3017 984 3062 figura
996 3018 1130 3051 alterum

244 3062 412 3107 quoddam
435 3064 641 3108 peregrinum
665 3064 697 3098 δε
711 3064 900 3101 inconstans
910 3069 1130 3112 dogmatizat.

243 3117 292 3146 Et
302 3118 472 3153 uttnuna,
499 3114 635 3157 inquit,
658 3113 1021 3161 perfhnaintelltgendus.
1051 3117 1131 3150 Non

244 3163 312 3207 jam
338 3162 426 3197 dixit
451 3173 550 3197 unam
572 3165 787 3208 contemplari
808 3164 924 3201 debere
946 3168 1133 3211 personam,

244 3212 300 3247 sed
316 3213 454 3246 alterum
468 3213 502 3246 in
515 3214 649 3256 persona
664 3215 933 3260 intelligendum.
963 3220 997 3251 Ο
1017 3218 1132 3251 intole-

245 3262 356 3297 rabilis
374 3262 431 3296 ista
445 3263 611 3297 confusio!
639 3265 673 3297 O
696 3264 761 3298 haec
773 3267 1030 3310 contemplantia
1044 3277 1131 3302 natu-

246 3315 378 3348 rarum!
408 3314 472 3347 Sed
497 3324 559 3347 nos
575 3311 661 3348 hanc
672 3314 815 3348 fimiliter
827 3316 1019 3351 insilientem
1033 3318 1131 3361 despi-

244 3362 369 3398 ciamus
392 3363 461 3406 ejus
494 3362 728 3408 blasphemiam
748 3389 756 3398 .
785 3364 998 3402 Intendamus
1033 3369 1130 3408 vcro,

344 3411 455 3446 chrm.
467 3416 545 3456 Lupi
555 3418 653 3457 opera
663 3417 696 3447 T.
712 3418 780 3448 Vn.

1177 264 1382 311 quommodo
1392 273 1522 300 naturas
1533 266 1727 302 Dominicas
1747 270 1958 315 completivas
1976 271 2059 305 filia·

1178 319 1278 352 tionis
1290 316 1439 351 inducat.
1467 316 1557 351 Nam
1569 316 1648 350 dum
1661 320 1832 359 perfectum
1847 322 1999 365 supponit
2020 322 2057 355 in

1178 369 1224 401 eis
1244 368 1382 402 alterum
1404 391 1416 407 ,
1451 366 1630 401 introducit
1658 377 1700 400 ex
1721 368 1767 400 eis
1785 372 2058 414 compositionem

1181 418 1294 451 fastam
1308 442 1320 458 ,
1349 429 1413 461 qua
1427 417 1511 451 filius
1525 416 1743 461 perficeretur.
1774 418 1816 450 Et
1830 419 1886 452 ubi
1906 420 1950 452 est
1963 420 2058 454 inhu-

1181 468 1379 502 manationis
1402 467 1462 501 filii
1483 467 1665 511 perfestio?
1693 465 1769 501 Ubi
1782 468 2059 509 permanfioinde·

1181 519 1262 551 feaa
1276 517 1450 551 filiationis
1470 527 1545 551 ante
1557 517 1667 551 saecula
1683 516 1698 547 2
1726 515 1801 550 Ubi
1814 517 1859 551 est
1874 528 1971 560 quem
1982 530 2060 553 con·

1183 567 1426 601 substantialem
1440 567 1574 601 Parrum
1595 567 1674 601 fides
1685 565 1805 609 absque
1827 567 1999 601 mendacio
2012 568 2063 602 di·-

1183 617 1258 650 xit?
1285 618 1366 651 Non
1388 617 1456 652 fine
1476 619 1596 658 causa,
1622 627 1659 651 ut
1671 616 1832 658 arbitror,
1858 617 1915 661 qui
1928 617 2063 651 vocatia.

1184 677 1215 701 te
1229 668 1301 700 sunt
1315 667 1430 710 vespae,
1460 667 1500 702 de
1511 667 1597 702 coelo
1619 676 1651 701 te
1661 666 1803 702 ominari
1825 677 1955 701 carnem
1977 665 2066 701 dixe-

1185 727 1280 751 runt.
1308 716 1430 750 Namfi
1451 718 1574 752 &caro
1585 718 1698 762 implet
1723 716 1942 757 filiationem,
1968 716 2068 759 perfe-

1185 767 1233 800 ‹sta
1247 766 1324 800 vero
1345 767 1461 800 &ante
1483 767 1660 802 adventum
1685 767 1804 802 filiatio
1827 767 1913 807 fuit,
1941 765 2067 801 necesse

1168 807 1230 849 ¹est
1257 812 1556 860 consempiternam
1588 818 1696 852 dicere
1719 815 1796 852 huic
1820 817 2008 860 perfectioni
2031 816 2068 849 ὅ(

1185 877 1316 899 carnem
1337 891 1343 897 .
1373 867 1684 911 Consempiternam
1713 866 1791 901 vero
1813 867 1924 901 dicens
1951 892 1962 908 ‚
1987 876 2070 900 con-

1186 914 1428 950 substantialem
1450 928 1581 962 quoque
1606 917 1749 951 dicturus
1763 929 1813 951 es.
1845 915 2070 952 Consnbstan-

1185 965 1297 999 tialem
1318 964 1397 1000 vero
1421 965 1556 1007 dicens,
1582 967 1746 1001 coelestem
1771 969 1878 1011 sapere
1894 967 2073 1001 convince-

1186 1016 1246 1049 ris.
1274 1014 1512 1058 Nedespicias.
1541 1016 1622 1050 Non
1635 1017 1679 1050 est
1701 1015 1763 1051 tibi
1775 1017 1877 1051 aculei
1901 1027 1994 1061 parva
2007 1016 2072 1059 pla-

1186 1077 1227 1110 ga
1261 1065 1431 1108 vesparum
1455 1090 1462 1097 .
1489 1065 1678 1109 strangulat
1699 1067 1788 1099 enim
1808 1076 1870 1100 tuae
1894 1067 2075 1110 impietatIS

1187 1116 1317 1155 fauces,
1344 1124 1381 1150 ut
1394 1123 1450 1147 aut
1463 1125 1560 1159 neges
1583 1115 1754 1149 filietatem
1778 1123 1855 1148 ante
1878 1115 2070 1149 inhumana-

1186 1166 1312 1199 tionem
1325 1165 1419 1198 fuiffe
1432 1165 1624 1208 perse-stam,
1652 1172 1708 1198 aut
1726 1162 1793 1198 hoc
1805 1164 1920 1199 volens
1942 1163 2048 1198 dicere
2062 1189 2076 1204 ,

1187 1215 1316 1250 fatearis
1335 1213 1419 1248 illud
1443 1214 1580 1254 nolens,
1605 1214 1695 1258 quod
1718 1225 1849 1248 carnem
1872 1215 1991 1249 sentias
2012 1215 2075 1248 effe

1188 1264 1369 1299 coelestem.
1397 1264 1539 1308 Expedit
1552 1264 1651 1309 porro
1671 1264 1732 1298 tibi
1744 1264 1919 1308 accipienti
1941 1264 2077 1309 plagam

1190 1315 1294 1360 magis
1318 1313 1460 1359 benigne
1498 1315 1653 1359 suscipere
1689 1315 1856 1358 vesparum
1890 1314 2078 1354 doctrinas,

1190 1377 1289 1409 quam
1304 1365 1483 1399 vanitatem
1494 1373 1592 1399 tantae
1604 1365 1782 1408 impietatis
1794 1364 1940 1409 amplecti
1953 1390 1960 1398 .
1988 1364 2079 1397 Reli-

1190 1427 1253 1457 qua
1275 1415 1366 1449 enim
1392 1414 1490 1450 verba
1513 1414 1623 1459 saepius
1649 1416 1756 1449 forsan
1783 1414 1904 1450 dixeris
1930 1414 2082 1459 pietatis.

1191 1466 1225 1500 Si
1245 1463 1322 1500 vero
1335 1465 1540 1508 impudenter
1552 1466 1642 1510 agis,
1669 1466 1701 1499 ὅ(
1714 1464 1876 1500 hoedisce
1893 1490 1904 1506 ,
1929 1465 2081 1508 teipsum

1194 1517 1297 1549 rursus
1320 1515 1353 1548 in
1367 1514 1574 1559 blasphemiis
1595 1526 1842 1560 permanentem
1858 1539 1869 1556 ‚
1896 1514 2084 1550 latrantem-

1192 1577 1261 1610 que
1286 1565 1446 1599 deterius.

1243 1619 1325 1648 Unus
1346 1621 1445 1656 enim,
1473 1615 1582 1660 inquit
1604 1641 1615 1657 ,
1642 1620 1786 1650 Dominus
1800 1617 1898 1661 Jesus
1926 1615 2086 1656 cbristus.

1193 1664 1485 1709 Etfinonignoratur
1496 1666 1668 1706 differentia
1690 1676 1889 1708 naturarum,
1911 1677 1948 1700 ex
1974 1665 2083 1709 quibus

1193 1721 1356 1750 unitionem
1378 1717 1502 1749 dicimus
1525 1715 1707 1757 tneffizbilem
1723 1716 1860 1758 fac‘lam.
1889 1717 2081 1750 Oinsania!

1194 1767 1228 1800 O
1252 1766 1434 1809 insipientia
1455 1769 1461 1800 Ξ
1500 1767 1534 1800 Ο
1559 1767 1659 1802 amari
1687 1767 1721 1800 &
1743 1767 1896 1801 venenosi
1927 1767 2082 1800 latratus:

1194 1815 1380 1863 Qomodo
1402 1815 1497 1849 dulce
1520 1816 1553 1849 ὅ(
1575 1826 1722 1851 amarum
1760 1817 2019 1860 contemperavit
2046 1817 2082 1848 in

1195 1865 1306 1899 idem?
1332 1865 1518 1913 Qomodo
1544 1866 1610 1900 mel
1634 1876 1763 1900 veneno
1788 1866 1990 1909 conjunxit?
2017 1865 2085 1899 Sci-

1195 1926 1290 1955 ωας,
1317 1915 1496 1955 δεάυξὶοῐ,
1522 1915 1612 1959 quod
1638 1927 1722 1950 unus
1744 1916 1782 1950 fit
1802 1917 1972 1951 Dominus
1992 1915 2087 1959 lesus

1195 1964 1364 1999 Christus:
1392 1967 1435 1999 Et
1457 1967 1547 2010 quod
1569 1978 1638 2001 non
1652 1967 1819 2011 ignoretur
1832 1966 2015 2001 differentia
2027 1977 2084 1998 na-

1196 2026 1358 2049 turarum.
1386 2016 1572 2050 Dicautem
1587 2016 1704 2057 nobis,
1734 2017 1812 2059 quid
1827 2016 1888 2050 tibi
1903 2016 1973 2049 vult
1986 2013 2087 2054 illud,

1196 2064 1285 2106 quod
1309 2066 1374 2098 ais:
1403 2067 1457 2097 Ex
1480 2066 1586 2107 quibus
1596 2072 1756 2101 unitionem
1767 2067 1890 2099 dicimus
1903 2064 2087 2106 ineffabilem

1189 2113 1329 2155 fallam.
1358 2112 1413 2146 An
1430 2115 1543 2158 utique
1567 2115 1686 2149 iterum
1711 2114 1819 2155 illud,
1846 2116 1936 2160 quod
1963 2127 2004 2150 ex
2029 2128 2088 2150 na-

1197 2164 1278 2196 turis
1291 2164 1386 2205 plena
1398 2163 1443 2197 est
1455 2165 1571 2197 filiatio
1587 2165 1603 2196 ἒ
1632 2165 1697 2197 Etsi
1712 2165 1802 2197 enim
1815 2166 1944 2199 simulas
1957 2177 2023 2199 non
2037 2166 2085 2200 di-

1197 2223 1268 2245 cere
1292 2223 1381 2245 nunc
1402 2212 1586 2246 unitionem
1613 2211 1815 2252 naturalem,
1843 2214 2086 2249 volensineffa·

1198 2261 1298 2294 bilem
1320 2260 1515 2302 nominare,
1538 2261 1591 2295 sed
1615 2271 1725 2296 tamen
1749 2261 1850 2297 altero
1873 2264 1972 2298 verbo
1995 2264 2082 2298 idem

1196 2310 1408 2353 composuisti
1432 2335 1439 2342 .
1466 2311 1544 2344 Hoc
1567 2312 1638 2355 ipso
1670 2324 1813 2357 namque
1836 2315 1925 2357 quod
1947 2315 2081 2356 dixisti,

1185 2364 1250 2395 *Ex
1273 2361 1404 2403 quibus,
1433 2361 1569 2398 alterum
1585 2363 1689 2397 rursus
1710 2374 1820 2406 praeter
1836 2375 1965 2399 naturas
1987 2366 2083 2409 signi·-

1197 2412 1294 2450 ficas,
1319 2411 1408 2456 quod
1434 2423 1473 2446 ex
1494 2413 1566 2455 ipsis
1577 2413 1643 2446 est.
1673 2413 1777 2448 Vides
1797 2415 2014 2458 quomodoin
2027 2416 2083 2448 eis-

1195 2463 1269 2495 dem
1284 2461 1447 2495 volueris?
1474 2461 1548 2497 Nec
1573 2464 1652 2497 lates
1671 2463 1825 2497 irridens.
1855 2464 1928 2499 Nos
1940 2476 2082 2509 namque

1195 2511 1217 2545 ὸ
1238 2511 1425 2551 Mirabffis,
1453 2524 1519 2547 non
1538 2525 1578 2547 ex
1603 2514 1672 2557 ipsis
1685 2514 1870 2549 unitionem
1886 2515 2025 2550 dicimus
2036 2517 2083 2550 fa-

1194 2564 1297 2602 stam,
1324 2561 1377 2596 sed
1399 2562 1538 2605 ipsarum
1558 2564 1789 2599 tantummodo
1803 2576 1988 2599 naturarum
2001 2577 2080 2600 con·

1196 2613 1326 2646 fitemur
1350 2612 1538 2647 unitionem
1553 2639 1560 2646 .
1590 2614 1643 2647 Sic
1653 2615 1742 2648 enim
1756 2615 1789 2649 ὃς
1802 2616 2082 2659 perfectionem&-

1195 2662 1339 2697 liationis
1351 2688 1361 2704 ,
1389 2674 1458 2706 quae
1478 2663 1523 2697 est
1536 2674 1611 2698 ante
1624 2665 1734 2698 saecula
1748 2690 1759 2705 ‚
1785 2665 1904 2710 absque
1922 2678 2080 2711 repugna-

1191 2714 1285 2754 tione
1298 2713 1523 2758 praedicamus.
1553 2715 1596 2748 Et
1609 2715 1745 2759 gratiam
1758 2738 1769 2754 ,
1788 2727 1858 2759 quae
1870 2715 1966 2750 nobis
1977 2728 2018 2751 ex
2033 2717 2079 2750 in-

1195 2763 1428 2798 humanatione
1456 2763 1577 2798 donata
1597 2765 1642 2798 est
1660 2767 1692 2798 in
1716 2766 1961 2810 glorificatione
1981 2768 2082 2800 servae

1194 2825 1285 2851 mus.
1313 2814 1395 2848 Non
1422 2814 1511 2847 enim
1536 2815 1603 2858 ipse
1628 2814 1770 2859 indiguit
1781 2816 1820 2848 ad
1840 2814 2078 2858 plenitudinem

1195 2865 1362 2898 filiationis
1386 2863 1536 2907 primitiis
1562 2863 1697 2904 nostris,
1728 2864 1779 2897 sed
1806 2875 1865 2898 nos
1889 2864 2077 2909 indigentes

1194 2916 1406 2958 adoptionem
1419 2914 1511 2958 digni
1527 2915 1599 2948 faeti
1619 2915 1727 2948 sumus
1738 2913 1778 2948 ab
1788 2913 1857 2957 ejus
1873 2926 1970 2949 carne
1982 2916 2078 2950 susci-

1193 2976 1282 3009 pere.

1243 3015 1297 3050 Ad
1311 3015 1458 3060 praedista
1483 3015 1516 3049 &
1537 3014 1617 3049 illud
1631 3016 1747 3059 pariter
1769 3015 1935 3050 videamus
1949 3040 1958 3056 ,
1985 3016 2076 3059 quod

1194 3079 1261 3101 non
1285 3066 1390 3101 solum
1404 3066 1632 3107 capitulorum
1657 3067 1814 3109 impietati
1835 3065 1902 3100 haec
1927 3066 2075 3109 Epistola

1193 3118 1350 3151 convenit
1372 3142 1383 3158 ,
1408 3114 1593 3154 sedetiam,
1620 3117 1700 3149 sicut
1713 3115 2010 3159 diximuspddem,
2038 3117 2074 3151 &

1194 3167 1264 3201 illas
1277 3178 1390 3206 voces,
1417 3177 1495 3209 quas
1507 3167 1618 3199 Sacras
1640 3167 1792 3207 vocavit,
1816 3167 1950 3200 evertit.
1981 3165 2073 3200 Audi

1192 3219 1279 3252 enim
1295 3218 1403 3251 Deum
1420 3217 1593 3258 perfeetum
1609 3240 1619 3256 ,
1633 3215 1868 3261 hominemque
1881 3217 2073 3259 perfeetum.

1193 3266 1372 3302 Perfectum
1393 3265 1411 3299 ὲ
1432 3265 1597 3300 contrario
1621 3267 1804 3310 praedicavit
1831 3291 1843 3307 ,
1868 3266 2072 3300 verifimilem

1194 3318 1411 3351 seductionem
1427 3326 1659 3355 commutans,
1686 3329 1722 3350 ac
1739 3317 1867 3351 dicens:
1895 3321 1932 3349 In
1943 3319 2071 3348 Divini-

1193 3375 1255 3401 tate
1266 3366 1432 3411 persed'um
1445 3390 1455 3406 ,
1482 3367 1517 3400 (5
1541 3373 1574 3399 in
1596 3366 1783 3404 humanitate
1798 3366 1964 3410 perfeHum
1993 3389 1999 3395 .
2027 3365 2072 3399 Et·

1565 3416 1601 3449 H
1627 3418 1649 3450 h
1701 3428 1720 3467 3
1917 3413 2021 3449 rursus
