2320 3730
343 190 443 238 282

689 188 1026 236 VARIORUM
1063 183 1308 227 Paruum
1345 180 1667 245 Entsrotzr,
1717 201 1724 210 ·

326 271 373 308 Et
384 268 463 315 quid
479 276 629 314 oporteat
641 269 782 314 amplius
793 270 827 304 in
839 270 970 317 gurgite
989 264 1163 299 conversa-
1224 261 1298 299 istas
1317 273 1524 309 nequaquam
1545 266 1617 300 effe.
1629 268 1857 310 poenitentiam
1870 293 1881 311 ,
1906 269 1959 305 sed
1970 269 2113 305 manife-

276 324 323 364 ri,
349 321 407 365 qui
421 320 551 357 forsitan
564 331 625 357 nec
637 319 679 357 de
689 319 742 359 his
752 319 983 365 quodcumque
995 315 1162 351 dixissem,

1223 312 1303 347 stam
1316 324 1432 351 contra
1451 325 1569 350 omnes
1579 315 1765 352 orientales
1776 319 1956 364 Episcopos
1976 321 2111 356 insulta-

275 372 334 408 nifi
346 381 403 407 tua
413 382 467 405 me
479 370 685 416 Re1·giofitas
695 380 753 416 per
762 370 831 403 suas
847 367 971 401 litteras
981 364 1163 400 excitasset?
1222 363 1370 404 tionem,
1396 364 1537 409 ideoque
1548 364 1607 399 fibi
1620 363 1684 400 effe
1701 366 1828 401 summo
1838 368 1918 403 odio
1930 395 1939 403 ,

275 421 368 471 Qid
379 420 470 458 enim
490 421 535 455 mi
564 423 765 456 icomrnune
776 417 816 450 fit
838 414 880 451 ad
889 412 1136 452 discernendum
1149 437 1160 456 ,

273 472 346 517 quis
367 470 443 508 vere
462 496 473 514 ,
498 469 739 508 mendaciterve
772 467 931 511 poeniteat
954 490 965 506 ‚
990 466 1047 510 qui
1072 464 1159 508 apud

272 522 502 567 memetipsum
516 521 648 565 quiesco
661 542 672 560 ,
700 519 735 552 δι
745 528 782 552 ea
794 528 865 561 quae
877 516 922 552 ait
935 515 1045 552 David
1057 539 1068 554 ‚
1081 525 1159 550 cum

270 572 440 618 voluptate
453 571 620 615 proclamo
632 583 644 607 .-
671 571 824 613 ‚Quom'am
847 577 880 604 tu
893 570 1018 601 Domine
1030 564 1161 611 fingula-.

220 660 223 662 ,
268 627 344 659 riter
364 629 396 657 in
414 621 467 667 spe
486 619 652 663 constitum
674 619 744 654 me?
770 618 847 662 Ego
870 618 972 663 igitur
988 618 1132 652 semelen
1145 641 1157 659 ,

267 684 339 718 qua:
349 673 389 711 ad
402 683 456 706 me
470 671 638 713 attinent,
666 669 743 703 Deo
754 669 1016 709 commendans,
1043 667 1156 713 impie-

264 725 342 762 tatis
373 721 470 765 hujus
491 731 614 757 vanum
633 718 780 755 laborem
807 718 944 756 derideo
966 743 978 760 ,
1014 718 1156 762 recipere

263 772 351 810 hanc
360 773 380 806 a
393 771 518 808 Divina
527 769 662 807 dextera
673 769 834 807 sustinens
845 770 876 806 ei
889 770 906 805 a
919 781 972 807 me
990 779 1154 805 commen-

262 823 373 858 datam
393 821 506 866 spem,
533 831 602 865 quae
630 830 730 858 voces
751 820 827 859 illas
854 831 923 856 non
947 817 1058 858 audit,
1083 829 1155 863 quae

261 870 340 909 inde
353 869 567 909 ineffabiliter
579 870 778 908 emittuntur
794 882 802 907 ς
830 872 915 915 ,Quia
925 871 1022 907 nullus
1037 881 1089 907 eas
1106 880 1154 904 ra·

255 927 308 967 pit
328 922 367 958 de
391 920 531 958 manibus
554 926 629 958 mete
653 945 663 959 .
697 919 830 959 Gratias
854 919 930 958 vero
951 932 1017 966 ago
1037 944 1048 960 ,
1076 920 1154 955 Deo

258 971 381 1008 Amice
392 995 405 1013 ,
430 970 660 1010 misericordia
675 980 737 1006 tuae
746 993 758 1011 ‚
767 982 838 1015 quae
849 971 1028 1010 secundum
1039 970 1151 1007 Deum

259 1021 390 1060 tantum
410 1022 499 1060 circa
517 1032 580 1059 nos
601 1020 700 1059 habet
710 1022 885 1064 affatum,
911 1033 1010 1067 quem
1031 1022 1153 1064 semper

257 1082 427 1109 narramus
449 1072 484 1111 ὅ(
504 1071 602 1111 aliis,
631 1072 694 1119 qui„
711 1071 846 1115 culpant
867 1071 954 1108 forte
963 1069 1088 1117 aliquid
1109 1079 1149 1103 ex

256 1122 451 1167 ignotantiae
474 1120 614 1160 falsitate
635 1145 644 1156 .
684 1119 779 1159 Absit
800 1121 891 1156 enim
909 1145 922 1161 ,
958 1129 997 1157 ut
1018 1116 1151 1155 tantum

254 1172 342 1216 apud
357 1183 418 1209 nos
443 1170 550 1207 valete
563 1180 710 1213 unquam
723 1169 820 1215 potiit
838 1168 971 1207 oblivio
981 1193 993 1210 ‚
1018 1177 1055 1205 ut
1066 1167 1150 1204 obli-

160 1217 185 1241 *
253 1222 414 1261 viscamut
427 1219 484 1258 illa
497 1219 677 1258 certamina
687 1244 698 1261 ,
725 1230 796 1264 quae
806 1230 867 1263 pto
877 1221 961 1258 resta
973 1218 1039 1257 fide
1059 1217 1078 1255 ὲ
1092 1228 1148 1253 tua

251 1270 490 1317 Religiofitatss
509 1263 719 1317 sunt'gestass
747 1269 882 1317 Quibus
903 1270 938 1309 ἀ
966 1269 1149 1307 donaturus

251 1322 299 1357 est
329 1321 445 1371 utique
464 1321 626 1359 omnium·
643 1321 812 1358 Dominus
831 1331 873 1358 ex
885 1321 1027 1359 victoriis
1038 1320 1148 1357 adver·

250 1371 520 1418 susimpietatem,
531 1371 565 1410 δε
578 1370 633 1410 hic
645 1370 727 1410 &in
740 1373 854 1409 futuro
864 1383 1035 1410 coronam.
1063 1370 1144 1406 Non

249 1424 343 1462 enim
353 1422 401 1460 est
412 1423 545 1467 piorum
559 1422 726 1460 Patronus
738 1421 891 1460 Christus
903 1423 1066 1459 infirmior
1087 1420 1145 1455 Pa·

249 1480 351 1511 trono
364 1471 543 1517 impiorum
554 1472 723 1511 Diabolo.
752 1474 926 1514 Omnem,
953 1483 1026 1516 quae
1035 1480 1145 1508 tecum

248 1521 296 1555 est
317 1547 328 1563 ,
354 1519 607 1558 Fraternitatem
620 1533 695 1569 ego
713 1547 725 1566 a
753 1523 790 1562 ὃς
813 1523 873 1571 qui
894 1533 1026 1563 mecum
1048 1521 1146 1563 sunt,

250 1571 430 1620 plurimum
440 1573 621 1609 salutamus
631 1597 641 1609 2

1272 413 1470 450 Scholiastes
1485 415 1530 450 est
1551 413 1693 459 ejusdem
1713 416 1852 452 mentis.
1877 418 1972 455 Hinc
1992 421 2111 466 episto-

1220 464 1287 499 lam
1311 465 1437 501 invadit
1459 465 1572 501 multis
1591 465 1734 501 dicteriis
1757 491 1764 498 .
1794 465 1837 500 Et
1864 467 1970 510 primo
1987 496 1999 512 ,
2024 472 2112 507 rodit

1219 513 1286 551 haee
1304 516 1372 560 ejus
1394 516 1511 552 verba:
1540 518 1626 561 ‚Quia
1642 515 1832 561 supervacua
1851 521 1971 552 omnino
1987 522 2114 564 einp.

1214 573 1344 610 portiana
1354 566 1549 611 Ecclefiarum
1571 565 1814 611 disbordtafada
1832 567 1888 610 est,
1901 569 1958 603 &a
1984 570 2038 604 Est
2050 572 2114 606 alia

1217 616 1360 662 epistolae
1371 618 1559 653 translatio.
1588 617 1723 652 Etenim
1736 618 1866 665 vulgata
1889 619 2060 656 translatio
2069 620 2114 656 stc

1218 665 1318 702 habet
1346 681 1354 702 :
1392 670 1488 713 ,Quod
1508 671 1580 704 verb
1603 667 1797 712 Ecclefiarum
1821 668 1947 713 diffenfio
1960 667 2114 715 superflua

1212 716 1334 762 prorsits
1356 743 1367 759 ‚
1395 721 1431 753 Θ·
1465 725 1542 753 citra
1567 720 1661 754 ullam
1679 719 1792 761 ,iustam
1814 717 1933 763 causam
1953 723 2114 761 acciderit,

1216 769 1251 802 id
1268 779 1307 802 ex
1328 768 1469 810 charta,
1492 782 1586 814 quam
1612 774 1760 805 Dominus
1782 781 1864 804 meus
1886 770 2113 815 Religiofiffimus

1217 818 1383 863 Episcopus
1410 820 1526 855 Paulus
1551 831 1631 855 nunc
1647 822 1772 862 attulit,
1798 822 1957 855 evidenter
1974 819 2115 866 cognosci·

1215 880 1282 903 mus
1311 894 1322 910 ‚
1348 882 1416 914 quae
1443 869 1725 914 irreprebenfibtlem
1744 876 1872 906 continet
1887 869 1961 914 fidet
1979 870 2116 912 confeffio-

1215 930 1282 956 nem
1293 942 1306 959 ‚
1329 932 1452 964 eamque
1469 932 1535 955 cum
1556 923 1578 955 ἃ
1602 930 1657 956 tua
1666 920 1833 956 sanaitate
1845 945 1856 962 ‚
1882 930 1948 955 tum
1967 923 2114 955 acaetms

1215 980 1329 1013 quoque
1352 970 1569 1017 Religiofiffimts
1601 970 1758 1014 Epist-opis
1782 995 1793 1012 ,
1819 977 1871 1014 qui
1893 972 1954 1005 illic
1981 973 2115 1016 aeguum

1214 1019 1402 1063 cmpofiram
1427 1020 1584 1064 afferebat.
1619 1021 1703 1056 Haec
1721 1022 1837 1055 omnia
1857 1023 1953 1056 verba
1965 1021 2114 1056 Scholia·

1214 1068 1275 1106 stes
1295 1070 1425 1114 peffime
1436 1070 1563 1106 invadit
1575 1094 1587 1111 ,
1612 1071 1647 1106 &
1659 1070 1792 1106 tandem
1810 1071 1982 1106 concludit
1994 1076 2017 1107 .·’
2032 1073 2114 1115 ,Quo-

1213 1120 1300 1154 modo
1319 1125 1413 1164 igitur·
1438 1120 1555 1162 aliquis
1579 1119 1763 1162 Infitltantts
1784 1145 1795 1160 ,
1829 1120 1914 1163 quafi
1932 1121 1994 1165 lpse
2014 1127 2112 1165 magis

1212 1173 1361 1213 ignoverit
1375 1192 1386 1210 ,
1407 1173 1612 1211 pervicaciam
1627 1176 1718 1211 putet
1741 1175 1954 1211 paenitentiam
1973 1173 1987 1205 ‚²
2015 1170 2115 1205 Affir-

1215 1229 1284 1255 mat
1304 1219 1370 1254 effe
1394 1217 1636 1255 Poenitentiam
1659 1218 1758 1254 talem
1778 1240 1791 1260 ,
1817 1220 1950 1265 qualem
1971 1221 2006 1255 &
2027 1221 2114 1255 Esau

1213 1266 1351 1311 habuit,
1377 1278 1449 1315 quae
1470 1279 1549 1304 eum
1572 1293 1584 1311 ‚
1600 1279 1708 1313 quem
1729 1268 1905 1305 correxisse
1921 1269 2113 1312 videbatur,

1212 1319 1354 1365 graviter
1377 1319 1552 1356 accusabat
1571 1332 1583 1354 .·
1611 1319 1686 1355 Effe
1707 1320 1958 1364 poenitentiam,
1981 1332 2053 1363 quae
2071 1321 2114 1356 do

1213 1368 1367 1414 operibus
1379 1369 1475 1406 malis
1486 1392 1499 1409 ,
1521 1370 1608 1414 quasi
1629 1368 1671 1405 de
1683 1370 1780 1405 bonis
1790 1369 1942 1406 insultet.
1970 1371 2054 1417 Qae
2065 1372 2115 1404 in·

1213 1419 1309 1456 sultet
1330 1419 1690 1456 cunctisOrientalibus
1710 1419 1907 1466 Episcopis‚
1932 1422 2021 1463 quasi
2046 1419 2115 1455 illis

1212 1470 1341 1506 dederit
1368 1480 1571 1514 patratorum
1600 1469 1718 1515 Ephesi
1736 1479 1943 1514 peccatorum
1961 1469 2113 1506 veniam.

1215 1521 1257 1556 Et
1268 1520 1378 1555 revera
1390 1522 1524 1557 Sanstus
1547 1520 1694 1565 Cyrillus
1722 1520 1857 1556 dederat
1878 1519 1945 1555 illis
1961 1521 2113 1555 veniamt

1215 1570 1263 1605 At
1283 1569 1378 1604 istam
1402 1570 1549 1605 lucidam
1574 1570 1745 1604 veritatem
1771 1571 1925 1614 superbus
1944 1570 2055 1605 lrenaei
2077 1570 2115 1605 ἀ

1213 1619 1463 1663 symmistarum
1501 1617 1692 1654 stomachus
1715 1630 1783 1654 non
1805 1629 1935 1665 poterat
1950 1619 2113 1665 digerere.

1143 1680 1147 1686 ·
1214 1669 1360 1707 Volebat
1371 1669 1503 1714 Cyrillo
1513 1667 1637 1704 dedifl'e
1649 1669 1780 1705 veniam
1791 1683 1800 1703 ε
1826 1670 1872 1704 Et
1881 1669 1997 1705 exista
2006 1668 2115 1714 gloria

451 1724 953 1775 Scu'otro'u.

365 1874 417 1911 Ac
427 1873 470 1910 de
481 1872 684 1909 Poenitentia
697 1874 832 1909 Sanetus
844 1873 995 1917 Cyrillus
1008 1871 1079 1917 post
1092 1871 1150 1907 ini—

388 1936 457 1961 tam
468 1936 582 1969 pacem
595 1924 717 1969 scripsit
726 1924 768 1959 ad
784 1925 945 1958 Acacium
959 1923 1151 1957 Melitinen·

250 1979 322 2012 sem
339 1977 542 2019 Episcopum
555 1987 566 2007 .-
592 1976 626 2006 ,Π
646 1985 709 2017 qua
720 1973 857 2015 Epistola
868 1976 892 2006 ,ἁ
913 1972 1087 2016 quibusdam
1098 1979 1154 2006 clr-

253 2025 441 2067 eumferatur
450 2047 462 2064 ,
487 2031 646 2065 tamquam
656 2027 677 2057 ὰ
689 2035 736 2056 me
746 2024 784 2056 de
794 2025 835 2056 tis
851 2046 861 2061 ,
887 2035 956 2064 quae
966 2021 1080 2063 Ephesi
1083 2023 1151 2054 atla

250 2076 345 2122 sunt,
362 2076 436 2116 jam
458 2073 598 2113 dolente,
622 2082 658 2104 ac
676 2071 890 2113 poenttentiam
912 2079 1018 2114 agente
1025 2069 1150 2112 persi-n-

250 2127 333 2171 pta,
356 2125 441 2159 &td
459 2133 571 2166 quoque
591 2129 797 2155 contemnatur
810 2145 818 2153 .
845 2124 933 2154 Nam
951 2124 1152 2164 pergratiam

255 2177 428 2211 salvatoris
444 2172 534 2213 nostri
546 2194 558 2210 ,
577 2170 660 2214 sana
668 2179 767 2203 mente
773 2169 881 2213 sumus
891 2183 904 2203 .-
931 2175 1043 2211 Neque
1063 2175 1152 2204 ratio-

254 2233 305 2262 nis
317 2224 372 2269 usu
391 2222 558 2256 excidimus
583 2243 591 2251 .
619 2219 772 2265 Qidam
793 2218 966 2258 Nestorii,
991 2227 1048 2252 aut
1067 2218 1155 2252 certe

252 2273 437 2312 Orientalis
457 2279 572 2306 contra
591 2266 791 2312 Ephefinam
801 2266 977 2311 Synodum
988 2267 1155 2302 Faffionis

253 2325 502 2370 impoenitentes
520 2320 742 2360 Defensores,
767 2328 810 2352 ne
830 2317 918 2362 apud
938 2316 1061 2351 Mundi
1085 2318 1155 2363 glo·

255 2378 340 2412 riam
351 2374 540 2409 viderentur
551 2369 637 2405 male
646 2370 746 2415 egiffe
756 2393 769 2410 ,
794 2378 852 2403 aut
862 2368 957 2403 causa
978 2367 1129 2402 cecidisse
1144 2392 1155 2409 ‚

257 2426 443 2472 sparserunt
452 2420 618 2465 Cyrillum
630 2420 672 2455 ad
683 2417 904 2454 obtinendam
926 2428 1040 2463 pacem
1053 2417 1156 2461 poeni-

255 2477 374 2517 tuisse,
401 2486 439 2510 ac
458 2471 592 2511 edidisse
614 2469 782 2506 Libellum
805 2468 1025 2513 poenitentiae.
1053 2469 1156 2503 Fama

257 2527 323 2564 fuit
342 2524 426 2561 adeo
450 2522 605 2566 constans
623 2544 644 2561 ,.
659 2531 699 2556 ut
720 2519 867 2563 Cyrillus
899 2518 1073 2554 crediderit
1100 2518 1158 2553 ali-

258 2588 360 2623 quam
381 2575 441 2611 sub
461 2576 523 2609 suo
549 2571 686 2614 nomine
707 2569 1007 2604 fictamrambulare
1026 2569 1159 2614 Episto-

258 2629 348 2663 lam:
376 2627 422 2660 Et
442 2623 596 2660 adversus
613 2620 707 2655 illam
717 2618 862 2653 munivit
883 2619 1064 2653 Acacium.
1092 2618 1156 2653 Ve-

260 2679 335 2714 rum
346 2676 411 2711 fuit
423 2675 578 2716 deceptus
588 2696 596 2704 .
622 2670 794 2705 Clamores
806 2668 860 2703 isti
869 2669 1136 2705 Pacificatoriam
1147 2694 1157 2711 ,

260 2727 282 2764 ὶ
292 2726 401 2761 Paulo
414 2724 578 2758 Emeseno
590 2719 722 2755 relatam
734 2744 746 2760 ,
770 2719 955 2764 Epistolam
975 2719 1158 2754 clamarunt

264 2774 330 2813 effe
342 2774 490 2810 libellum
511 2770 730 2818 poenitentiae.
758 2771 865 2804 Lucet
882 2782 924 2804 ex
935 2771 1079 2814 praesenti
1099 2772 1158 2805 lre·

262 2827 327 2864 τιεί
347 2826 385 2861 in
406 2825 509 2870 ipsam
532 2819 685 2857 Scholio.
713 2819 790 2863 Ipso
810 2820 901 2855 enim
925 2820 1053 2857 invadit
1065 2821 1158 2855 istam

265 2876 455 2921 epistolam.
482 2871 647 2909 Existimo
667 2870 732 2906 effe
750 2870 818 2913 ejus
843 2870 1004 2907 Scholion
1019 2897 1027 2904 .
1056 2871 1158 2906 Atta-

264 2938 343 2963 men
358 2938 427 2961 non
441 2922 538 2969 plene
547 2921 694 2958 constat,
721 2920 858 2956 Etenim
881 2919 947 2955 haec
959 2922 1073 2956 Tituli
1095 2933 1162 2957 ver·

263 2979 304 3013 ba
319 2991 330 3012 ε
358 2981 411 3011 Ea
422 2987 491 3019 quae
505 2971 647 3017 rescripta
660 2970 736 3015 sunt
750 2971 795 3004 ad
804 2970 987 3013 Prophetam
1002 2996 1014 3012 ,
1039 2973 1078 3006 de
1103 2984 1159 3014 ea,

265 3039 333 3071 quae
345 3029 452 3061 dicitur
462 3028 585 3070 Egypm
590 3026 772 3066 penitentia
784 3046 797 3063 ,
823 3021 989 3056 insinuant
1006 3022 1070 3057 esse
1083 3022 1160 3057 alte-

264 3078 350 3112 rius.
377 3076 555 3122 Sequentia
576 3073 691 3116 verba;
720 3073 774 3107 Vel
786 3070 816 3114 Ιῐ
836 3082 942 3106 veram
960 3078 1028 3115 quis
1046 3080 1155 3115 putet,

268 3126 451 3168 velficiam,
476 3137 546 3161 non
556 3124 712 3160 dubitant
733 3122 777 3158 de
798 3123 950 3163 austere,
975 3122 1028 3156 sed
1052 3122 1094 3157 de
1109 3133 1160 3157 au-

267 3176 364 3211 &oris
383 3185 494 3210 mente
514 3201 522 3208 .
560 3174 702 3210 Istorum
719 3172 812 3208 enim
833 3172 1035 3208 Clamonum
1057 3172 1159 3217 aliqui

268 3224 474 3260 affirmabant
484 3225 652 3268 Cyrillum
669 3223 745 3259 vere
766 3235 805 3258 ac
815 3234 861 3258 ex
882 3223 1009 3267 pectore
1022 3247 1033 3263 ,
1055 3223 1158 3268 aliqui

268 3274 398 3320 aiebant
408 3275 520 3309 dolose
528 3298 540 3315 ‚
560 3285 599 3309 ac
609 3274 678 3308 sola
687 3275 802 3319 lingua
811 3283 868 3318 per
879 3274 955 3308 istas
966 3273 1090 3308 litteras
1097 3284 1160 3317 poe-

270 3325 404 3361 nituisse
424 3349 434 3358 .
461 3323 598 3358 lrenaeus
615 3347 628 3364 ,
663 3323 868 3359 indubitatus
891 3323 1005 3358 Tituli
1032 3322 1159 3359 Auctor

270 3374 356 3415 ridet
365 3373 450 3414 istud
460 3372 616 3411 dubium.
643 3372 843 3410 Constanter
861 3374 1014 3414 asseverat
1036 3373 1160 3411 litteras

1213 1720 1299 1767 apud
1316 1730 1451 1756 omnem
1462 1719 1632 1753 Mundum
1644 1720 1771 1754 fumare
1782 1743 1791 1752 .

1264 1769 1464 1806 Scholiastes
1475 1767 1618 1804 secundo
1630 1769 1769 1804 affirmat
1782 1767 1869 1804 hanc
1882 1767 2115 1813 poenitentlam

1215 1832 1285 1855 non
1307 1821 1480 1855 dumtaxat
1505 1820 1568 1855 effe
1592 1819 1707 1856 falsam
1723 1844 1735 1860 ,
1760 1831 1799 1854 ac
1823 1819 2114 1863 insultabundam5

1216 1870 1269 1906 sed
1282 1871 1382 1906 etiam
1394 1870 1604 1915 pertinaciter
1623 1869 1781 1915 persistere
1792 1869 1827 1904 in
1852 1870 1919 1904 suis
1933 1869 2115 1909 erroribus,

1216 1921 1339 1956 Omnis
1349 1931 1467 1956 contra
1481 1921 1634 1956 Sanctum
1646 1921 1813 1964 Cyrillum
1836 1919 2004 1955 calumnia
2023 1929 2115 1960 erata

1216 1971 1306 2014 quod
1329 1971 1399 2015 ejus
1421 1971 1576 2015 Capitula
1596 1971 1805 2006 continerent
1827 1982 1867 2005 ac
1889 1970 2115 2006 resuscitarent

1218 2021 1467 2063 Apollinarium
1483 2046 1490 2054 .
1517 2020 1716 2057 scholiastes
1726 2021 1865 2055 affirmat
1873 2019 1989 2056 eadem
2000 2018 2116 2055 omnia

1215 2070 1379 2102 contineri
1404 2071 1438 2102 in
1461 2070 1689 2103 Pacificatoria
1701 2071 1839 2110 epistola
1854 2094 1861 2101 .
1888 2069 2116 2112 Omnemejns

1217 2117 1422 2163 Apologiam
1442 2119 1505 2151 effe
1515 2117 1664 2152 dolosam
1677 2144 1685 2151 .
1714 2117 1758 2150 Et
1771 2118 1993 2151 demonstrare
2003 2123 2111 2152 tentat

1218 2179 1272 2211 per
1285 2168 1392 2203 varios
1414 2167 1571 2202 articulos
1585 2192 1593 2199 .
1621 2168 1752 2201 Primus
1771 2167 1818 2201 est
1841 2167 1878 2201 in
1899 2166 1953 2201 his
1964 2166 2116 2211 Epistolae

1217 2215 1338 2252 Verbis
1352 2230 1363 2250 .·
1389 2219 1421 2250 si
1438 2216 1477 2249 de
1500 2217 1602 2257 calo,
1629 2218 1664 2250 δ’
1689 2227 1748 2249 non
1763 2227 1803 2250 ex
1829 2221 1953 2260 Virgine
1973 2216 2117 2258 Sandan

1217 2270 1336 2308 Corpus
1347 2267 1477 2299 dictmus
1482 2264 1606 2307 fadum
1619 2291 1630 2307 ‚
1659 2267 1801 2309 quomoda
1817 2268 1890 2307 jam
1901 2270 1960 2301 Det
1972 2271 2114 2302 Gemma

1218 2316 1418 2360 intelligitur?
1445 2315 1625 2349 Estlucida
1640 2314 1892 2351 demonstratio.
1919 2316 2116 2352 scholiastes

1218 2363 1436 2401 nihilominus
1447 2365 1588 2400 affirmat
1602 2367 1664 2400 effe
1674 2377 1774 2400 voces
1784 2366 1985 2409 insensatas,-
2009 2378 2048 2401 ac
2056 2366 2116 2402 fibi

1218 2416 1365 2451 invicem
1380 2427 1448 2450 non
1461 2414 1622 2450 cohaerere
1632 2440 1640 2447 .
1667 2415 1789 2450 Censet
1799 2418 1888 2451 enim
1900 2439 1912 2456 ,
1937 2417 2118 2460 qoodSan-

1219 2469 1287 2502 &us
1311 2466 1458 2510 Cyrillus
1480 2465 1582 2509 ipsam
1607 2465 1712 2500 Verbi
1736 2465 1957 2501 Divinitatem
1978 2466 2118 2502 affirmet

1219 2527 1332 2552 natam
1352 2516 1395 2551 de
1418 2516 1580 2561 Virgine,
1608 2515 1748 2559 ideoque
1763 2516 1842 2550 inde
1861 2527 1929 2551 non
1951 2517 2037 2560 sequi
2060 2528 2118 2551 na-

1220 2578 1288 2603 tam
1309 2567 1456 2611 &ipsam
1479 2577 1632 2600 carnem.
1657 2567 1706 2600 At
1727 2565 1788 2600 iste
1811 2567 1920 2601 sensus
1946 2566 1994 2602 est
2016 2565 2115 2601 hebes

1219 2618 1423 2653 &insensata
1442 2614 1607 2650 calumnia
1618 2639 1626 2648 .

1270 2665 1439 2702 Secundus
1461 2663 1631 2698 Articulus
1652 2665 1727 2698 sunt
1750 2662 1819 2699 haec
1842 2663 1958 2700 verba:
1987 2667 2116 2710 Quem,

1222 2718 1336 2753 Deum
1355 2714 1505 2752 Verbum
1518 2738 1529 2755 ,
1555 2719 1672 2747 omnino
1693 2725 1751 2747 non
1766 2719 1886 2756 peperit
1897 2728 1912 2756 ‚·
1938 2715 1997 2759 mfi
2009 2726 2117 2750 verum

1215 2767 1256 2812 fit
1281 2792 1293 2810 ,
1317 2767 1398 2810 quod
1431 2765 1616 2798 Emmanuel
1631 2769 1774 2808 genuerit
1794 2762 1958 2808 secundum
1976 2776 2115 2799 carnem.

1222 2817 1415 2854 Scholiasta
1436 2815 1603 2859 Cyrillum
1633 2815 1717 2849 circa
1740 2825 1856 2849 uocem
1872 2840 1883 2856 ,
1909 2817 2094 2849 Emmanuel
2101 2840 2115 2856 ,

1222 2868 1329 2915 arguit
1353 2865 1581 2902 inconstantiae
1617 2865 1651 2900 δε
1669 2865 1944 2900 contradictionis
1966 2878 1974 2898 ε
2007 2865 2116 2913 Qod

1223 2921 1325 2965 ipsam
1347 2927 1435 2952 nunc
1457 2916 1680 2957 Divinitatis‚
1708 2926 1798 2950 nunc
1818 2914 1908 2949 dicat
1928 2915 2116 2960 significati-

1223 2980 1297 3005 vam
1309 2966 1535 3003 Humanitatis
1547 2992 1554 2999 .
1581 2965 1736 3002 Secundo
1746 2990 1756 3007 ‚
1782 2965 1872 3010 quod
1884 2966 2041 3000 omnium
2061 2976 2118 3002 au-

1223 3021 1312 3055 ribus
1330 3018 1583 3052 immurmurans
1595 3016 1834 3062 Digniffimum
1851 3017 1954 3051 Sacrae
1964 3016 2116 3062 Virginis

1222 3070 1381 3106 Titulum
1392 3068 1455 3103 effe
1475 3071 1634 3111 Detparae,
1660 3066 1904 3111 ideoqueillam
1923 3067 1987 3101 esse
1997 3067 2117 3109 semper

1222 3118 1484 3160 eodonandam,
1511 3118 1576 3162 jam
1586 3118 1714 3154 recedat
1724 3117 1767 3152 ab
1777 3117 1833 3151 illa
1845 3118 1982 3162 regula,
2005 3117 2117 3151 dicens

1223 3172 1324 3217 ipsam
1343 3170 1407 3205 effe
1428 3179 1565 3204 matrem
1588 3168 1814 3203 Emmanuelis
1837 3167 2017 3202 secundum
2036 3166 2118 3201 Can-
2178 3190 2181 3192 »

1223 3233 1315 3257 nem.
1342 3220 1447 3269 Qod
1459 3218 1608 3264 probaret
1632 3229 1730 3254 voces
1752 3218 2117 3268 fibi-metipsisfontta·

1222 3273 1285 3307 rias
1296 3298 1304 3305 .
1329 3271 1414 3320 Qae
1424 3271 1471 3306 est
1479 3269 1716 3306 demonstratio
1733 3268 1926 3303 dementiae.
1953 3268 1998 3302 Et
2010 3264 2112 3302 muira

1221 3322 1259 3359 in
1270 3322 1367 3357 istum
1383 3322 1518 3365 scopum
1530 3319 1757 3365 conglomerat
1771 3343 1779 3352 .
1805 3317 1960 3364 Imperita
1979 3313 2113 3352 &mili-

1220 3384 1289 3421 gna
1308 3396 1316 3406 .
1344 3372 1402 3408 Est
1424 3372 1511 3408 foeda
1537 3369 1707 3408 cavillatio
1730 3395 1739 3404 .
1763 3369 1851 3420 Qis
1878 3363 2112 3450 enivngczenstiat
