<?xml version="1.0" encoding="UTF-8"?>
<!DOCTYPE html PUBLIC "-//W3C//DTD XHTML 1.0 Transitional//EN"
    "http://www.w3.org/TR/xhtml1/DTD/xhtml1-transitional.dtd">
<html xmlns="http://www.w3.org/1999/xhtml" xml:lang="en" lang="en">
 <head>
  <title>
</title>
<meta http-equiv="Content-Type" content="text/html;charset=utf-8" />
  <meta name='ocr-system' content='tesseract 3.04.00' />
  <meta name='ocr-capabilities' content='ocr_page ocr_carea ocr_par ocr_line ocrx_word'/>
</head>
<body>
  <div class='ocr_page' id='page_1' title='image "./operaomniastudio07lupuuoft/operaomniastudio07lupuuoft_0357.png"; bbox 0 0 2320 3730; ppageno 0'>
   <div class='ocr_carea' id='block_1_1' title="bbox 571 185 1640 250">
    <p class='ocr_par' dir='ltr' id='par_1_1' title="bbox 571 185 1640 250">
     <span class='ocr_line' id='line_1_1' title="bbox 571 185 1640 250; baseline -0.027 -4"><span class='ocrx_word' id='word_1_1' title='bbox 571 199 881 250; x_wconf 69' lang='lat' dir='ltr'>Scnorus,</span> <span class='ocrx_word' id='word_1_2' title='bbox 920 202 978 235; x_wconf 78' lang='grc' dir='ltr'>ετ</span> <span class='ocrx_word' id='word_1_3' title='bbox 1022 185 1214 234; x_wconf 80' lang='lat' dir='ltr'>Norrs</span> <span class='ocrx_word' id='word_1_4' title='bbox 1259 191 1640 224; x_wconf 68' lang='lat' dir='ltr'>ntusrrtmffi.</span> 
     </span>
    </p>
   </div>
   <div class='ocr_carea' id='block_1_2' title="bbox 273 271 1091 354">
    <p class='ocr_par' dir='ltr' id='par_1_2' title="bbox 273 271 1091 354">
     <span class='ocr_line' id='line_1_2' title="bbox 273 271 1091 354; baseline -0.022 -19"><span class='ocrx_word' id='word_1_5' title='bbox 273 285 338 336; x_wconf 84' lang='lat' dir='ltr'>ria</span> <span class='ocrx_word' id='word_1_6' title='bbox 363 317 378 331; x_wconf 83' lang='lat'><strong>.</strong></span> <span class='ocrx_word' id='word_1_7' title='bbox 417 286 530 354; x_wconf 80' lang='lat' dir='ltr'>Qae</span> <span class='ocrx_word' id='word_1_8' title='bbox 551 277 656 328; x_wconf 87' lang='lat' dir='ltr'>dum</span> <span class='ocrx_word' id='word_1_9' title='bbox 683 278 765 328; x_wconf 82' lang='lat' dir='ltr'>sint</span> <span class='ocrx_word' id='word_1_10' title='bbox 792 271 1091 344; x_wconf 78' lang='lat' dir='ltr'>impossibilia,</span> 
     </span>
    </p>
   </div>
   <div class='ocr_carea' id='block_1_3' title="bbox 274 347 1094 564">
    <p class='ocr_par' dir='ltr' id='par_1_3' title="bbox 274 347 1094 564">
     <span class='ocr_line' id='line_1_3' title="bbox 274 347 1092 416; baseline -0.021 -12"><span class='ocrx_word' id='word_1_11' title='bbox 274 348 513 404; x_wconf 72' lang='lat' dir='ltr'>necessario</span> <span class='ocrx_word' id='word_1_12' title='bbox 535 350 723 401; x_wconf 81' lang='lat' dir='ltr'>arbitror</span> <span class='ocrx_word' id='word_1_13' title='bbox 754 347 902 416; x_wconf 85' lang='lat' dir='ltr'>sequi,</span> <span class='ocrx_word' id='word_1_14' title='bbox 937 358 986 395; x_wconf 87' lang='lat' dir='ltr'>ut</span> <span class='ocrx_word' id='word_1_15' title='bbox 1006 357 1092 391; x_wconf 91' lang='lat' dir='ltr'>non</span> 
     </span>
     <span class='ocr_line' id='line_1_4' title="bbox 276 413 1094 488; baseline -0.015 -14"><span class='ocrx_word' id='word_1_16' title='bbox 276 422 332 474; x_wconf 83' lang='lat' dir='ltr'>fit</span> <span class='ocrx_word' id='word_1_17' title='bbox 359 424 518 473; x_wconf 86' lang='lat' dir='ltr'>veritas</span> <span class='ocrx_word' id='word_1_18' title='bbox 539 459 551 481; x_wconf 90' lang='lat'>,</span> <span class='ocrx_word' id='word_1_19' title='bbox 587 438 685 488; x_wconf 84' lang='lat' dir='ltr'>quae</span> <span class='ocrx_word' id='word_1_20' title='bbox 709 419 816 471; x_wconf 90' lang='lat' dir='ltr'>dolo</span> <span class='ocrx_word' id='word_1_21' title='bbox 846 413 1094 467; x_wconf 82' lang='lat' dir='ltr'>defenditur</span> 
     </span>
     <span class='ocr_line' id='line_1_5' title="bbox 275 491 720 564; baseline -0.02 -15"><span class='ocrx_word' id='word_1_22' title='bbox 275 509 414 564; x_wconf 78' lang='lat' dir='ltr'>atque</span> <span class='ocrx_word' id='word_1_23' title='bbox 437 491 672 545; x_wconf 85' lang='lat' dir='ltr'>dilatatur.</span> <span class='ocrx_word' id='word_1_24' title='bbox 718 544 720 546; x_wconf 59' lang='grc'>,</span> 
     </span>
    </p>
   </div>
   <div class='ocr_carea' id='block_1_4' title="bbox 411 668 903 715">
    <p class='ocr_par' dir='ltr' id='par_1_4' title="bbox 411 668 903 715">
     <span class='ocr_line' id='line_1_6' title="bbox 411 668 903 715; baseline -0.016 0"><span class='ocrx_word' id='word_1_25' title='bbox 411 668 903 715; x_wconf 71' lang='lat' dir='ltr'>Senonrou.</span> 
     </span>
    </p>
   </div>
   <div class='ocr_carea' id='block_1_5' title="bbox 219 796 1113 1010">
    <p class='ocr_par' dir='ltr' id='par_1_5' title="bbox 332 796 1109 858">
     <span class='ocr_line' id='line_1_7' title="bbox 332 796 1109 858; baseline -0.024 -9"><span class='ocrx_word' id='word_1_26' title='bbox 332 813 408 849; x_wconf 81' lang='lat' dir='ltr'>Anc</span> <span class='ocrx_word' id='word_1_27' title='bbox 420 810 599 858; x_wconf 83' lang='lat' dir='ltr'>Epistolam</span> <span class='ocrx_word' id='word_1_28' title='bbox 613 810 750 845; x_wconf 77' lang='lat' dir='ltr'>Irenaeus</span> <span class='ocrx_word' id='word_1_29' title='bbox 761 810 822 845; x_wconf 82' lang='lat' dir='ltr'>suae</span> <span class='ocrx_word' id='word_1_30' title='bbox 830 801 1012 851; x_wconf 82' lang='lat' dir='ltr'>Tragaediae</span> <span class='ocrx_word' id='word_1_31' title='bbox 1024 796 1109 834; x_wconf 86' lang='lat' dir='ltr'>indi-</span> 
     </span>
    </p>

    <p class='ocr_par' dir='ltr' id='par_1_6' title="bbox 219 847 1113 1010">
     <span class='ocr_line' id='line_1_8' title="bbox 355 847 1109 907; baseline -0.019 -9"><span class='ocrx_word' id='word_1_32' title='bbox 355 865 406 899; x_wconf 86' lang='lat' dir='ltr'>dit</span> <span class='ocrx_word' id='word_1_33' title='bbox 424 887 435 903; x_wconf 89' lang='lat'>‚</span> <span class='ocrx_word' id='word_1_34' title='bbox 462 861 530 907; x_wconf 76' lang='lat' dir='ltr'>quo</span> <span class='ocrx_word' id='word_1_35' title='bbox 562 860 746 895; x_wconf 87' lang='lat' dir='ltr'>ostenderet</span> <span class='ocrx_word' id='word_1_36' title='bbox 776 860 811 895; x_wconf 73' lang='grc' dir='ltr'>δι</span> <span class='ocrx_word' id='word_1_37' title='bbox 849 852 1044 891; x_wconf 84' lang='lat' dir='ltr'>Helladium</span> <span class='ocrx_word' id='word_1_38' title='bbox 1074 847 1109 881; x_wconf 86' lang='lat'>&amp;</span> 
     </span>
     <span class='ocr_line' id='line_1_9' title="bbox 219 896 1110 955; baseline -0.017 -6"><span class='ocrx_word' id='word_1_39' title='bbox 219 911 473 949; x_wconf 81' lang='lat' dir='ltr'>Theodoretum</span> <span class='ocrx_word' id='word_1_40' title='bbox 486 937 496 952; x_wconf 90' lang='lat'><em>,</em></span> <span class='ocrx_word' id='word_1_41' title='bbox 521 911 602 947; x_wconf 87' lang='lat' dir='ltr'>dum</span> <span class='ocrx_word' id='word_1_42' title='bbox 615 921 728 955; x_wconf 82' lang='lat' dir='ltr'>pacem</span> <span class='ocrx_word' id='word_1_43' title='bbox 740 908 883 952; x_wconf 76' lang='lat' dir='ltr'>amplexi</span> <span class='ocrx_word' id='word_1_44' title='bbox 897 906 972 941; x_wconf 82' lang='lat' dir='ltr'>sunt</span> <span class='ocrx_word' id='word_1_45' title='bbox 981 926 993 943; x_wconf 86' lang='lat'><em>,</em></span> <span class='ocrx_word' id='word_1_46' title='bbox 1018 896 1110 935; x_wconf 79' lang='lat' dir='ltr'>fuisse</span> 
     </span>
     <span class='ocr_line' id='line_1_10' title="bbox 220 948 1113 1010; baseline -0.021 -11"><span class='ocrx_word' id='word_1_47' title='bbox 220 962 524 1010; x_wconf 67' lang='lat' dir='ltr'>praevaricatores&amp;</span> <span class='ocrx_word' id='word_1_48' title='bbox 538 961 739 997; x_wconf 87' lang='lat' dir='ltr'>Vertumnos</span> <span class='ocrx_word' id='word_1_49' title='bbox 753 984 761 991; x_wconf 92' lang='lat'>.</span> <span class='ocrx_word' id='word_1_50' title='bbox 787 958 830 991; x_wconf 82' lang='lat' dir='ltr'>Et</span> <span class='ocrx_word' id='word_1_51' title='bbox 845 953 991 999; x_wconf 82' lang='lat' dir='ltr'>Epistola</span> <span class='ocrx_word' id='word_1_52' title='bbox 1008 948 1113 985; x_wconf 87' lang='lat' dir='ltr'>osten·</span> 
     </span>
    </p>
   </div>
   <div class='ocr_carea' id='block_1_6' title="bbox 221 1048 1143 2341">
    <p class='ocr_par' dir='ltr' id='par_1_7' title="bbox 221 1048 1143 2341">
     <span class='ocr_line' id='line_1_11' title="bbox 222 1048 1116 1101; baseline -0.018 -4"><span class='ocrx_word' id='word_1_53' title='bbox 222 1062 473 1097; x_wconf 80' lang='lat' dir='ltr'>damnationem</span> <span class='ocrx_word' id='word_1_54' title='bbox 486 1068 658 1101; x_wconf 86' lang='lat' dir='ltr'>nunquam</span> <span class='ocrx_word' id='word_1_55' title='bbox 679 1054 855 1091; x_wconf 77' lang='lat' dir='ltr'>admittere</span> <span class='ocrx_word' id='word_1_56' title='bbox 864 1052 972 1089; x_wconf 87' lang='lat' dir='ltr'>voluit</span> <span class='ocrx_word' id='word_1_57' title='bbox 987 1076 998 1093; x_wconf 86' lang='lat'><strong>,</strong></span> <span class='ocrx_word' id='word_1_58' title='bbox 1023 1048 1116 1084; x_wconf 81' lang='lat' dir='ltr'>fuisse</span> 
     </span>
     <span class='ocr_line' id='line_1_12' title="bbox 221 1100 1117 1154; baseline -0.015 -9"><span class='ocrx_word' id='word_1_59' title='bbox 221 1108 415 1154; x_wconf 77' lang='lat' dir='ltr'>Principem</span> <span class='ocrx_word' id='word_1_60' title='bbox 436 1109 470 1144; x_wconf 78' lang='grc' dir='ltr'>ἀ</span> <span class='ocrx_word' id='word_1_61' title='bbox 492 1106 705 1151; x_wconf 83' lang='lat' dir='ltr'>Coriphaenm</span> <span class='ocrx_word' id='word_1_62' title='bbox 717 1131 725 1138; x_wconf 91' lang='lat'><strong>.</strong></span> <span class='ocrx_word' id='word_1_63' title='bbox 752 1105 887 1139; x_wconf 77' lang='lat' dir='ltr'>interim</span> <span class='ocrx_word' id='word_1_64' title='bbox 900 1113 983 1136; x_wconf 86' lang='lat' dir='ltr'>vana</span> <span class='ocrx_word' id='word_1_65' title='bbox 1000 1100 1044 1135; x_wconf 81' lang='lat' dir='ltr'>est</span> <span class='ocrx_word' id='word_1_66' title='bbox 1058 1100 1117 1132; x_wconf 69' lang='lat' dir='ltr'>lte&gt;</span> 
     </span>
     <span class='ocr_line' id='line_1_13' title="bbox 223 1150 1117 1199; baseline -0.015 -4"><span class='ocrx_word' id='word_1_67' title='bbox 223 1160 286 1195; x_wconf 76' lang='lat' dir='ltr'>naei</span> <span class='ocrx_word' id='word_1_68' title='bbox 299 1157 464 1194; x_wconf 84' lang='lat' dir='ltr'>calumnia</span> <span class='ocrx_word' id='word_1_69' title='bbox 476 1182 483 1189; x_wconf 93' lang='lat'><strong>.</strong></span> <span class='ocrx_word' id='word_1_70' title='bbox 513 1157 648 1192; x_wconf 86' lang='lat' dir='ltr'>Etenim</span> <span class='ocrx_word' id='word_1_71' title='bbox 660 1163 795 1199; x_wconf 86' lang='lat' dir='ltr'>uterque</span> <span class='ocrx_word' id='word_1_72' title='bbox 807 1153 937 1198; x_wconf 88' lang='lat' dir='ltr'>optimo</span> <span class='ocrx_word' id='word_1_73' title='bbox 949 1150 1017 1194; x_wconf 86' lang='lat' dir='ltr'>jure</span> <span class='ocrx_word' id='word_1_74' title='bbox 1029 1159 1117 1192; x_wconf 90' lang='lat' dir='ltr'>repo-</span> 
     </span>
     <span class='ocr_line' id='line_1_14' title="bbox 223 1200 1118 1253; baseline -0.016 -8"><span class='ocrx_word' id='word_1_75' title='bbox 223 1221 304 1245; x_wconf 76' lang='lat' dir='ltr'>nere</span> <span class='ocrx_word' id='word_1_76' title='bbox 322 1218 448 1253; x_wconf 87' lang='lat' dir='ltr'>poterat</span> <span class='ocrx_word' id='word_1_77' title='bbox 461 1232 472 1248; x_wconf 90' lang='lat'>‚</span> <span class='ocrx_word' id='word_1_78' title='bbox 497 1205 588 1251; x_wconf 89' lang='lat' dir='ltr'>quod</span> <span class='ocrx_word' id='word_1_79' title='bbox 612 1205 646 1239; x_wconf 87' lang='lat' dir='ltr'>in</span> <span class='ocrx_word' id='word_1_80' title='bbox 673 1204 778 1239; x_wconf 85' lang='lat' dir='ltr'>Libro</span> <span class='ocrx_word' id='word_1_81' title='bbox 800 1202 840 1238; x_wconf 89' lang='lat' dir='ltr'>de</span> <span class='ocrx_word' id='word_1_82' title='bbox 861 1200 1024 1237; x_wconf 75' lang='lat' dir='ltr'>Pudicitia</span> <span class='ocrx_word' id='word_1_83' title='bbox 1037 1200 1118 1233; x_wconf 83' lang='lat' dir='ltr'>Ter-</span> 
     </span>
     <span class='ocr_line' id='line_1_15' title="bbox 228 1250 1118 1299; baseline -0.015 -5"><span class='ocrx_word' id='word_1_84' title='bbox 228 1259 401 1294; x_wconf 80' lang='lat' dir='ltr'>tullianus:</span> <span class='ocrx_word' id='word_1_85' title='bbox 416 1261 454 1291; x_wconf 76' lang='lat' dir='ltr'>At</span> <span class='ocrx_word' id='word_1_86' title='bbox 467 1262 545 1291; x_wconf 76' lang='lat' dir='ltr'>enim</span> <span class='ocrx_word' id='word_1_87' title='bbox 559 1267 606 1290; x_wconf 85' lang='lat' dir='ltr'>me</span> <span class='ocrx_word' id='word_1_88' title='bbox 615 1267 673 1289; x_wconf 85' lang='lat' dir='ltr'>non</span> <span class='ocrx_word' id='word_1_89' title='bbox 683 1259 779 1299; x_wconf 72' lang='lat' dir='ltr'>magis</span> <span class='ocrx_word' id='word_1_90' title='bbox 791 1252 974 1287; x_wconf 75' lang='lat' dir='ltr'>dedecorabit</span> <span class='ocrx_word' id='word_1_91' title='bbox 985 1251 1068 1284; x_wconf 73' lang='lat' dir='ltr'>utilis</span> <span class='ocrx_word' id='word_1_92' title='bbox 1082 1250 1118 1282; x_wconf 87' lang='lat' dir='ltr'>le·</span> 
     </span>
     <span class='ocr_line' id='line_1_16' title="bbox 235 1301 1120 1351; baseline -0.014 -8"><span class='ocrx_word' id='word_1_93' title='bbox 235 1314 342 1349; x_wconf 71' lang='lat' dir='ltr'>vitas,</span> <span class='ocrx_word' id='word_1_94' title='bbox 368 1319 460 1351; x_wconf 84' lang='lat' dir='ltr'>quam</span> <span class='ocrx_word' id='word_1_95' title='bbox 470 1315 588 1342; x_wconf 81' lang='lat' dir='ltr'>ornaret</span> <span class='ocrx_word' id='word_1_96' title='bbox 609 1316 729 1340; x_wconf 84' lang='lat' dir='ltr'>nocens.</span> <span class='ocrx_word' id='word_1_97' title='bbox 756 1301 994 1347; x_wconf 81' lang='lat' dir='ltr'>Nonsuffundor</span> <span class='ocrx_word' id='word_1_98' title='bbox 1004 1309 1097 1334; x_wconf 82' lang='lat' dir='ltr'>errore</span> <span class='ocrx_word' id='word_1_99' title='bbox 1110 1321 1120 1338; x_wconf 90' lang='lat'>‚</span> 
     </span>
     <span class='ocr_line' id='line_1_17' title="bbox 229 1349 1120 1403; baseline -0.013 -11"><span class='ocrx_word' id='word_1_100' title='bbox 229 1370 287 1403; x_wconf 80' lang='lat' dir='ltr'>quo</span> <span class='ocrx_word' id='word_1_101' title='bbox 298 1363 396 1392; x_wconf 73' lang='lat' dir='ltr'>carui:</span> <span class='ocrx_word' id='word_1_102' title='bbox 423 1359 510 1402; x_wconf 76' lang='lat' dir='ltr'>,Quia</span> <span class='ocrx_word' id='word_1_103' title='bbox 520 1358 642 1400; x_wconf 74' lang='lat' dir='ltr'>caruiffe</span> <span class='ocrx_word' id='word_1_104' title='bbox 665 1355 789 1389; x_wconf 61' lang='lat' dir='ltr'>deleant</span> <span class='ocrx_word' id='word_1_105' title='bbox 811 1378 819 1387; x_wconf 87' lang='lat'><strong>.</strong></span> <span class='ocrx_word' id='word_1_106' title='bbox 846 1358 945 1387; x_wconf 82' lang='lat' dir='ltr'>Nemo</span> <span class='ocrx_word' id='word_1_107' title='bbox 964 1349 1120 1394; x_wconf 76' lang='lat' dir='ltr'>proficiens</span> 
     </span>
     <span class='ocr_line' id='line_1_18' title="bbox 229 1400 1124 1452; baseline -0.011 -10"><span class='ocrx_word' id='word_1_108' title='bbox 229 1407 384 1452; x_wconf 71' lang='lat' dir='ltr'>erubescit.</span> <span class='ocrx_word' id='word_1_109' title='bbox 412 1407 517 1442; x_wconf 70' lang='lat' dir='ltr'>Porro</span> <span class='ocrx_word' id='word_1_110' title='bbox 543 1406 687 1450; x_wconf 70' lang='lat' dir='ltr'>adjuncti</span> <span class='ocrx_word' id='word_1_111' title='bbox 712 1404 839 1440; x_wconf 86' lang='lat' dir='ltr'>Scholii</span> <span class='ocrx_word' id='word_1_112' title='bbox 867 1401 1000 1438; x_wconf 82' lang='lat' dir='ltr'>Author</span> <span class='ocrx_word' id='word_1_113' title='bbox 1023 1425 1035 1441; x_wconf 89' lang='lat'><em>,</em></span> <span class='ocrx_word' id='word_1_114' title='bbox 1061 1400 1124 1433; x_wconf 84' lang='lat' dir='ltr'>fuit</span> 
     </span>
     <span class='ocr_line' id='line_1_19' title="bbox 232 1449 1125 1502; baseline -0.01 -10"><span class='ocrx_word' id='word_1_115' title='bbox 232 1459 381 1502; x_wconf 90' lang='lat' dir='ltr'>Magnus</span> <span class='ocrx_word' id='word_1_116' title='bbox 399 1456 610 1492; x_wconf 81' lang='lat' dir='ltr'>Theodoreri</span> <span class='ocrx_word' id='word_1_117' title='bbox 635 1454 882 1495; x_wconf 76' lang='lat' dir='ltr'>Encomiasles,</span> <span class='ocrx_word' id='word_1_118' title='bbox 908 1465 946 1488; x_wconf 84' lang='lat' dir='ltr'>ac</span> <span class='ocrx_word' id='word_1_119' title='bbox 961 1463 1029 1487; x_wconf 80' lang='lat' dir='ltr'>non</span> <span class='ocrx_word' id='word_1_120' title='bbox 1043 1449 1125 1484; x_wconf 86' lang='lat' dir='ltr'>bene</span> 
     </span>
     <span class='ocr_line' id='line_1_20' title="bbox 232 1498 1125 1552; baseline -0.012 -10"><span class='ocrx_word' id='word_1_121' title='bbox 232 1508 366 1543; x_wconf 67' lang='lat' dir='ltr'>affectus</span> <span class='ocrx_word' id='word_1_122' title='bbox 383 1507 502 1552; x_wconf 89' lang='lat' dir='ltr'>quinto</span> <span class='ocrx_word' id='word_1_123' title='bbox 527 1505 704 1541; x_wconf 86' lang='lat' dir='ltr'>Concilio.</span> <span class='ocrx_word' id='word_1_124' title='bbox 732 1505 884 1539; x_wconf 78' lang='lat' dir='ltr'>Affirmat</span> <span class='ocrx_word' id='word_1_125' title='bbox 909 1503 1013 1547; x_wconf 89' lang='lat' dir='ltr'>ipsum</span> <span class='ocrx_word' id='word_1_126' title='bbox 1033 1498 1125 1534; x_wconf 81' lang='lat' dir='ltr'>fuisse</span> 
     </span>
     <span class='ocr_line' id='line_1_21' title="bbox 234 1547 1126 1602; baseline -0.012 -10"><span class='ocrx_word' id='word_1_127' title='bbox 234 1566 448 1602; x_wconf 85' lang='lat' dir='ltr'>procuratum</span> <span class='ocrx_word' id='word_1_128' title='bbox 470 1568 508 1591; x_wconf 82' lang='lat' dir='ltr'>ac</span> <span class='ocrx_word' id='word_1_129' title='bbox 533 1557 741 1598; x_wconf 85' lang='lat' dir='ltr'>impetratum</span> <span class='ocrx_word' id='word_1_130' title='bbox 769 1566 824 1597; x_wconf 88' lang='lat' dir='ltr'>per</span> <span class='ocrx_word' id='word_1_131' title='bbox 846 1550 1034 1595; x_wconf 72' lang='lat' dir='ltr'>Acephalos</span> <span class='ocrx_word' id='word_1_132' title='bbox 1051 1575 1060 1589; x_wconf 92' lang='lat'>,</span> <span class='ocrx_word' id='word_1_133' title='bbox 1087 1547 1126 1581; x_wconf 89' lang='lat' dir='ltr'>ad</span> 
     </span>
     <span class='ocr_line' id='line_1_22' title="bbox 238 1597 1128 1641; baseline -0.012 0"><span class='ocrx_word' id='word_1_134' title='bbox 238 1606 442 1641; x_wconf 88' lang='lat' dir='ltr'>arietandam</span> <span class='ocrx_word' id='word_1_135' title='bbox 463 1616 501 1639; x_wconf 92' lang='lat' dir='ltr'>ac</span> <span class='ocrx_word' id='word_1_136' title='bbox 522 1604 752 1638; x_wconf 85' lang='lat' dir='ltr'>infirmandam</span> <span class='ocrx_word' id='word_1_137' title='bbox 766 1601 1015 1637; x_wconf 85' lang='lat' dir='ltr'>Authoritatem</span> <span class='ocrx_word' id='word_1_138' title='bbox 1030 1597 1128 1632; x_wconf 87' lang='lat' dir='ltr'>Chal·</span> 
     </span>
     <span class='ocr_line' id='line_1_23' title="bbox 233 1650 1129 1697; baseline -0.012 -6"><span class='ocrx_word' id='word_1_139' title='bbox 233 1654 429 1697; x_wconf 74' lang='lat' dir='ltr'>cedonensis</span> <span class='ocrx_word' id='word_1_140' title='bbox 451 1653 599 1689; x_wconf 87' lang='lat' dir='ltr'>Concilii</span> <span class='ocrx_word' id='word_1_141' title='bbox 615 1666 622 1685; x_wconf 90' lang='lat'>:</span> <span class='ocrx_word' id='word_1_142' title='bbox 652 1653 696 1688; x_wconf 87' lang='lat' dir='ltr'>Et</span> <span class='ocrx_word' id='word_1_143' title='bbox 719 1650 797 1686; x_wconf 87' lang='lat' dir='ltr'>hinc</span> <span class='ocrx_word' id='word_1_144' title='bbox 809 1652 919 1686; x_wconf 90' lang='lat' dir='ltr'>abillo</span> <span class='ocrx_word' id='word_1_145' title='bbox 930 1650 1051 1684; x_wconf 84' lang='lat' dir='ltr'>invasas</span> <span class='ocrx_word' id='word_1_146' title='bbox 1066 1657 1129 1692; x_wconf 88' lang='lat' dir='ltr'>per-</span> 
     </span>
     <span class='ocr_line' id='line_1_24' title="bbox 236 1695 1131 1748; baseline -0.012 -7"><span class='ocrx_word' id='word_1_147' title='bbox 236 1707 333 1741; x_wconf 83' lang='lat' dir='ltr'>sonas</span> <span class='ocrx_word' id='word_1_148' title='bbox 342 1730 354 1748; x_wconf 89' lang='lat'>,</span> <span class='ocrx_word' id='word_1_149' title='bbox 379 1716 449 1739; x_wconf 88' lang='lat' dir='ltr'>non</span> <span class='ocrx_word' id='word_1_150' title='bbox 461 1715 529 1747; x_wconf 79' lang='lat' dir='ltr'>quae</span> <span class='ocrx_word' id='word_1_151' title='bbox 552 1704 658 1748; x_wconf 83' lang='lat' dir='ltr'>magis</span> <span class='ocrx_word' id='word_1_152' title='bbox 668 1712 724 1738; x_wconf 92' lang='lat' dir='ltr'>aut</span> <span class='ocrx_word' id='word_1_153' title='bbox 737 1702 846 1736; x_wconf 73' lang='lat' dir='ltr'>minus</span> <span class='ocrx_word' id='word_1_154' title='bbox 859 1701 1014 1735; x_wconf 85' lang='lat' dir='ltr'>Nestorio</span> <span class='ocrx_word' id='word_1_155' title='bbox 1027 1695 1131 1733; x_wconf 82' lang='lat' dir='ltr'>adhae-</span> 
     </span>
     <span class='ocr_line' id='line_1_25' title="bbox 236 1747 1131 1797; baseline -0.011 -6"><span class='ocrx_word' id='word_1_156' title='bbox 236 1757 345 1791; x_wconf 83' lang='lat' dir='ltr'>serant</span> <span class='ocrx_word' id='word_1_157' title='bbox 366 1764 423 1790; x_wconf 88' lang='lat' dir='ltr'>aut</span> <span class='ocrx_word' id='word_1_158' title='bbox 446 1754 609 1794; x_wconf 85' lang='lat' dir='ltr'>faverant,</span> <span class='ocrx_word' id='word_1_159' title='bbox 637 1751 691 1787; x_wconf 90' lang='lat' dir='ltr'>sed</span> <span class='ocrx_word' id='word_1_160' title='bbox 719 1762 798 1797; x_wconf 87' lang='lat' dir='ltr'>quas</span> <span class='ocrx_word' id='word_1_161' title='bbox 824 1751 953 1786; x_wconf 83' lang='lat' dir='ltr'>laudata</span> <span class='ocrx_word' id='word_1_162' title='bbox 976 1747 1131 1793; x_wconf 87' lang='lat' dir='ltr'>Synodus</span> 
     </span>
     <span class='ocr_line' id='line_1_26' title="bbox 238 1796 1135 1844; baseline -0.01 -4"><span class='ocrx_word' id='word_1_163' title='bbox 238 1803 434 1844; x_wconf 85' lang='lat' dir='ltr'>admiserat,</span> <span class='ocrx_word' id='word_1_164' title='bbox 460 1814 517 1839; x_wconf 86' lang='lat' dir='ltr'>aut</span> <span class='ocrx_word' id='word_1_165' title='bbox 538 1814 606 1837; x_wconf 89' lang='lat' dir='ltr'>non</span> <span class='ocrx_word' id='word_1_166' title='bbox 628 1802 799 1836; x_wconf 76' lang='lat' dir='ltr'>damnarat</span> <span class='ocrx_word' id='word_1_167' title='bbox 813 1827 820 1834; x_wconf 94' lang='lat'>.</span> <span class='ocrx_word' id='word_1_168' title='bbox 847 1801 998 1835; x_wconf 86' lang='lat' dir='ltr'>Affirmat</span> <span class='ocrx_word' id='word_1_169' title='bbox 1022 1796 1135 1832; x_wconf 85' lang='lat' dir='ltr'>Hella-</span> 
     </span>
     <span class='ocr_line' id='line_1_27' title="bbox 241 1847 1135 1897; baseline -0.01 -6"><span class='ocrx_word' id='word_1_170' title='bbox 241 1856 337 1891; x_wconf 87' lang='lat' dir='ltr'>dium</span> <span class='ocrx_word' id='word_1_171' title='bbox 349 1866 416 1890; x_wconf 88' lang='lat' dir='ltr'>non</span> <span class='ocrx_word' id='word_1_172' title='bbox 431 1854 540 1889; x_wconf 76' lang='lat' dir='ltr'>minus</span> <span class='ocrx_word' id='word_1_173' title='bbox 552 1878 563 1895; x_wconf 92' lang='lat'>,</span> <span class='ocrx_word' id='word_1_174' title='bbox 588 1852 686 1897; x_wconf 73' lang='lat' dir='ltr'>quam</span> <span class='ocrx_word' id='word_1_175' title='bbox 697 1851 951 1887; x_wconf 50' lang='lat' dir='ltr'>Theodori-tum</span> <span class='ocrx_word' id='word_1_176' title='bbox 964 1861 1018 1884; x_wconf 89' lang='lat' dir='ltr'>aut</span> <span class='ocrx_word' id='word_1_177' title='bbox 1033 1847 1135 1887; x_wconf 79' lang='lat' dir='ltr'>Ibam,</span> 
     </span>
     <span class='ocr_line' id='line_1_28' title="bbox 240 1898 1136 1951; baseline -0.012 -10"><span class='ocrx_word' id='word_1_178' title='bbox 240 1905 450 1951; x_wconf 76' lang='lat' dir='ltr'>pertinaciter</span> <span class='ocrx_word' id='word_1_179' title='bbox 474 1914 533 1948; x_wconf 86' lang='lat' dir='ltr'>pro</span> <span class='ocrx_word' id='word_1_180' title='bbox 556 1902 714 1938; x_wconf 83' lang='lat' dir='ltr'>Nestorio</span> <span class='ocrx_word' id='word_1_181' title='bbox 732 1902 833 1947; x_wconf 71' lang='lat' dir='ltr'>egisse</span> <span class='ocrx_word' id='word_1_182' title='bbox 855 1914 862 1934; x_wconf 94' lang='lat'><strong>:</strong></span> <span class='ocrx_word' id='word_1_183' title='bbox 890 1900 934 1935; x_wconf 90' lang='lat' dir='ltr'>Et</span> <span class='ocrx_word' id='word_1_184' title='bbox 957 1898 1072 1945; x_wconf 83' lang='lat' dir='ltr'>probat</span> <span class='ocrx_word' id='word_1_185' title='bbox 1094 1909 1136 1932; x_wconf 87' lang='lat' dir='ltr'>ex</span> 
     </span>
     <span class='ocr_line' id='line_1_29' title="bbox 241 1953 1133 2000; baseline -0.01 -11"><span class='ocrx_word' id='word_1_186' title='bbox 241 1954 391 2000; x_wconf 76' lang='lat' dir='ltr'>praesenti</span> <span class='ocrx_word' id='word_1_187' title='bbox 405 1953 551 1998; x_wconf 85' lang='lat' dir='ltr'>Epistola</span> <span class='ocrx_word' id='word_1_188' title='bbox 565 1978 573 1985; x_wconf 89' lang='lat'><strong>.</strong></span> <span class='ocrx_word' id='word_1_189' title='bbox 603 1953 647 1988; x_wconf 83' lang='lat' dir='ltr'>Et</span> <span class='ocrx_word' id='word_1_190' title='bbox 669 1953 775 1997; x_wconf 84' lang='lat' dir='ltr'>querit</span> <span class='ocrx_word' id='word_1_191' title='bbox 791 1953 948 1987; x_wconf 88' lang='lat' dir='ltr'>rationem</span> <span class='ocrx_word' id='word_1_192' title='bbox 960 1977 972 1993; x_wconf 87' lang='lat'><em>,</em></span> <span class='ocrx_word' id='word_1_193' title='bbox 997 1961 1055 1984; x_wconf 90' lang='lat' dir='ltr'>cur</span> <span class='ocrx_word' id='word_1_194' title='bbox 1069 1958 1133 1981; x_wconf 92' lang='lat' dir='ltr'>non</span> 
     </span>
     <span class='ocr_line' id='line_1_30' title="bbox 241 1997 1135 2047; baseline -0.01 -7"><span class='ocrx_word' id='word_1_195' title='bbox 241 2003 314 2039; x_wconf 81' lang='lat' dir='ltr'>haec</span> <span class='ocrx_word' id='word_1_196' title='bbox 333 2003 401 2040; x_wconf 90' lang='lat' dir='ltr'>sola</span> <span class='ocrx_word' id='word_1_197' title='bbox 426 2003 488 2039; x_wconf 85' lang='lat' dir='ltr'>1bae</span> <span class='ocrx_word' id='word_1_198' title='bbox 511 2002 681 2047; x_wconf 79' lang='lat' dir='ltr'>Epistola,</span> <span class='ocrx_word' id='word_1_199' title='bbox 705 2014 743 2037; x_wconf 81' lang='lat' dir='ltr'>ac</span> <span class='ocrx_word' id='word_1_200' title='bbox 765 2002 909 2047; x_wconf 84' lang='lat' dir='ltr'>quaedam</span> <span class='ocrx_word' id='word_1_201' title='bbox 927 1997 1135 2035; x_wconf 86' lang='lat' dir='ltr'>Theodoreti</span> 
     </span>
     <span class='ocr_line' id='line_1_31' title="bbox 244 2048 1139 2099; baseline -0.011 -9"><span class='ocrx_word' id='word_1_202' title='bbox 244 2055 373 2099; x_wconf 81' lang='lat' dir='ltr'>Scripta</span> <span class='ocrx_word' id='word_1_203' title='bbox 394 2053 514 2090; x_wconf 87' lang='lat' dir='ltr'>fuerint</span> <span class='ocrx_word' id='word_1_204' title='bbox 538 2051 690 2087; x_wconf 83' lang='lat' dir='ltr'>damnata</span> <span class='ocrx_word' id='word_1_205' title='bbox 716 2064 771 2095; x_wconf 85' lang='lat' dir='ltr'>per</span> <span class='ocrx_word' id='word_1_206' title='bbox 783 2053 930 2095; x_wconf 87' lang='lat' dir='ltr'>quintam</span> <span class='ocrx_word' id='word_1_207' title='bbox 942 2048 1139 2094; x_wconf 78' lang='lat' dir='ltr'>synodum?</span> 
     </span>
     <span class='ocr_line' id='line_1_32' title="bbox 245 2095 1139 2148; baseline -0.012 -8"><span class='ocrx_word' id='word_1_208' title='bbox 245 2105 292 2140; x_wconf 87' lang='lat' dir='ltr'>Et</span> <span class='ocrx_word' id='word_1_209' title='bbox 304 2105 496 2148; x_wconf 82' lang='lat' dir='ltr'>respondet:</span> <span class='ocrx_word' id='word_1_210' title='bbox 523 2105 599 2147; x_wconf 88' lang='lat' dir='ltr'>quia</span> <span class='ocrx_word' id='word_1_211' title='bbox 615 2101 890 2136; x_wconf 71' lang='lat' dir='ltr'>Chalcedonensis</span> <span class='ocrx_word' id='word_1_212' title='bbox 904 2098 1056 2141; x_wconf 87' lang='lat' dir='ltr'>Synodus</span> <span class='ocrx_word' id='word_1_213' title='bbox 1068 2095 1139 2130; x_wconf 80' lang='lat' dir='ltr'>nul·</span> 
     </span>
     <span class='ocr_line' id='line_1_33' title="bbox 247 2146 1142 2192; baseline -0.011 -3"><span class='ocrx_word' id='word_1_214' title='bbox 247 2155 313 2190; x_wconf 85' lang='lat' dir='ltr'>lam</span> <span class='ocrx_word' id='word_1_215' title='bbox 337 2153 417 2188; x_wconf 88' lang='lat' dir='ltr'>fecit</span> <span class='ocrx_word' id='word_1_216' title='bbox 438 2151 586 2187; x_wconf 86' lang='lat' dir='ltr'>Helladii</span> <span class='ocrx_word' id='word_1_217' title='bbox 610 2150 802 2185; x_wconf 84' lang='lat' dir='ltr'>memoriam</span> <span class='ocrx_word' id='word_1_218' title='bbox 816 2175 827 2191; x_wconf 82' lang='grc'><strong>.</strong></span> <span class='ocrx_word' id='word_1_219' title='bbox 856 2151 993 2192; x_wconf 85' lang='lat' dir='ltr'>ideoque</span> <span class='ocrx_word' id='word_1_220' title='bbox 1008 2159 1062 2192; x_wconf 89' lang='lat' dir='ltr'>per</span> <span class='ocrx_word' id='word_1_221' title='bbox 1075 2146 1142 2190; x_wconf 76' lang='lat' dir='ltr'>ejus</span> 
     </span>
     <span class='ocr_line' id='line_1_34' title="bbox 248 2197 1141 2246; baseline -0.012 -6"><span class='ocrx_word' id='word_1_222' title='bbox 248 2206 335 2241; x_wconf 88' lang='lat' dir='ltr'>latus</span> <span class='ocrx_word' id='word_1_223' title='bbox 354 2215 421 2237; x_wconf 88' lang='lat' dir='ltr'>non</span> <span class='ocrx_word' id='word_1_224' title='bbox 444 2203 554 2246; x_wconf 85' lang='lat' dir='ltr'>potuit</span> <span class='ocrx_word' id='word_1_225' title='bbox 577 2200 688 2232; x_wconf 85' lang='lat' dir='ltr'>invadi</span> <span class='ocrx_word' id='word_1_226' title='bbox 716 2210 772 2232; x_wconf 82' lang='lat' dir='ltr'>aut</span> <span class='ocrx_word' id='word_1_227' title='bbox 799 2200 891 2232; x_wconf 83' lang='lat' dir='ltr'>laedi.</span> <span class='ocrx_word' id='word_1_228' title='bbox 918 2200 1003 2244; x_wconf 77' lang='lat' dir='ltr'>Qiae</span> <span class='ocrx_word' id='word_1_229' title='bbox 1028 2197 1141 2229; x_wconf 86' lang='lat' dir='ltr'>omnia</span> 
     </span>
     <span class='ocr_line' id='line_1_35' title="bbox 248 2244 1143 2290; baseline -0.015 0"><span class='ocrx_word' id='word_1_230' title='bbox 248 2265 320 2290; x_wconf 86' lang='lat' dir='ltr'>non</span> <span class='ocrx_word' id='word_1_231' title='bbox 344 2261 455 2287; x_wconf 81' lang='lat' dir='ltr'>carent</span> <span class='ocrx_word' id='word_1_232' title='bbox 475 2249 570 2284; x_wconf 89' lang='lat' dir='ltr'>omni</span> <span class='ocrx_word' id='word_1_233' title='bbox 590 2247 829 2283; x_wconf 85' lang='lat' dir='ltr'>fundamento.</span> <span class='ocrx_word' id='word_1_234' title='bbox 856 2247 938 2282; x_wconf 86' lang='lat' dir='ltr'>Sunt</span> <span class='ocrx_word' id='word_1_235' title='bbox 950 2256 1000 2280; x_wconf 89' lang='lat' dir='ltr'>res</span> <span class='ocrx_word' id='word_1_236' title='bbox 1012 2244 1143 2289; x_wconf 73' lang='lat' dir='ltr'>longa,</span> 
     </span>
     <span class='ocr_line' id='line_1_36' title="bbox 250 2300 527 2341; baseline -0.032 0"><span class='ocrx_word' id='word_1_237' title='bbox 250 2303 287 2341; x_wconf 86' lang='lat'>&amp;</span> <span class='ocrx_word' id='word_1_238' title='bbox 300 2302 433 2338; x_wconf 87' lang='lat' dir='ltr'>alterius</span> <span class='ocrx_word' id='word_1_239' title='bbox 443 2300 527 2336; x_wconf 86' lang='lat' dir='ltr'>loci.</span> 
     </span>
    </p>
   </div>
   <div class='ocr_carea' id='block_1_7' title="bbox 258 2415 1107 2435">
    <p class='ocr_par' dir='ltr' id='par_1_8' title="bbox 258 2415 1107 2435">
     <span class='ocr_line' id='line_1_37' title="bbox 258 2415 1107 2435; baseline 0 1295"><span class='ocrx_word' id='word_1_240' title='bbox 258 2415 1107 2435; x_wconf 95' lang='lat' dir='ltr'> </span> 
     </span>
    </p>
   </div>
   <div class='ocr_carea' id='block_1_8' title="bbox 434 2505 1139 2563">
    <p class='ocr_par' dir='ltr' id='par_1_9' title="bbox 434 2505 1139 2563">
     <span class='ocr_line' id='line_1_38' title="bbox 434 2505 1139 2563; baseline -0.01 -5"><span class='ocrx_word' id='word_1_241' title='bbox 434 2505 697 2558; x_wconf 80' lang='lat' dir='ltr'><strong>CAPUT</strong></span> <span class='ocrx_word' id='word_1_242' title='bbox 735 2506 950 2554; x_wconf 80' lang='lat' dir='ltr'>cxcw.</span> <span class='ocrx_word' id='word_1_243' title='bbox 1000 2505 1139 2563; x_wconf 86' lang='lat'>--283</span> 
     </span>
    </p>
   </div>
   <div class='ocr_carea' id='block_1_9' title="bbox 256 2640 1148 2923">
    <p class='ocr_par' dir='ltr' id='par_1_10' title="bbox 256 2640 1148 2923">
     <span class='ocr_line' id='line_1_39' title="bbox 256 2640 1146 2717; baseline -0.012 -19"><span class='ocrx_word' id='word_1_244' title='bbox 256 2646 457 2717; x_wconf 79' lang='lat' dir='ltr'>Epistola,</span> <span class='ocrx_word' id='word_1_245' title='bbox 494 2647 666 2714; x_wconf 84' lang='lat' dir='ltr'>inquit,</span> <span class='ocrx_word' id='word_1_246' title='bbox 691 2643 829 2708; x_wconf 77' lang='lat' dir='ltr'>cyrilli</span> <span class='ocrx_word' id='word_1_247' title='bbox 853 2644 906 2690; x_wconf 83' lang='lat' dir='ltr'>ad</span> <span class='ocrx_word' id='word_1_248' title='bbox 916 2640 1146 2707; x_wconf 80' lang='lat' dir='ltr'>Aristolaum</span> 
     </span>
     <span class='ocr_line' id='line_1_40' title="bbox 330 2712 1147 2783; baseline -0.006 -19"><span class='ocrx_word' id='word_1_249' title='bbox 330 2718 548 2764; x_wconf 79' lang='lat' dir='ltr'>Tribunum</span> <span class='ocrx_word' id='word_1_250' title='bbox 560 2753 573 2776; x_wconf 89' lang='lat'>‚</span> <span class='ocrx_word' id='word_1_251' title='bbox 610 2733 726 2781; x_wconf 78' lang='lat' dir='ltr'>quam</span> <span class='ocrx_word' id='word_1_252' title='bbox 728 2712 887 2783; x_wconf 78' lang='lat' dir='ltr'>firipstt</span> <span class='ocrx_word' id='word_1_253' title='bbox 910 2729 1062 2780; x_wconf 72' lang='lat' dir='ltr'>rogante</span> <span class='ocrx_word' id='word_1_254' title='bbox 1075 2716 1147 2759; x_wconf 70' lang='lat' dir='ltr'>De-</span> 
     </span>
     <span class='ocr_line' id='line_1_41' title="bbox 330 2781 1147 2854; baseline -0.005 -22"><span class='ocrx_word' id='word_1_255' title='bbox 330 2790 512 2834; x_wconf 77' lang='lat' dir='ltr'>roniciano</span> <span class='ocrx_word' id='word_1_256' title='bbox 539 2783 724 2854; x_wconf 77' lang='lat' dir='ltr'>Epifiopo</span> <span class='ocrx_word' id='word_1_257' title='bbox 733 2790 837 2849; x_wconf 72' lang='lat' dir='ltr'>Tyri</span> <span class='ocrx_word' id='word_1_258' title='bbox 847 2821 860 2845; x_wconf 89' lang='lat'><strong>,</strong></span> <span class='ocrx_word' id='word_1_259' title='bbox 888 2784 1044 2850; x_wconf 67' lang='lat' dir='ltr'>formas</span> <span class='ocrx_word' id='word_1_260' title='bbox 1055 2781 1147 2829; x_wconf 81' lang='lat' dir='ltr'>dans</span> 
     </span>
     <span class='ocr_line' id='line_1_42' title="bbox 333 2851 1148 2923; baseline -0.006 -19"><span class='ocrx_word' id='word_1_261' title='bbox 333 2853 644 2923; x_wconf 77' lang='lat' dir='ltr'>anathematismi</span> <span class='ocrx_word' id='word_1_262' title='bbox 671 2890 685 2916; x_wconf 86' lang='lat'>‚</span> <span class='ocrx_word' id='word_1_263' title='bbox 731 2858 794 2922; x_wconf 78' lang='lat' dir='ltr'>qui</span> <span class='ocrx_word' id='word_1_264' title='bbox 820 2856 871 2904; x_wconf 85' lang='lat' dir='ltr'>ab</span> <span class='ocrx_word' id='word_1_265' title='bbox 905 2858 953 2904; x_wconf 84' lang='lat' dir='ltr'>eis</span> <span class='ocrx_word' id='word_1_266' title='bbox 972 2851 1062 2919; x_wconf 81' lang='lat' dir='ltr'>fieri</span> <span class='ocrx_word' id='word_1_267' title='bbox 1086 2851 1148 2900; x_wconf 86' lang='lat' dir='ltr'>de-</span> 
     </span>
    </p>
   </div>
   <div class='ocr_carea' id='block_1_10' title="bbox 332 2923 484 2992">
    <p class='ocr_par' dir='ltr' id='par_1_11' title="bbox 332 2923 484 2992">
     <span class='ocr_line' id='line_1_43' title="bbox 332 2923 484 2992; baseline 0 -16"><span class='ocrx_word' id='word_1_268' title='bbox 332 2923 459 2992; x_wconf 76' lang='lat' dir='ltr'>bmffir</span> <span class='ocrx_word' id='word_1_269' title='bbox 470 2965 484 2976; x_wconf 89' lang='lat'><strong>.</strong></span> 
     </span>
    </p>
   </div>
   <div class='ocr_carea' id='block_1_11' title="bbox 267 3059 1154 3460">
    <p class='ocr_par' dir='ltr' id='par_1_12' title="bbox 267 3059 1154 3460">
     <span class='ocr_line' id='line_1_44' title="bbox 268 3059 1149 3149; baseline -0.007 -51"><span class='ocrx_word' id='word_1_270' title='bbox 268 3061 510 3149; x_wconf 88' lang='lat' dir='ltr'>DOminus</span> <span class='ocrx_word' id='word_1_271' title='bbox 542 3073 632 3097; x_wconf 89' lang='lat' dir='ltr'>meus</span> <span class='ocrx_word' id='word_1_272' title='bbox 667 3059 939 3107; x_wconf 83' lang='lat' dir='ltr'>Religiosiffimus</span> <span class='ocrx_word' id='word_1_273' title='bbox 971 3059 1149 3103; x_wconf 81' lang='lat' dir='ltr'>Episcopus</span> 
     </span>
     <span class='ocr_line' id='line_1_45' title="bbox 393 3107 1148 3156; baseline -0.008 -10"><span class='ocrx_word' id='word_1_274' title='bbox 393 3112 632 3147; x_wconf 86' lang='lat' dir='ltr'>Beronicianus</span> <span class='ocrx_word' id='word_1_275' title='bbox 654 3110 775 3156; x_wconf 83' lang='lat' dir='ltr'>scripsit</span> <span class='ocrx_word' id='word_1_276' title='bbox 796 3111 836 3145; x_wconf 86' lang='lat' dir='ltr'>ad</span> <span class='ocrx_word' id='word_1_277' title='bbox 857 3123 909 3146; x_wconf 86' lang='lat' dir='ltr'>me</span> <span class='ocrx_word' id='word_1_278' title='bbox 922 3136 932 3152; x_wconf 90' lang='lat'><strong>,</strong></span> <span class='ocrx_word' id='word_1_279' title='bbox 958 3107 1047 3155; x_wconf 87' lang='lat' dir='ltr'>quod</span> <span class='ocrx_word' id='word_1_280' title='bbox 1060 3108 1148 3152; x_wconf 86' lang='lat' dir='ltr'>pium</span> 
     </span>
     <span class='ocr_line' id='line_1_46' title="bbox 269 3157 1149 3205; baseline -0.009 -7"><span class='ocrx_word' id='word_1_281' title='bbox 269 3165 448 3198; x_wconf 84' lang='lat' dir='ltr'>Decretum</span> <span class='ocrx_word' id='word_1_282' title='bbox 462 3163 539 3197; x_wconf 89' lang='lat' dir='ltr'>Deo</span> <span class='ocrx_word' id='word_1_283' title='bbox 553 3161 747 3196; x_wconf 86' lang='lat' dir='ltr'>Amicorum</span> <span class='ocrx_word' id='word_1_284' title='bbox 760 3161 950 3205; x_wconf 85' lang='lat' dir='ltr'>Principum</span> <span class='ocrx_word' id='word_1_285' title='bbox 962 3171 1025 3195; x_wconf 76' lang='lat' dir='ltr'>tuae</span> <span class='ocrx_word' id='word_1_286' title='bbox 1036 3157 1149 3193; x_wconf 74' lang='lat' dir='ltr'>Admi-</span> 
     </span>
     <span class='ocr_line' id='line_1_47' title="bbox 267 3211 1149 3256; baseline -0.009 -7"><span class='ocrx_word' id='word_1_287' title='bbox 267 3212 427 3249; x_wconf 78' lang='lat' dir='ltr'>tabilitati</span> <span class='ocrx_word' id='word_1_288' title='bbox 452 3213 490 3246; x_wconf 87' lang='lat' dir='ltr'>sit</span> <span class='ocrx_word' id='word_1_289' title='bbox 511 3212 667 3246; x_wconf 87' lang='lat' dir='ltr'>traditum</span> <span class='ocrx_word' id='word_1_290' title='bbox 679 3235 690 3252; x_wconf 90' lang='lat'>,</span> <span class='ocrx_word' id='word_1_291' title='bbox 719 3223 774 3256; x_wconf 89' lang='lat' dir='ltr'>per</span> <span class='ocrx_word' id='word_1_292' title='bbox 784 3212 872 3255; x_wconf 83' lang='lat' dir='ltr'>quod</span> <span class='ocrx_word' id='word_1_293' title='bbox 886 3211 1066 3255; x_wconf 71' lang='lat' dir='ltr'>praecipitur</span> <span class='ocrx_word' id='word_1_294' title='bbox 1079 3233 1090 3249; x_wconf 93' lang='lat'>,</span> <span class='ocrx_word' id='word_1_295' title='bbox 1116 3218 1149 3242; x_wconf 89' lang='lat' dir='ltr'>ut</span> 
     </span>
     <span class='ocr_line' id='line_1_48' title="bbox 271 3257 1152 3307; baseline -0.007 -9"><span class='ocrx_word' id='word_1_296' title='bbox 271 3263 410 3299; x_wconf 79' lang='lat' dir='ltr'>universi</span> <span class='ocrx_word' id='word_1_297' title='bbox 423 3262 661 3307; x_wconf 84' lang='lat' dir='ltr'>Religiofiffimi</span> <span class='ocrx_word' id='word_1_298' title='bbox 679 3261 832 3305; x_wconf 82' lang='lat' dir='ltr'>Episcopi</span> <span class='ocrx_word' id='word_1_299' title='bbox 848 3261 997 3296; x_wconf 86' lang='lat' dir='ltr'>Orientis</span> <span class='ocrx_word' id='word_1_300' title='bbox 1020 3257 1152 3294; x_wconf 88' lang='lat' dir='ltr'>anathe-</span> 
     </span>
     <span class='ocr_line' id='line_1_49' title="bbox 268 3308 1152 3356; baseline -0.006 -9"><span class='ocrx_word' id='word_1_301' title='bbox 268 3314 464 3350; x_wconf 85' lang='lat' dir='ltr'>matizarent</span> <span class='ocrx_word' id='word_1_302' title='bbox 482 3313 623 3356; x_wconf 89' lang='lat' dir='ltr'>impium</span> <span class='ocrx_word' id='word_1_303' title='bbox 647 3310 839 3345; x_wconf 81' lang='lat' dir='ltr'>Nestorium</span> <span class='ocrx_word' id='word_1_304' title='bbox 856 3334 868 3352; x_wconf 87' lang='lat'><em>‚</em></span> <span class='ocrx_word' id='word_1_305' title='bbox 892 3312 926 3347; x_wconf 69' lang='grc' dir='ltr'>δι</span> <span class='ocrx_word' id='word_1_306' title='bbox 949 3320 1064 3345; x_wconf 89' lang='lat' dir='ltr'>omnes</span> <span class='ocrx_word' id='word_1_307' title='bbox 1085 3308 1152 3350; x_wconf 87' lang='lat' dir='ltr'>ejus</span> 
     </span>
     <span class='ocr_line' id='line_1_50' title="bbox 267 3359 1154 3409; baseline -0.008 -10"><span class='ocrx_word' id='word_1_308' title='bbox 267 3373 385 3409; x_wconf 77' lang='lat' dir='ltr'>contra</span> <span class='ocrx_word' id='word_1_309' title='bbox 397 3360 563 3397; x_wconf 82' lang='lat' dir='ltr'>Christum</span> <span class='ocrx_word' id='word_1_310' title='bbox 577 3359 788 3405; x_wconf 86' lang='lat' dir='ltr'>blasphemias</span> <span class='ocrx_word' id='word_1_311' title='bbox 797 3359 903 3398; x_wconf 78' lang='lat' dir='ltr'>dicere</span> <span class='ocrx_word' id='word_1_312' title='bbox 915 3359 1154 3399; x_wconf 66' lang='lat' dir='ltr'>Simonhnam,</span> 
     </span>
     <span class='ocr_line' id='line_1_51' title="bbox 370 3411 806 3460; baseline -0.009 -11"><span class='ocrx_word' id='word_1_313' title='bbox 370 3411 478 3454; x_wconf 68' lang='lat' dir='ltr'>chros-</span> <span class='ocrx_word' id='word_1_314' title='bbox 491 3416 682 3458; x_wconf 72' lang='lat' dir='ltr'>Lupiopera</span> <span class='ocrx_word' id='word_1_315' title='bbox 702 3414 806 3460; x_wconf 65' lang='lat' dir='ltr'>ZVH.</span> 
     </span>
    </p>
   </div>
   <div class='ocr_carea' id='block_1_12' title="bbox 1098 267 1187 2050">
    <p class='ocr_par' dir='ltr' id='par_1_13' title="bbox 1098 267 1187 2050">
     <span class='ocr_line' id='line_1_52' title="bbox 1098 267 1135 971; baseline 0 0"><span class='ocrx_word' id='word_1_316' title='bbox 1098 267 1135 971; x_wconf 95' lang='lat' dir='ltr'>     </span> 
     </span>
     <span class='ocr_line' id='line_1_53' title="bbox 1129 1075 1187 2050; baseline 0 0"><span class='ocrx_word' id='word_1_317' title='bbox 1129 1075 1150 1642; x_wconf 95' lang='lat' dir='ltr'> </span> <span class='ocrx_word' id='word_1_318' title='bbox 1164 1284 1187 2050; x_wconf 95' lang='lat' dir='ltr'> </span> 
     </span>
    </p>
   </div>
   <div class='ocr_carea' id='block_1_13' title="bbox 1874 184 1963 232">
    <p class='ocr_par' dir='ltr' id='par_1_14' title="bbox 1874 184 1963 232">
     <span class='ocr_line' id='line_1_54' title="bbox 1874 184 1963 232; baseline -0.056 0"><span class='ocrx_word' id='word_1_319' title='bbox 1874 184 1963 232; x_wconf 86' lang='lat'>351</span> 
     </span>
    </p>
   </div>
   <div class='ocr_carea' id='block_1_14' title="bbox 1159 253 2049 699">
    <p class='ocr_par' dir='ltr' id='par_1_15' title="bbox 1159 253 2049 699">
     <span class='ocr_line' id='line_1_55' title="bbox 1159 253 2041 299; baseline -0.015 0"><span class='ocrx_word' id='word_1_320' title='bbox 1159 265 1212 299; x_wconf 81' lang='lat' dir='ltr'>scu</span> <span class='ocrx_word' id='word_1_321' title='bbox 1225 259 1453 297; x_wconf 82' lang='lat' dir='ltr'>Nestorianam</span> <span class='ocrx_word' id='word_1_322' title='bbox 1466 255 1626 293; x_wconf 81' lang='lat' dir='ltr'>haeresim.</span> <span class='ocrx_word' id='word_1_323' title='bbox 1656 257 1732 291; x_wconf 89' lang='lat' dir='ltr'>Hoc</span> <span class='ocrx_word' id='word_1_324' title='bbox 1743 255 1788 290; x_wconf 84' lang='lat' dir='ltr'>est</span> <span class='ocrx_word' id='word_1_325' title='bbox 1802 280 1813 298; x_wconf 91' lang='lat'><em>‚</em></span> <span class='ocrx_word' id='word_1_326' title='bbox 1835 264 1872 291; x_wconf 85' lang='lat' dir='ltr'>ut</span> <span class='ocrx_word' id='word_1_327' title='bbox 1883 253 2041 295; x_wconf 83' lang='lat' dir='ltr'>arbitror,</span> 
     </span>
     <span class='ocr_line' id='line_1_56' title="bbox 1159 302 2041 353; baseline -0.02 -4"><span class='ocrx_word' id='word_1_328' title='bbox 1159 315 1193 349; x_wconf 89' lang='lat'>&amp;</span> <span class='ocrx_word' id='word_1_329' title='bbox 1214 312 1303 348; x_wconf 85' lang='lat' dir='ltr'>aliud</span> <span class='ocrx_word' id='word_1_330' title='bbox 1328 308 1430 347; x_wconf 81' lang='lat' dir='ltr'>nihil.</span> <span class='ocrx_word' id='word_1_331' title='bbox 1456 305 1660 353; x_wconf 78' lang='lat' dir='ltr'>Significavit</span> <span class='ocrx_word' id='word_1_332' title='bbox 1680 316 1813 346; x_wconf 82' lang='lat' dir='ltr'>autem,</span> <span class='ocrx_word' id='word_1_333' title='bbox 1838 305 1915 350; x_wconf 75' lang='lat' dir='ltr'>quia</span> <span class='ocrx_word' id='word_1_334' title='bbox 1939 302 2041 347; x_wconf 65' lang='lat' dir='ltr'>parati</span> 
     </span>
     <span class='ocr_line' id='line_1_57' title="bbox 1162 352 2043 400; baseline -0.016 -1"><span class='ocrx_word' id='word_1_335' title='bbox 1162 361 1372 400; x_wconf 79' lang='lat' dir='ltr'>sintuniversi</span> <span class='ocrx_word' id='word_1_336' title='bbox 1383 357 1609 396; x_wconf 80' lang='lat' dir='ltr'>aestimationes</span> <span class='ocrx_word' id='word_1_337' title='bbox 1632 353 1683 387; x_wconf 86' lang='lat' dir='ltr'>vel</span> <span class='ocrx_word' id='word_1_338' title='bbox 1694 355 1865 397; x_wconf 83' lang='lat' dir='ltr'>opiniones</span> <span class='ocrx_word' id='word_1_339' title='bbox 1887 352 2043 388; x_wconf 71' lang='lat' dir='ltr'>suasata-</span> 
     </span>
     <span class='ocr_line' id='line_1_58' title="bbox 1164 402 2045 457; baseline -0.017 -8"><span class='ocrx_word' id='word_1_340' title='bbox 1164 416 1187 448; x_wconf 91' lang='lat' dir='ltr'>li</span> <span class='ocrx_word' id='word_1_341' title='bbox 1201 414 1382 457; x_wconf 85' lang='lat' dir='ltr'>suspicione</span> <span class='ocrx_word' id='word_1_342' title='bbox 1396 408 1550 446; x_wconf 80' lang='lat' dir='ltr'>liberare,</span> <span class='ocrx_word' id='word_1_343' title='bbox 1574 402 1713 449; x_wconf 76' lang='lat' dir='ltr'>eoquod</span> <span class='ocrx_word' id='word_1_344' title='bbox 1732 403 1792 440; x_wconf 78' lang='lat' dir='ltr'>sint</span> <span class='ocrx_word' id='word_1_345' title='bbox 1810 403 1964 438; x_wconf 85' lang='lat' dir='ltr'>omnibus</span> <span class='ocrx_word' id='word_1_346' title='bbox 1976 411 2045 436; x_wconf 87' lang='lat' dir='ltr'>mo-</span> 
     </span>
     <span class='ocr_line' id='line_1_59' title="bbox 1165 450 2047 500; baseline -0.018 -1"><span class='ocrx_word' id='word_1_347' title='bbox 1165 465 1215 499; x_wconf 90' lang='lat' dir='ltr'>dis</span> <span class='ocrx_word' id='word_1_348' title='bbox 1227 463 1317 497; x_wconf 92' lang='lat' dir='ltr'>liberi</span> <span class='ocrx_word' id='word_1_349' title='bbox 1331 459 1373 495; x_wconf 88' lang='lat' dir='ltr'>ab</span> <span class='ocrx_word' id='word_1_350' title='bbox 1386 459 1471 493; x_wconf 90' lang='lat' dir='ltr'>illius</span> <span class='ocrx_word' id='word_1_351' title='bbox 1485 453 1707 500; x_wconf 80' lang='lat' dir='ltr'>blasphemiis.</span> <span class='ocrx_word' id='word_1_352' title='bbox 1735 452 1810 497; x_wconf 77' lang='lat' dir='ltr'>Ego</span> <span class='ocrx_word' id='word_1_353' title='bbox 1822 462 1931 496; x_wconf 82' lang='lat' dir='ltr'>pacem</span> <span class='ocrx_word' id='word_1_354' title='bbox 1943 474 1954 490; x_wconf 86' lang='lat'>‚</span> <span class='ocrx_word' id='word_1_355' title='bbox 1975 450 2047 494; x_wconf 69' lang='lat' dir='ltr'>qu&#39;z</span> 
     </span>
     <span class='ocr_line' id='line_1_60' title="bbox 1168 499 2046 558; baseline -0.017 -9"><span class='ocrx_word' id='word_1_356' title='bbox 1168 526 1223 558; x_wconf 87' lang='lat' dir='ltr'>per</span> <span class='ocrx_word' id='word_1_357' title='bbox 1242 510 1411 548; x_wconf 84' lang='lat' dir='ltr'>Christum</span> <span class='ocrx_word' id='word_1_358' title='bbox 1434 507 1569 552; x_wconf 67' lang='lat' dir='ltr'>praestita</span> <span class='ocrx_word' id='word_1_359' title='bbox 1593 505 1637 539; x_wconf 81' lang='lat' dir='ltr'>est</span> <span class='ocrx_word' id='word_1_360' title='bbox 1654 501 1826 542; x_wconf 82' lang='lat' dir='ltr'>Ecclefiis‚</span> <span class='ocrx_word' id='word_1_361' title='bbox 1850 499 1969 535; x_wconf 81' lang='lat' dir='ltr'>firmari</span> <span class='ocrx_word' id='word_1_362' title='bbox 1991 510 2046 534; x_wconf 90' lang='lat' dir='ltr'>vo-</span> 
     </span>
     <span class='ocr_line' id='line_1_61' title="bbox 1169 550 2049 605; baseline -0.017 -8"><span class='ocrx_word' id='word_1_363' title='bbox 1169 565 1261 604; x_wconf 88' lang='lat' dir='ltr'>lens,</span> <span class='ocrx_word' id='word_1_364' title='bbox 1287 573 1346 597; x_wconf 88' lang='lat' dir='ltr'>oro</span> <span class='ocrx_word' id='word_1_365' title='bbox 1357 559 1490 605; x_wconf 86' lang='lat' dir='ltr'>quidem</span> <span class='ocrx_word' id='word_1_366' title='bbox 1514 554 1669 591; x_wconf 74' lang='lat' dir='ltr'>utcunffl</span> <span class='ocrx_word' id='word_1_367' title='bbox 1683 553 1768 588; x_wconf 88' lang='lat' dir='ltr'>hanc</span> <span class='ocrx_word' id='word_1_368' title='bbox 1790 550 2049 587; x_wconf 85' lang='lat' dir='ltr'>babeantinten-</span> 
     </span>
     <span class='ocr_line' id='line_1_62' title="bbox 1171 598 2048 652; baseline -0.021 -3"><span class='ocrx_word' id='word_1_369' title='bbox 1171 614 1298 649; x_wconf 87' lang='lat' dir='ltr'>tionem</span> <span class='ocrx_word' id='word_1_370' title='bbox 1319 635 1330 652; x_wconf 91' lang='lat'>‚</span> <span class='ocrx_word' id='word_1_371' title='bbox 1348 611 1382 645; x_wconf 69' lang='lat' dir='ltr'>&amp;c</span> <span class='ocrx_word' id='word_1_372' title='bbox 1407 609 1426 644; x_wconf 74' lang='lat' dir='ltr'>a</span> <span class='ocrx_word' id='word_1_373' title='bbox 1450 606 1599 647; x_wconf 81' lang='lat' dir='ltr'>Nestorii</span> <span class='ocrx_word' id='word_1_374' title='bbox 1622 614 1742 644; x_wconf 79' lang='lat' dir='ltr'>vocum</span> <span class='ocrx_word' id='word_1_375' title='bbox 1763 599 1965 639; x_wconf 80' lang='lat' dir='ltr'>novitatibus</span> <span class='ocrx_word' id='word_1_376' title='bbox 1987 598 2048 632; x_wconf 76' lang='lat' dir='ltr'>sint</span> 
     </span>
     <span class='ocr_line' id='line_1_63' title="bbox 1171 663 1303 699; baseline -0.038 0"><span class='ocrx_word' id='word_1_377' title='bbox 1171 663 1303 699; x_wconf 88' lang='lat' dir='ltr'>mundi.</span> 
     </span>
    </p>
   </div>
   <div class='ocr_carea' id='block_1_15' title="bbox 1222 695 2055 760">
    <p class='ocr_par' dir='ltr' id='par_1_16' title="bbox 1222 695 2055 760">
     <span class='ocr_line' id='line_1_64' title="bbox 1222 695 2055 760; baseline -0.017 -14"><span class='ocrx_word' id='word_1_378' title='bbox 1222 712 1312 760; x_wconf 80' lang='lat' dir='ltr'>Qia</span> <span class='ocrx_word' id='word_1_379' title='bbox 1337 709 1414 747; x_wconf 70' lang='lat' dir='ltr'>vero</span> <span class='ocrx_word' id='word_1_380' title='bbox 1435 709 1573 752; x_wconf 89' lang='lat' dir='ltr'>dicunt,</span> <span class='ocrx_word' id='word_1_381' title='bbox 1600 706 1690 754; x_wconf 88' lang='lat' dir='ltr'>quod</span> <span class='ocrx_word' id='word_1_382' title='bbox 1715 699 1951 749; x_wconf 73' lang='lat' dir='ltr'>nihilamplius</span> <span class='ocrx_word' id='word_1_383' title='bbox 1961 695 2055 743; x_wconf 62' lang='lat' dir='ltr'>expei</span> 
     </span>
    </p>
   </div>
   <div class='ocr_carea' id='block_1_16' title="bbox 220 748 2248 1202">
    <p class='ocr_par' dir='ltr' id='par_1_17' title="bbox 220 748 2248 1202">
     <span class='ocr_line' id='line_1_65' title="bbox 1174 748 2054 805; baseline -0.013 -8"><span class='ocrx_word' id='word_1_384' title='bbox 1174 773 1239 796; x_wconf 85' lang='lat' dir='ltr'>tcre</span> <span class='ocrx_word' id='word_1_385' title='bbox 1261 760 1438 797; x_wconf 86' lang='lat' dir='ltr'>debeamus</span> <span class='ocrx_word' id='word_1_386' title='bbox 1458 762 1548 805; x_wconf 86' lang='lat' dir='ltr'>super</span> <span class='ocrx_word' id='word_1_387' title='bbox 1567 771 1626 801; x_wconf 89' lang='lat' dir='ltr'>ca,</span> <span class='ocrx_word' id='word_1_388' title='bbox 1650 770 1722 804; x_wconf 81' lang='lat' dir='ltr'>quae</span> <span class='ocrx_word' id='word_1_389' title='bbox 1741 754 1927 801; x_wconf 77' lang='lat' dir='ltr'>Imperiales</span> <span class='ocrx_word' id='word_1_390' title='bbox 1947 748 2054 794; x_wconf 75' lang='lat' dir='ltr'>&amp;piae</span> 
     </span>
     <span class='ocr_line' id='line_1_66' title="bbox 1175 801 2055 852; baseline -0.015 -7"><span class='ocrx_word' id='word_1_391' title='bbox 1175 811 1289 847; x_wconf 71' lang='lat' dir='ltr'>litterae</span> <span class='ocrx_word' id='word_1_392' title='bbox 1299 813 1473 847; x_wconf 85' lang='lat' dir='ltr'>continent</span> <span class='ocrx_word' id='word_1_393' title='bbox 1486 834 1497 851; x_wconf 83' lang='lat'><em>‚</em></span> <span class='ocrx_word' id='word_1_394' title='bbox 1523 809 1632 845; x_wconf 83' lang='lat' dir='ltr'>&amp;hoc</span> <span class='ocrx_word' id='word_1_395' title='bbox 1652 818 1766 852; x_wconf 88' lang='lat' dir='ltr'>petunt</span> <span class='ocrx_word' id='word_1_396' title='bbox 1790 806 1808 840; x_wconf 67' lang='lat' dir='ltr'>a</span> <span class='ocrx_word' id='word_1_397' title='bbox 1830 816 1886 840; x_wconf 88' lang='lat' dir='ltr'>tua</span> <span class='ocrx_word' id='word_1_398' title='bbox 1897 801 2055 840; x_wconf 82' lang='lat' dir='ltr'>Virtute,</span> 
     </span>
     <span class='ocr_line' id='line_1_67' title="bbox 1176 857 2057 907; baseline -0.011 -10"><span class='ocrx_word' id='word_1_399' title='bbox 1176 862 1332 907; x_wconf 87' lang='lat' dir='ltr'>dignare,</span> <span class='ocrx_word' id='word_1_400' title='bbox 1358 863 1512 897; x_wconf 85' lang='lat' dir='ltr'>omnium</span> <span class='ocrx_word' id='word_1_401' title='bbox 1531 859 1675 904; x_wconf 84' lang='lat' dir='ltr'>juvando</span> <span class='ocrx_word' id='word_1_402' title='bbox 1696 857 1892 902; x_wconf 84' lang='lat' dir='ltr'>opinionem</span> <span class='ocrx_word' id='word_1_403' title='bbox 1905 877 1918 894; x_wconf 86' lang='lat'>,</span> <span class='ocrx_word' id='word_1_404' title='bbox 1942 860 2057 896; x_wconf 68' lang='lat' dir='ltr'>praepa·</span> 
     </span>
     <span class='ocr_line' id='line_1_68' title="bbox 1178 900 2243 968; baseline -0.016 -22"><span class='ocrx_word' id='word_1_405' title='bbox 1178 924 1247 968; x_wconf 78' lang='lat' dir='ltr'>rare</span> <span class='ocrx_word' id='word_1_406' title='bbox 1271 912 1346 946; x_wconf 86' lang='lat' dir='ltr'>illos</span> <span class='ocrx_word' id='word_1_407' title='bbox 1367 909 1639 946; x_wconf 84' lang='lat' dir='ltr'>anathematizare</span> <span class='ocrx_word' id='word_1_408' title='bbox 1650 907 1862 963; x_wconf 77' lang='lat' dir='ltr'>Nestorium,</span> <span class='ocrx_word' id='word_1_409' title='bbox 1887 900 2065 946; x_wconf 83' lang='lat' dir='ltr'>&amp;polluta</span> <span class='ocrx_word' id='word_1_410' title='bbox 2084 925 2243 959; x_wconf 69' lang='lat' dir='ltr'>Aanor·</span> 
     </span>
     <span class='ocr_line' id='line_1_69' title="bbox 220 956 2248 1049; baseline -0.013 -1"><span class='ocrx_word' id='word_1_411' title='bbox 220 1013 273 1049; x_wconf 86' lang='lat' dir='ltr'>dit</span> <span class='ocrx_word' id='word_1_412' title='bbox 283 1011 536 1048; x_wconf 84' lang='lat' dir='ltr'>Theodoretum</span> <span class='ocrx_word' id='word_1_413' title='bbox 548 1008 713 1047; x_wconf 71' lang='lat' dir='ltr'>Fastionis</span> <span class='ocrx_word' id='word_1_414' title='bbox 727 1007 815 1040; x_wconf 88' lang='lat' dir='ltr'>illius</span> <span class='ocrx_word' id='word_1_415' title='bbox 837 1027 848 1044; x_wconf 89' lang='lat'><em>,</em></span> <span class='ocrx_word' id='word_1_416' title='bbox 873 1014 943 1048; x_wconf 76' lang='lat' dir='ltr'>quae</span> <span class='ocrx_word' id='word_1_417' title='bbox 964 997 1112 1036; x_wconf 86' lang='lat' dir='ltr'>Nestorii</span> <span class='ocrx_word' id='word_1_418' title='bbox 1178 956 2063 1049; x_wconf 32' lang='lat' dir='ltr'>{fagffiffigteaffeigffgffiuffiEggfgssessfflz&#39;ciffi:</span> <span class='ocrx_word' id='word_1_419' title='bbox 2082 965 2248 1042; x_wconf 47' lang='lat' dir='ltr'>kffneg‘?</span> 
     </span>
     <span class='ocr_line' id='line_1_70' title="bbox 1183 1043 2248 1102; baseline -0.014 -5"><span class='ocrx_word' id='word_1_420' title='bbox 1183 1063 1266 1097; x_wconf 82' lang='lat' dir='ltr'>stum</span> <span class='ocrx_word' id='word_1_421' title='bbox 1279 1062 1404 1096; x_wconf 89' lang='lat' dir='ltr'>Filium</span> <span class='ocrx_word' id='word_1_422' title='bbox 1416 1060 1482 1095; x_wconf 90' lang='lat' dir='ltr'>Dei</span> <span class='ocrx_word' id='word_1_423' title='bbox 1496 1083 1506 1098; x_wconf 91' lang='lat'>,</span> <span class='ocrx_word' id='word_1_424' title='bbox 1533 1059 1648 1102; x_wconf 87' lang='lat' dir='ltr'>utique</span> <span class='ocrx_word' id='word_1_425' title='bbox 1660 1055 1891 1100; x_wconf 78' lang='lat' dir='ltr'>Unigenitum</span> <span class='ocrx_word' id='word_1_426' title='bbox 1901 1053 1970 1097; x_wconf 74' lang='lat' dir='ltr'>ejus</span> <span class='ocrx_word' id='word_1_427' title='bbox 1983 1050 2066 1088; x_wconf 83' lang='lat' dir='ltr'>Ver·</span> <span class='ocrx_word' id='word_1_428' title='bbox 2083 1043 2248 1084; x_wconf 54' lang='lat' dir='ltr'>exem-¹³11·</span> 
     </span>
     <span class='ocr_line' id='line_1_71' title="bbox 1184 1088 2248 1148; baseline -0.014 -1"><span class='ocrx_word' id='word_1_429' title='bbox 1184 1112 1263 1148; x_wconf 89' lang='lat' dir='ltr'>bum</span> <span class='ocrx_word' id='word_1_430' title='bbox 1276 1110 1531 1146; x_wconf 85' lang='lat' dir='ltr'>inhumanatum</span> <span class='ocrx_word' id='word_1_431' title='bbox 1555 1107 1590 1142; x_wconf 74' lang='grc' dir='ltr'>ἀ</span> <span class='ocrx_word' id='word_1_432' title='bbox 1603 1108 1832 1146; x_wconf 87' lang='lat' dir='ltr'>incarnatum,</span> <span class='ocrx_word' id='word_1_433' title='bbox 1858 1114 1925 1138; x_wconf 89' lang='lat' dir='ltr'>non</span> <span class='ocrx_word' id='word_1_434' title='bbox 1938 1103 1973 1137; x_wconf 84' lang='lat' dir='ltr'>in</span> <span class='ocrx_word' id='word_1_435' title='bbox 1983 1099 2067 1136; x_wconf 82' lang='lat' dir='ltr'>duos</span> <span class='ocrx_word' id='word_1_436' title='bbox 2087 1088 2123 1120; x_wconf 65' lang='lat' dir='ltr'>de</span> <span class='ocrx_word' id='word_1_437' title='bbox 2138 1088 2248 1118; x_wconf 47' lang='lat'>³²¹⁹*</span> 
     </span>
     <span class='ocr_line' id='line_1_72' title="bbox 1185 1123 2201 1202; baseline -0.014 -5"><span class='ocrx_word' id='word_1_438' title='bbox 1185 1162 1272 1198; x_wconf 88' lang='lat' dir='ltr'>filios</span> <span class='ocrx_word' id='word_1_439' title='bbox 1284 1159 1522 1199; x_wconf 85' lang='lat' dir='ltr'>incidendum,</span> <span class='ocrx_word' id='word_1_440' title='bbox 1548 1156 1602 1192; x_wconf 87' lang='lat' dir='ltr'>sed</span> <span class='ocrx_word' id='word_1_441' title='bbox 1622 1154 1815 1191; x_wconf 79' lang='lat' dir='ltr'>eundemex</span> <span class='ocrx_word' id='word_1_442' title='bbox 1835 1154 1912 1189; x_wconf 90' lang='lat' dir='ltr'>Deo</span> <span class='ocrx_word' id='word_1_443' title='bbox 1924 1150 2071 1187; x_wconf 82' lang='lat' dir='ltr'>ineffabi-</span> <span class='ocrx_word' id='word_1_444' title='bbox 2088 1123 2201 1202; x_wconf 50' lang='lat' dir='ltr'>ssfflgd,</span> 
     </span>
    </p>
   </div>
   <div class='ocr_carea' id='block_1_17' title="bbox 1186 1200 2088 1552">
    <p class='ocr_par' dir='ltr' id='par_1_18' title="bbox 1186 1200 2088 1552">
     <span class='ocr_line' id='line_1_73' title="bbox 1186 1200 2074 1256; baseline -0.014 -9"><span class='ocrx_word' id='word_1_445' title='bbox 1186 1213 1262 1247; x_wconf 85' lang='lat' dir='ltr'>liter</span> <span class='ocrx_word' id='word_1_446' title='bbox 1271 1211 1422 1256; x_wconf 88' lang='lat' dir='ltr'>genitum</span> <span class='ocrx_word' id='word_1_447' title='bbox 1446 1219 1523 1245; x_wconf 88' lang='lat' dir='ltr'>ante</span> <span class='ocrx_word' id='word_1_448' title='bbox 1533 1217 1636 1243; x_wconf 88' lang='lat' dir='ltr'>omne</span> <span class='ocrx_word' id='word_1_449' title='bbox 1659 1214 1786 1250; x_wconf 86' lang='lat' dir='ltr'>tempus</span> <span class='ocrx_word' id='word_1_450' title='bbox 1800 1228 1812 1245; x_wconf 92' lang='lat'><strong>,</strong></span> <span class='ocrx_word' id='word_1_451' title='bbox 1837 1204 1920 1240; x_wconf 85' lang='lat' dir='ltr'>&amp;in</span> <span class='ocrx_word' id='word_1_452' title='bbox 1943 1200 2074 1238; x_wconf 85' lang='lat' dir='ltr'>ultimis</span> 
     </span>
     <span class='ocr_line' id='line_1_74' title="bbox 1188 1253 2074 1305; baseline -0.014 -8"><span class='ocrx_word' id='word_1_453' title='bbox 1188 1262 1291 1297; x_wconf 76' lang='lat' dir='ltr'>saeculi</span> <span class='ocrx_word' id='word_1_454' title='bbox 1314 1258 1516 1305; x_wconf 85' lang='lat' dir='ltr'>temporibus</span> <span class='ocrx_word' id='word_1_455' title='bbox 1535 1256 1677 1293; x_wconf 81' lang='lat' dir='ltr'>eundem</span> <span class='ocrx_word' id='word_1_456' title='bbox 1700 1253 1878 1291; x_wconf 77' lang='lat' dir='ltr'>secundum</span> <span class='ocrx_word' id='word_1_457' title='bbox 1890 1262 2021 1288; x_wconf 86' lang='lat' dir='ltr'>carnem</span> <span class='ocrx_word' id='word_1_458' title='bbox 2031 1263 2074 1287; x_wconf 83' lang='lat' dir='ltr'>ex</span> 
     </span>
     <span class='ocr_line' id='line_1_75' title="bbox 1190 1302 2075 1352; baseline -0.014 -6"><span class='ocrx_word' id='word_1_459' title='bbox 1190 1308 1324 1347; x_wconf 78' lang='lat' dir='ltr'>muliere</span> <span class='ocrx_word' id='word_1_460' title='bbox 1336 1336 1347 1352; x_wconf 94' lang='lat'>‚</span> <span class='ocrx_word' id='word_1_461' title='bbox 1374 1310 1418 1345; x_wconf 84' lang='lat' dir='ltr'>ita</span> <span class='ocrx_word' id='word_1_462' title='bbox 1430 1319 1466 1344; x_wconf 91' lang='lat' dir='ltr'>ut</span> <span class='ocrx_word' id='word_1_463' title='bbox 1477 1310 1509 1344; x_wconf 74' lang='grc' dir='ltr'>ἀ</span> <span class='ocrx_word' id='word_1_464' title='bbox 1522 1320 1587 1342; x_wconf 87' lang='lat' dir='ltr'>una</span> <span class='ocrx_word' id='word_1_465' title='bbox 1601 1307 1670 1351; x_wconf 86' lang='lat' dir='ltr'>ejus</span> <span class='ocrx_word' id='word_1_466' title='bbox 1684 1306 1818 1351; x_wconf 74' lang='lat' dir='ltr'>persona</span> <span class='ocrx_word' id='word_1_467' title='bbox 1829 1305 1868 1339; x_wconf 88' lang='lat' dir='ltr'>sit</span> <span class='ocrx_word' id='word_1_468' title='bbox 1881 1328 1889 1336; x_wconf 92' lang='lat'><strong>.</strong></span> <span class='ocrx_word' id='word_1_469' title='bbox 1918 1303 1971 1338; x_wconf 82' lang='lat' dir='ltr'>sic</span> <span class='ocrx_word' id='word_1_470' title='bbox 1982 1302 2075 1337; x_wconf 89' lang='lat' dir='ltr'>enim</span> 
     </span>
     <span class='ocr_line' id='line_1_76' title="bbox 1189 1352 2077 1404; baseline -0.014 -7"><span class='ocrx_word' id='word_1_471' title='bbox 1189 1362 1256 1398; x_wconf 90' lang='lat' dir='ltr'>Dei</span> <span class='ocrx_word' id='word_1_472' title='bbox 1268 1361 1473 1396; x_wconf 85' lang='lat' dir='ltr'>Genitricem</span> <span class='ocrx_word' id='word_1_473' title='bbox 1487 1358 1702 1404; x_wconf 87' lang='lat' dir='ltr'>intelligimus</span> <span class='ocrx_word' id='word_1_474' title='bbox 1713 1356 1863 1391; x_wconf 73' lang='lat' dir='ltr'>Sanstam</span> <span class='ocrx_word' id='word_1_475' title='bbox 1874 1352 2051 1399; x_wconf 87' lang='lat' dir='ltr'>Virginem</span> <span class='ocrx_word' id='word_1_476' title='bbox 2063 1374 2077 1391; x_wconf 85' lang='lat'><em>,</em></span> 
     </span>
     <span class='ocr_line' id='line_1_77' title="bbox 1189 1401 2079 1457; baseline -0.015 -10"><span class='ocrx_word' id='word_1_477' title='bbox 1189 1412 1230 1447; x_wconf 76' lang='lat' dir='ltr'>eo</span> <span class='ocrx_word' id='word_1_478' title='bbox 1242 1411 1331 1457; x_wconf 86' lang='lat' dir='ltr'>quod</span> <span class='ocrx_word' id='word_1_479' title='bbox 1343 1410 1380 1446; x_wconf 84' lang='lat' dir='ltr'>sit</span> <span class='ocrx_word' id='word_1_480' title='bbox 1395 1409 1482 1445; x_wconf 88' lang='lat' dir='ltr'>idem</span> <span class='ocrx_word' id='word_1_481' title='bbox 1494 1409 1586 1444; x_wconf 90' lang='lat' dir='ltr'>Deus</span> <span class='ocrx_word' id='word_1_482' title='bbox 1595 1407 1800 1451; x_wconf 84' lang='lat' dir='ltr'>simulatque</span> <span class='ocrx_word' id='word_1_483' title='bbox 1824 1403 1927 1439; x_wconf 84' lang='lat' dir='ltr'>homo</span> <span class='ocrx_word' id='word_1_484' title='bbox 1940 1428 1948 1436; x_wconf 91' lang='lat'><strong>.</strong></span> <span class='ocrx_word' id='word_1_485' title='bbox 1970 1401 2079 1449; x_wconf 73' lang='lat' dir='ltr'>Quip-</span> 
     </span>
     <span class='ocr_line' id='line_1_78' title="bbox 1191 1453 2079 1507; baseline -0.015 -9"><span class='ocrx_word' id='word_1_486' title='bbox 1191 1474 1231 1507; x_wconf 90' lang='lat' dir='ltr'>pe</span> <span class='ocrx_word' id='word_1_487' title='bbox 1253 1462 1310 1506; x_wconf 90' lang='lat' dir='ltr'>qui</span> <span class='ocrx_word' id='word_1_488' title='bbox 1338 1458 1659 1499; x_wconf 86' lang='lat' dir='ltr'>inconvertibiliter,</span> <span class='ocrx_word' id='word_1_489' title='bbox 1683 1456 1718 1492; x_wconf 84' lang='lat'>&amp;</span> <span class='ocrx_word' id='word_1_490' title='bbox 1741 1453 1914 1491; x_wconf 75' lang='lat' dir='ltr'>inconfuse</span> <span class='ocrx_word' id='word_1_491' title='bbox 1933 1453 2079 1488; x_wconf 84' lang='lat' dir='ltr'>incarna-</span> 
     </span>
     <span class='ocr_line' id='line_1_79' title="bbox 1192 1498 2088 1552; baseline -0.015 -5"><span class='ocrx_word' id='word_1_492' title='bbox 1192 1524 1244 1548; x_wconf 91' lang='lat' dir='ltr'>tus</span> <span class='ocrx_word' id='word_1_493' title='bbox 1262 1508 1546 1545; x_wconf 87' lang='lat' dir='ltr'>&amp;inhumanatus</span> <span class='ocrx_word' id='word_1_494' title='bbox 1570 1506 1615 1543; x_wconf 84' lang='lat' dir='ltr'>est</span> <span class='ocrx_word' id='word_1_495' title='bbox 1640 1506 1850 1552; x_wconf 85' lang='lat' dir='ltr'>Unigenitus</span> <span class='ocrx_word' id='word_1_496' title='bbox 1871 1530 1878 1538; x_wconf 90' lang='lat'><strong><em>.</em></strong></span> <span class='ocrx_word' id='word_1_497' title='bbox 1908 1503 1981 1537; x_wconf 72' lang='lat' dir='ltr'>Effe</span> <span class='ocrx_word' id='word_1_498' title='bbox 2003 1498 2088 1536; x_wconf 57' lang='lat' dir='ltr'>vero*</span> 
     </span>
    </p>
   </div>
   <div class='ocr_carea' id='block_1_18' title="bbox 1179 1554 2085 1605">
    <p class='ocr_par' dir='ltr' id='par_1_19' title="bbox 1179 1554 2085 1605">
     <span class='ocr_line' id='line_1_80' title="bbox 1179 1554 2085 1605; baseline -0.012 -9"><span class='ocrx_word' id='word_1_499' title='bbox 1179 1573 1266 1597; x_wconf 87' lang='lat' dir='ltr'>-eum</span> <span class='ocrx_word' id='word_1_500' title='bbox 1281 1559 1457 1605; x_wconf 76' lang='lat' dir='ltr'>passibilem</span> <span class='ocrx_word' id='word_1_501' title='bbox 1471 1558 1606 1605; x_wconf 85' lang='lat' dir='ltr'>quidem</span> <span class='ocrx_word' id='word_1_502' title='bbox 1626 1554 1841 1591; x_wconf 84' lang='lat' dir='ltr'>humanitatis</span> <span class='ocrx_word' id='word_1_503' title='bbox 1865 1563 1980 1588; x_wconf 87' lang='lat' dir='ltr'>natura</span> <span class='ocrx_word' id='word_1_504' title='bbox 1992 1575 2005 1592; x_wconf 90' lang='lat'>,</span> <span class='ocrx_word' id='word_1_505' title='bbox 2030 1559 2085 1594; x_wconf 81' lang='lat' dir='ltr'>pa·</span> 
     </span>
    </p>
   </div>
   <div class='ocr_carea' id='block_1_19' title="bbox 1194 1597 2101 2292">
    <p class='ocr_par' dir='ltr' id='par_1_20' title="bbox 1194 1597 2087 1705">
     <span class='ocr_line' id='line_1_81' title="bbox 1194 1597 2087 1653; baseline -0.016 -6"><span class='ocrx_word' id='word_1_506' title='bbox 1194 1613 1218 1647; x_wconf 89' lang='lat' dir='ltr'>ti</span> <span class='ocrx_word' id='word_1_507' title='bbox 1233 1610 1310 1646; x_wconf 78' lang='lat' dir='ltr'>vero</span> <span class='ocrx_word' id='word_1_508' title='bbox 1328 1621 1405 1646; x_wconf 89' lang='lat' dir='ltr'>eum</span> <span class='ocrx_word' id='word_1_509' title='bbox 1418 1608 1616 1653; x_wconf 71' lang='lat' dir='ltr'>impossibile</span> <span class='ocrx_word' id='word_1_510' title='bbox 1639 1617 1753 1641; x_wconf 87' lang='lat' dir='ltr'>natura</span> <span class='ocrx_word' id='word_1_511' title='bbox 1765 1601 1961 1638; x_wconf 86' lang='lat' dir='ltr'>Divinitatis</span> <span class='ocrx_word' id='word_1_512' title='bbox 1974 1626 1983 1635; x_wconf 93' lang='lat'><strong>.</strong></span> <span class='ocrx_word' id='word_1_513' title='bbox 2008 1597 2087 1635; x_wconf 75' lang='lat' dir='ltr'>Pati</span> 
     </span>
     <span class='ocr_line' id='line_1_82' title="bbox 1194 1654 1931 1705; baseline -0.015 -8"><span class='ocrx_word' id='word_1_514' title='bbox 1194 1673 1270 1697; x_wconf 88' lang='lat' dir='ltr'>eum</span> <span class='ocrx_word' id='word_1_515' title='bbox 1285 1660 1411 1705; x_wconf 87' lang='lat' dir='ltr'>propria</span> <span class='ocrx_word' id='word_1_516' title='bbox 1422 1669 1519 1694; x_wconf 87' lang='lat' dir='ltr'>carne</span> <span class='ocrx_word' id='word_1_517' title='bbox 1531 1656 1711 1693; x_wconf 68' lang='lat' dir='ltr'>secundum</span> <span class='ocrx_word' id='word_1_518' title='bbox 1732 1654 1912 1698; x_wconf 85' lang='lat' dir='ltr'>Scripturas</span> <span class='ocrx_word' id='word_1_519' title='bbox 1923 1678 1931 1685; x_wconf 91' lang='lat'><em>.</em></span> 
     </span>
    </p>

    <p class='ocr_par' dir='ltr' id='par_1_21' title="bbox 1196 1696 2101 2292">
     <span class='ocr_line' id='line_1_83' title="bbox 1249 1696 2089 1752; baseline -0.015 -6"><span class='ocrx_word' id='word_1_520' title='bbox 1249 1711 1315 1746; x_wconf 87' lang='lat' dir='ltr'>His</span> <span class='ocrx_word' id='word_1_521' title='bbox 1327 1720 1469 1752; x_wconf 87' lang='lat' dir='ltr'>namque</span> <span class='ocrx_word' id='word_1_522' title='bbox 1497 1706 1682 1750; x_wconf 69' lang='lat' dir='ltr'>conjunctis</span> <span class='ocrx_word' id='word_1_523' title='bbox 1695 1701 1912 1740; x_wconf 85' lang='lat' dir='ltr'>Anatbemati</span> <span class='ocrx_word' id='word_1_524' title='bbox 1935 1696 2089 1736; x_wconf 65' lang='lat' dir='ltr'>adversus</span> 
     </span>
     <span class='ocr_line' id='line_1_84' title="bbox 1196 1747 2089 1801; baseline -0.016 -5"><span class='ocrx_word' id='word_1_525' title='bbox 1196 1761 1413 1801; x_wconf 80' lang='lat' dir='ltr'>Nestorium,</span> <span class='ocrx_word' id='word_1_526' title='bbox 1438 1759 1549 1794; x_wconf 88' lang='lat' dir='ltr'>omnis</span> <span class='ocrx_word' id='word_1_527' title='bbox 1573 1757 1614 1792; x_wconf 88' lang='lat' dir='ltr'>de</span> <span class='ocrx_word' id='word_1_528' title='bbox 1638 1765 1756 1791; x_wconf 82' lang='lat' dir='ltr'>caetero</span> <span class='ocrx_word' id='word_1_529' title='bbox 1776 1777 1788 1794; x_wconf 88' lang='lat'>,</span> <span class='ocrx_word' id='word_1_530' title='bbox 1814 1763 1851 1787; x_wconf 88' lang='lat' dir='ltr'>ut</span> <span class='ocrx_word' id='word_1_531' title='bbox 1872 1762 1982 1787; x_wconf 87' lang='lat' dir='ltr'>tamen</span> <span class='ocrx_word' id='word_1_532' title='bbox 2005 1747 2089 1784; x_wconf 87' lang='lat' dir='ltr'>arbi·</span> 
     </span>
     <span class='ocr_line' id='line_1_85' title="bbox 1197 1799 2087 1853; baseline -0.016 -7"><span class='ocrx_word' id='word_1_533' title='bbox 1197 1823 1265 1846; x_wconf 89' lang='lat' dir='ltr'>tror</span> <span class='ocrx_word' id='word_1_534' title='bbox 1275 1835 1288 1853; x_wconf 89' lang='lat'>‚</span> <span class='ocrx_word' id='word_1_535' title='bbox 1315 1809 1443 1845; x_wconf 87' lang='lat' dir='ltr'>vacabit</span> <span class='ocrx_word' id='word_1_536' title='bbox 1455 1808 1638 1847; x_wconf 90' lang='lat' dir='ltr'>incusatio,</span> <span class='ocrx_word' id='word_1_537' title='bbox 1663 1805 1698 1840; x_wconf 73' lang='grc' dir='ltr'>ὰ</span> <span class='ocrx_word' id='word_1_538' title='bbox 1710 1802 1833 1840; x_wconf 82' lang='lat' dir='ltr'>munda</span> <span class='ocrx_word' id='word_1_539' title='bbox 1845 1802 1907 1838; x_wconf 92' lang='lat' dir='ltr'>erit</span> <span class='ocrx_word' id='word_1_540' title='bbox 1918 1799 2087 1836; x_wconf 87' lang='lat' dir='ltr'>conscien-</span> 
     </span>
     <span class='ocr_line' id='line_1_86' title="bbox 1197 1849 2080 1899; baseline -0.016 -3"><span class='ocrx_word' id='word_1_541' title='bbox 1197 1861 1242 1896; x_wconf 90' lang='lat' dir='ltr'>tia</span> <span class='ocrx_word' id='word_1_542' title='bbox 1256 1859 1429 1895; x_wconf 81' lang='lat' dir='ltr'>hominum</span> <span class='ocrx_word' id='word_1_543' title='bbox 1442 1882 1454 1899; x_wconf 91' lang='lat'><strong>,</strong></span> <span class='ocrx_word' id='word_1_544' title='bbox 1479 1868 1587 1893; x_wconf 85' lang='lat' dir='ltr'>urnec</span> <span class='ocrx_word' id='word_1_545' title='bbox 1602 1854 1661 1896; x_wconf 85' lang='lat' dir='ltr'>hi,</span> <span class='ocrx_word' id='word_1_546' title='bbox 1688 1854 1747 1899; x_wconf 87' lang='lat' dir='ltr'>qui</span> <span class='ocrx_word' id='word_1_547' title='bbox 1762 1864 1820 1898; x_wconf 85' lang='lat' dir='ltr'>per</span> <span class='ocrx_word' id='word_1_548' title='bbox 1844 1852 1994 1887; x_wconf 88' lang='lat' dir='ltr'>civitates</span> <span class='ocrx_word' id='word_1_549' title='bbox 2005 1849 2080 1883; x_wconf 82' lang='lat' dir='ltr'>sunt</span> 
     </span>
     <span class='ocr_line' id='line_1_87' title="bbox 1199 1896 2094 1955; baseline -0.012 -9"><span class='ocrx_word' id='word_1_550' title='bbox 1199 1911 1319 1955; x_wconf 86' lang='lat' dir='ltr'>Populi</span> <span class='ocrx_word' id='word_1_551' title='bbox 1341 1907 1526 1953; x_wconf 86' lang='lat' dir='ltr'>confligant</span> <span class='ocrx_word' id='word_1_552' title='bbox 1544 1905 1679 1942; x_wconf 71' lang='lat' dir='ltr'>ulterius</span> <span class='ocrx_word' id='word_1_553' title='bbox 1702 1914 1818 1939; x_wconf 88' lang='lat' dir='ltr'>contra</span> <span class='ocrx_word' id='word_1_554' title='bbox 1831 1903 1862 1937; x_wconf 87' lang='lat' dir='ltr'>se</span> <span class='ocrx_word' id='word_1_555' title='bbox 1875 1927 1886 1943; x_wconf 93' lang='lat'>,</span> <span class='ocrx_word' id='word_1_556' title='bbox 1912 1901 1963 1935; x_wconf 89' lang='lat' dir='ltr'>vel</span> <span class='ocrx_word' id='word_1_557' title='bbox 1983 1896 2094 1935; x_wconf 49' lang='lat' dir='ltr'>omnia</span> 
     </span>
     <span class='ocr_line' id='line_1_88' title="bbox 1201 1951 2092 2002; baseline -0.017 -6"><span class='ocrx_word' id='word_1_558' title='bbox 1201 1960 1247 1996; x_wconf 74' lang='grc' dir='ltr'>πὸ</span> <span class='ocrx_word' id='word_1_559' title='bbox 1263 1959 1482 1995; x_wconf 85' lang='lat' dir='ltr'>scandalizans</span> <span class='ocrx_word' id='word_1_560' title='bbox 1503 1955 1629 2002; x_wconf 77' lang='lat' dir='ltr'>aliquid</span> <span class='ocrx_word' id='word_1_561' title='bbox 1642 1956 1678 1989; x_wconf 93' lang='lat' dir='ltr'>in</span> <span class='ocrx_word' id='word_1_562' title='bbox 1690 1953 1859 1999; x_wconf 79' lang='lat' dir='ltr'>Magistris</span> <span class='ocrx_word' id='word_1_563' title='bbox 1871 1951 2092 1988; x_wconf 84' lang='lat' dir='ltr'>confitentes,</span> 
     </span>
     <span class='ocr_line' id='line_1_89' title="bbox 1201 2000 2096 2055; baseline -0.018 -9"><span class='ocrx_word' id='word_1_564' title='bbox 1201 2011 1290 2055; x_wconf 85' lang='lat' dir='ltr'>quod</span> <span class='ocrx_word' id='word_1_565' title='bbox 1303 2009 1410 2045; x_wconf 70' lang='lat' dir='ltr'>cunsti</span> <span class='ocrx_word' id='word_1_566' title='bbox 1425 2018 1594 2042; x_wconf 84' lang='lat' dir='ltr'>teneamus</span> <span class='ocrx_word' id='word_1_567' title='bbox 1618 2006 1653 2040; x_wconf 90' lang='lat' dir='ltr'>in</span> <span class='ocrx_word' id='word_1_568' title='bbox 1669 2005 1765 2038; x_wconf 84' lang='lat' dir='ltr'>nobis</span> <span class='ocrx_word' id='word_1_569' title='bbox 1777 2003 1894 2037; x_wconf 64' lang='lat' dir='ltr'>rediam</span> <span class='ocrx_word' id='word_1_570' title='bbox 1914 2000 1948 2033; x_wconf 74' lang='grc' dir='ltr'>ἀ</span> <span class='ocrx_word' id='word_1_571' title='bbox 1961 2000 2096 2032; x_wconf 75' lang='lat' dir='ltr'>inaccu-</span> 
     </span>
     <span class='ocr_line' id='line_1_90' title="bbox 1203 2049 2096 2095; baseline -0.016 -1"><span class='ocrx_word' id='word_1_572' title='bbox 1203 2061 1335 2094; x_wconf 89' lang='lat' dir='ltr'>sabilern</span> <span class='ocrx_word' id='word_1_573' title='bbox 1349 2059 1468 2093; x_wconf 87' lang='lat' dir='ltr'>fidem.</span> <span class='ocrx_word' id='word_1_574' title='bbox 1497 2056 1580 2090; x_wconf 81' lang='lat' dir='ltr'>Haec</span> <span class='ocrx_word' id='word_1_575' title='bbox 1603 2055 1694 2088; x_wconf 86' lang='lat' dir='ltr'>enim</span> <span class='ocrx_word' id='word_1_576' title='bbox 1719 2053 1842 2095; x_wconf 80' lang='lat' dir='ltr'>scripsit</span> <span class='ocrx_word' id='word_1_577' title='bbox 1852 2049 2007 2085; x_wconf 84' lang='lat' dir='ltr'>Domino</span> <span class='ocrx_word' id='word_1_578' title='bbox 2019 2057 2096 2086; x_wconf 79' lang='lat' dir='ltr'>meo</span> 
     </span>
     <span class='ocr_line' id='line_1_91' title="bbox 1203 2095 2098 2153; baseline -0.016 -9"><span class='ocrx_word' id='word_1_579' title='bbox 1203 2109 1369 2153; x_wconf 84' lang='lat' dir='ltr'>Episcopo</span> <span class='ocrx_word' id='word_1_580' title='bbox 1390 2106 1612 2140; x_wconf 84' lang='lat' dir='ltr'>Beroniciano</span> <span class='ocrx_word' id='word_1_581' title='bbox 1635 2129 1642 2136; x_wconf 89' lang='lat'><strong>.</strong></span> <span class='ocrx_word' id='word_1_582' title='bbox 1672 2102 1826 2137; x_wconf 84' lang='lat' dir='ltr'>Arbitror</span> <span class='ocrx_word' id='word_1_583' title='bbox 1853 2097 1929 2134; x_wconf 71' lang='lat' dir='ltr'>vcro</span> <span class='ocrx_word' id='word_1_584' title='bbox 1951 2122 1962 2139; x_wconf 93' lang='lat'>,</span> <span class='ocrx_word' id='word_1_585' title='bbox 2003 2095 2098 2142; x_wconf 80' lang='lat' dir='ltr'>quod</span> 
     </span>
     <span class='ocr_line' id='line_1_92' title="bbox 1203 2148 2101 2198; baseline -0.017 -3"><span class='ocrx_word' id='word_1_586' title='bbox 1203 2159 1244 2195; x_wconf 83' lang='lat' dir='ltr'>ad</span> <span class='ocrx_word' id='word_1_587' title='bbox 1270 2159 1358 2192; x_wconf 88' lang='lat' dir='ltr'>idem</span> <span class='ocrx_word' id='word_1_588' title='bbox 1384 2156 1535 2198; x_wconf 73' lang='lat' dir='ltr'>respiciat</span> <span class='ocrx_word' id='word_1_589' title='bbox 1570 2155 1671 2188; x_wconf 88' lang='lat' dir='ltr'>virtus</span> <span class='ocrx_word' id='word_1_590' title='bbox 1692 2150 1918 2196; x_wconf 74' lang='lat' dir='ltr'>imperialium</span> <span class='ocrx_word' id='word_1_591' title='bbox 1938 2148 2101 2182; x_wconf 80' lang='lat' dir='ltr'>Decretu-</span> 
     </span>
     <span class='ocr_line' id='line_1_93' title="bbox 1206 2196 2096 2248; baseline -0.012 -7"><span class='ocrx_word' id='word_1_592' title='bbox 1206 2218 1296 2247; x_wconf 90' lang='lat' dir='ltr'>rum,</span> <span class='ocrx_word' id='word_1_593' title='bbox 1322 2207 1357 2240; x_wconf 76' lang='lat' dir='ltr'>dc</span> <span class='ocrx_word' id='word_1_594' title='bbox 1370 2202 1521 2240; x_wconf 81' lang='lat' dir='ltr'>nihilhis</span> <span class='ocrx_word' id='word_1_595' title='bbox 1537 2226 1550 2244; x_wconf 91' lang='lat'>,</span> <span class='ocrx_word' id='word_1_596' title='bbox 1577 2211 1649 2248; x_wconf 84' lang='lat' dir='ltr'>quae</span> <span class='ocrx_word' id='word_1_597' title='bbox 1660 2208 1815 2245; x_wconf 79' lang='lat' dir='ltr'>praecepta</span> <span class='ocrx_word' id='word_1_598' title='bbox 1841 2199 1918 2233; x_wconf 84' lang='lat' dir='ltr'>sunt</span> <span class='ocrx_word' id='word_1_599' title='bbox 1932 2221 1944 2239; x_wconf 91' lang='lat'>,</span> <span class='ocrx_word' id='word_1_600' title='bbox 1971 2196 2096 2239; x_wconf 76' lang='lat' dir='ltr'>adjece-</span> 
     </span>
     <span class='ocr_line' id='line_1_94' title="bbox 1206 2265 1328 2292; baseline -0.025 0"><span class='ocrx_word' id='word_1_601' title='bbox 1206 2265 1328 2292; x_wconf 81' lang='lat' dir='ltr'>rimus.</span> 
     </span>
    </p>
   </div>
   <div class='ocr_carea' id='block_1_20' title="bbox 1408 2408 1906 2453">
    <p class='ocr_par' dir='ltr' id='par_1_22' title="bbox 1408 2408 1906 2453">
     <span class='ocr_line' id='line_1_95' title="bbox 1408 2408 1906 2453; baseline -0.006 -1"><span class='ocrx_word' id='word_1_602' title='bbox 1408 2408 1906 2453; x_wconf 58' lang='lat' dir='ltr'>Senecioni.</span> 
     </span>
    </p>
   </div>
   <div class='ocr_carea' id='block_1_21' title="bbox 1207 2546 2101 3444">
    <p class='ocr_par' dir='ltr' id='par_1_23' title="bbox 1318 2546 2099 2596">
     <span class='ocr_line' id='line_1_96' title="bbox 1318 2546 2099 2596; baseline -0.008 -8"><span class='ocrx_word' id='word_1_603' title='bbox 1318 2553 1387 2588; x_wconf 80' lang='lat' dir='ltr'>AEc</span> <span class='ocrx_word' id='word_1_604' title='bbox 1405 2551 1551 2596; x_wconf 81' lang='lat' dir='ltr'>Epistola</span> <span class='ocrx_word' id='word_1_605' title='bbox 1572 2551 1687 2595; x_wconf 84' lang='lat' dir='ltr'>scripta</span> <span class='ocrx_word' id='word_1_606' title='bbox 1706 2550 1751 2584; x_wconf 75' lang='lat' dir='ltr'>esi</span> <span class='ocrx_word' id='word_1_607' title='bbox 1764 2550 1821 2584; x_wconf 91' lang='lat' dir='ltr'>sub</span> <span class='ocrx_word' id='word_1_608' title='bbox 1839 2550 1938 2585; x_wconf 82' lang='lat' dir='ltr'>finem</span> <span class='ocrx_word' id='word_1_609' title='bbox 1951 2549 2032 2584; x_wconf 87' lang='lat' dir='ltr'>anni</span> <span class='ocrx_word' id='word_1_610' title='bbox 2045 2546 2099 2583; x_wconf 86' lang='lat' dir='ltr'>tri-</span> 
     </span>
    </p>

    <p class='ocr_par' dir='ltr' id='par_1_24' title="bbox 1207 2598 2101 3434">
     <span class='ocr_line' id='line_1_97' title="bbox 1340 2598 2101 2649; baseline -0.007 -11"><span class='ocrx_word' id='word_1_611' title='bbox 1340 2602 1454 2649; x_wconf 87' lang='lat' dir='ltr'>gesimi</span> <span class='ocrx_word' id='word_1_612' title='bbox 1465 2601 1572 2645; x_wconf 86' lang='lat' dir='ltr'>quinti</span> <span class='ocrx_word' id='word_1_613' title='bbox 1584 2625 1596 2643; x_wconf 87' lang='lat'>‚</span> <span class='ocrx_word' id='word_1_614' title='bbox 1621 2610 1677 2635; x_wconf 88' lang='lat' dir='ltr'>aut</span> <span class='ocrx_word' id='word_1_615' title='bbox 1690 2599 1749 2635; x_wconf 88' lang='lat' dir='ltr'>sub</span> <span class='ocrx_word' id='word_1_616' title='bbox 1757 2600 1929 2635; x_wconf 87' lang='lat' dir='ltr'>exordium</span> <span class='ocrx_word' id='word_1_617' title='bbox 1941 2598 2101 2644; x_wconf 81' lang='lat' dir='ltr'>trigesimi</span> 
     </span>
     <span class='ocr_line' id='line_1_98' title="bbox 1213 2648 2100 2696; baseline -0.009 -6"><span class='ocrx_word' id='word_1_618' title='bbox 1213 2655 1293 2690; x_wconf 87' lang='lat' dir='ltr'>sexti</span> <span class='ocrx_word' id='word_1_619' title='bbox 1317 2653 1434 2689; x_wconf 82' lang='lat' dir='ltr'>saeculo</span> <span class='ocrx_word' id='word_1_620' title='bbox 1458 2651 1596 2696; x_wconf 88' lang='lat' dir='ltr'>quinto.</span> <span class='ocrx_word' id='word_1_621' title='bbox 1625 2651 1757 2685; x_wconf 84' lang='lat' dir='ltr'>Etenim</span> <span class='ocrx_word' id='word_1_622' title='bbox 1779 2661 1834 2694; x_wconf 89' lang='lat' dir='ltr'>per</span> <span class='ocrx_word' id='word_1_623' title='bbox 1856 2650 1956 2694; x_wconf 86' lang='lat' dir='ltr'>ipsam</span> <span class='ocrx_word' id='word_1_624' title='bbox 1969 2648 2100 2683; x_wconf 79' lang='lat' dir='ltr'>laudata</span> 
     </span>
     <span class='ocr_line' id='line_1_99' title="bbox 1210 2698 2100 2747; baseline -0.009 -6"><span class='ocrx_word' id='word_1_625' title='bbox 1210 2706 1280 2741; x_wconf 83' lang='lat' dir='ltr'>Lex</span> <span class='ocrx_word' id='word_1_626' title='bbox 1303 2703 1365 2739; x_wconf 85' lang='lat' dir='ltr'>fuit</span> <span class='ocrx_word' id='word_1_627' title='bbox 1388 2702 1462 2737; x_wconf 86' lang='lat' dir='ltr'>data</span> <span class='ocrx_word' id='word_1_628' title='bbox 1484 2713 1576 2737; x_wconf 87' lang='lat' dir='ltr'>anno</span> <span class='ocrx_word' id='word_1_629' title='bbox 1593 2700 1759 2747; x_wconf 81' lang='lat' dir='ltr'>trigesimo</span> <span class='ocrx_word' id='word_1_630' title='bbox 1769 2700 1910 2744; x_wconf 87' lang='lat' dir='ltr'>quinto,</span> <span class='ocrx_word' id='word_1_631' title='bbox 1936 2698 1991 2733; x_wconf 85' lang='lat' dir='ltr'>die</span> <span class='ocrx_word' id='word_1_632' title='bbox 2003 2698 2100 2733; x_wconf 87' lang='lat' dir='ltr'>tertia</span> 
     </span>
     <span class='ocr_line' id='line_1_100' title="bbox 1211 2748 2100 2801; baseline -0.01 -11"><span class='ocrx_word' id='word_1_633' title='bbox 1211 2755 1372 2801; x_wconf 81' lang='lat' dir='ltr'>Augusti.</span> <span class='ocrx_word' id='word_1_634' title='bbox 1402 2750 1546 2797; x_wconf 83' lang='lat' dir='ltr'>Epistola</span> <span class='ocrx_word' id='word_1_635' title='bbox 1568 2762 1629 2786; x_wconf 85' lang='lat' dir='ltr'>nos</span> <span class='ocrx_word' id='word_1_636' title='bbox 1651 2751 1748 2785; x_wconf 84' lang='lat' dir='ltr'>docet</span> <span class='ocrx_word' id='word_1_637' title='bbox 1775 2749 1864 2793; x_wconf 85' lang='lat' dir='ltr'>plura</span> <span class='ocrx_word' id='word_1_638' title='bbox 1886 2748 2000 2794; x_wconf 86' lang='lat' dir='ltr'>magni</span> <span class='ocrx_word' id='word_1_639' title='bbox 2018 2759 2100 2790; x_wconf 89' lang='lat' dir='ltr'>pon·</span> 
     </span>
     <span class='ocr_line' id='line_1_101' title="bbox 1208 2796 2099 2846; baseline -0.011 -6"><span class='ocrx_word' id='word_1_640' title='bbox 1208 2806 1307 2841; x_wconf 87' lang='lat' dir='ltr'>deris.</span> <span class='ocrx_word' id='word_1_641' title='bbox 1337 2802 1452 2838; x_wconf 78' lang='lat' dir='ltr'>Primo</span> <span class='ocrx_word' id='word_1_642' title='bbox 1464 2826 1476 2843; x_wconf 94' lang='lat'>,</span> <span class='ocrx_word' id='word_1_643' title='bbox 1501 2801 1593 2846; x_wconf 86' lang='lat' dir='ltr'>quod</span> <span class='ocrx_word' id='word_1_644' title='bbox 1607 2801 1678 2836; x_wconf 86' lang='lat' dir='ltr'>Lex</span> <span class='ocrx_word' id='word_1_645' title='bbox 1689 2799 1845 2845; x_wconf 87' lang='lat' dir='ltr'>prodierit</span> <span class='ocrx_word' id='word_1_646' title='bbox 1864 2798 1910 2832; x_wconf 87' lang='lat' dir='ltr'>ob</span> <span class='ocrx_word' id='word_1_647' title='bbox 1922 2809 1988 2832; x_wconf 91' lang='lat' dir='ltr'>non</span> <span class='ocrx_word' id='word_1_648' title='bbox 2001 2796 2099 2840; x_wconf 72' lang='lat' dir='ltr'>plene</span> 
     </span>
     <span class='ocr_line' id='line_1_102' title="bbox 1207 2846 2098 2900; baseline -0.012 -10"><span class='ocrx_word' id='word_1_649' title='bbox 1207 2857 1226 2891; x_wconf 73' lang='lat' dir='ltr'>a</span> <span class='ocrx_word' id='word_1_650' title='bbox 1250 2853 1445 2900; x_wconf 85' lang='lat' dir='ltr'>quibusdam</span> <span class='ocrx_word' id='word_1_651' title='bbox 1467 2850 1693 2886; x_wconf 88' lang='lat' dir='ltr'>Orientalibus</span> <span class='ocrx_word' id='word_1_652' title='bbox 1716 2847 1885 2893; x_wconf 86' lang='lat' dir='ltr'>Episcopis</span> <span class='ocrx_word' id='word_1_653' title='bbox 1906 2846 2098 2891; x_wconf 79' lang='lat' dir='ltr'>adimpletas</span> 
     </span>
     <span class='ocr_line' id='line_1_103' title="bbox 1209 2896 2098 2950; baseline -0.01 -10"><span class='ocrx_word' id='word_1_654' title='bbox 1209 2907 1297 2950; x_wconf 84' lang='lat' dir='ltr'>pacis</span> <span class='ocrx_word' id='word_1_655' title='bbox 1320 2901 1529 2939; x_wconf 83' lang='lat' dir='ltr'>conditiones</span> <span class='ocrx_word' id='word_1_656' title='bbox 1552 2927 1560 2935; x_wconf 89' lang='lat'><em>.</em></span> <span class='ocrx_word' id='word_1_657' title='bbox 1586 2900 1647 2935; x_wconf 74' lang='lat' dir='ltr'>Ha:</span> <span class='ocrx_word' id='word_1_658' title='bbox 1671 2908 1764 2933; x_wconf 87' lang='lat' dir='ltr'>erant</span> <span class='ocrx_word' id='word_1_659' title='bbox 1786 2906 1850 2933; x_wconf 85' lang='lat' dir='ltr'>tres</span> <span class='ocrx_word' id='word_1_660' title='bbox 1870 2909 1880 2930; x_wconf 75' lang='lat' dir='ltr'>t</span> <span class='ocrx_word' id='word_1_661' title='bbox 1908 2896 2098 2931; x_wconf 81' lang='lat' dir='ltr'>Admittere</span> 
     </span>
     <span class='ocr_line' id='line_1_104' title="bbox 1211 2945 2097 2991; baseline -0.012 0"><span class='ocrx_word' id='word_1_662' title='bbox 1211 2955 1456 2991; x_wconf 86' lang='lat' dir='ltr'>damnationem</span> <span class='ocrx_word' id='word_1_663' title='bbox 1467 2951 1612 2987; x_wconf 77' lang='lat' dir='ltr'>Nestorii</span> <span class='ocrx_word' id='word_1_664' title='bbox 1622 2946 1914 2990; x_wconf 82' lang='lat' dir='ltr'>,anathematizare</span> <span class='ocrx_word' id='word_1_665' title='bbox 1926 2946 1992 2990; x_wconf 85' lang='lat' dir='ltr'>ejus</span> <span class='ocrx_word' id='word_1_666' title='bbox 2003 2945 2097 2991; x_wconf 80' lang='lat' dir='ltr'>Dog-</span> 
     </span>
     <span class='ocr_line' id='line_1_105' title="bbox 1212 2997 2096 3047; baseline -0.011 -6"><span class='ocrx_word' id='word_1_667' title='bbox 1212 3016 1296 3041; x_wconf 88' lang='lat' dir='ltr'>mata</span> <span class='ocrx_word' id='word_1_668' title='bbox 1304 3005 1357 3047; x_wconf 88' lang='lat'>,&amp;</span> <span class='ocrx_word' id='word_1_669' title='bbox 1368 3001 1536 3038; x_wconf 87' lang='lat' dir='ltr'>admittere</span> <span class='ocrx_word' id='word_1_670' title='bbox 1547 2999 1804 3036; x_wconf 86' lang='lat' dir='ltr'>Ordinationem</span> <span class='ocrx_word' id='word_1_671' title='bbox 1814 2997 1848 3032; x_wconf 74' lang='lat' dir='ltr'>dt</span> <span class='ocrx_word' id='word_1_672' title='bbox 1858 2997 2096 3033; x_wconf 79' lang='lat' dir='ltr'>Sucoeffionem</span> 
     </span>
     <span class='ocr_line' id='line_1_106' title="bbox 1211 3046 2097 3092; baseline -0.012 -1"><span class='ocrx_word' id='word_1_673' title='bbox 1211 3054 1410 3091; x_wconf 84' lang='lat' dir='ltr'>Maximiani</span> <span class='ocrx_word' id='word_1_674' title='bbox 1434 3079 1442 3086; x_wconf 92' lang='lat'><em>.</em></span> <span class='ocrx_word' id='word_1_675' title='bbox 1468 3049 1702 3085; x_wconf 85' lang='lat' dir='ltr'>Theodoretus</span> <span class='ocrx_word' id='word_1_676' title='bbox 1728 3059 1766 3084; x_wconf 90' lang='lat' dir='ltr'>ac</span> <span class='ocrx_word' id='word_1_677' title='bbox 1800 3048 1858 3082; x_wconf 88' lang='lat' dir='ltr'>alii</span> <span class='ocrx_word' id='word_1_678' title='bbox 1889 3047 1997 3092; x_wconf 87' lang='lat' dir='ltr'>plures</span> <span class='ocrx_word' id='word_1_679' title='bbox 2015 3046 2097 3081; x_wconf 86' lang='lat' dir='ltr'>duas</span> 
     </span>
     <span class='ocr_line' id='line_1_107' title="bbox 1210 3094 2097 3152; baseline -0.016 -10"><span class='ocrx_word' id='word_1_680' title='bbox 1210 3109 1331 3152; x_wconf 87' lang='lat' dir='ltr'>priores</span> <span class='ocrx_word' id='word_1_681' title='bbox 1351 3102 1492 3139; x_wconf 70' lang='lat' dir='ltr'>omnino</span> <span class='ocrx_word' id='word_1_682' title='bbox 1513 3099 1757 3136; x_wconf 84' lang='lat' dir='ltr'>aversabantur.</span> <span class='ocrx_word' id='word_1_683' title='bbox 1784 3097 1880 3146; x_wconf 82' lang='lat' dir='ltr'>Qin</span> <span class='ocrx_word' id='word_1_684' title='bbox 1899 3097 1934 3132; x_wconf 82' lang='lat'>&amp;</span> <span class='ocrx_word' id='word_1_685' title='bbox 1956 3094 2097 3140; x_wconf 71' lang='lat' dir='ltr'>Ioannes</span> 
     </span>
     <span class='ocr_line' id='line_1_108' title="bbox 1213 3143 2096 3191; baseline -0.016 1"><span class='ocrx_word' id='word_1_686' title='bbox 1213 3153 1443 3191; x_wconf 76' lang='lat' dir='ltr'>Antiochenus</span> <span class='ocrx_word' id='word_1_687' title='bbox 1461 3149 1545 3186; x_wconf 70' lang='lat' dir='ltr'>circa</span> <span class='ocrx_word' id='word_1_688' title='bbox 1567 3149 1639 3184; x_wconf 89' lang='lat' dir='ltr'>illas</span> <span class='ocrx_word' id='word_1_689' title='bbox 1658 3148 1857 3186; x_wconf 83' lang='lat' dir='ltr'>connivebat</span> <span class='ocrx_word' id='word_1_690' title='bbox 1870 3173 1878 3183; x_wconf 82' lang='lat'><strong>.</strong></span> <span class='ocrx_word' id='word_1_691' title='bbox 1905 3148 1949 3182; x_wconf 78' lang='lat' dir='ltr'>Et</span> <span class='ocrx_word' id='word_1_692' title='bbox 1961 3145 2021 3181; x_wconf 77' lang='lat' dir='ltr'>sub</span> <span class='ocrx_word' id='word_1_693' title='bbox 2037 3143 2096 3179; x_wconf 82' lang='lat' dir='ltr'>ista</span> 
     </span>
     <span class='ocr_line' id='line_1_109' title="bbox 1212 3193 2098 3245; baseline -0.016 -2"><span class='ocrx_word' id='word_1_694' title='bbox 1212 3205 1425 3242; x_wconf 86' lang='lat' dir='ltr'>conniventia</span> <span class='ocrx_word' id='word_1_695' title='bbox 1450 3201 1556 3245; x_wconf 88' lang='lat' dir='ltr'>plures</span> <span class='ocrx_word' id='word_1_696' title='bbox 1566 3197 1695 3234; x_wconf 75' lang='lat' dir='ltr'>admisit</span> <span class='ocrx_word' id='word_1_697' title='bbox 1708 3196 1748 3234; x_wconf 87' lang='lat' dir='ltr'>ad</span> <span class='ocrx_word' id='word_1_698' title='bbox 1759 3207 1888 3243; x_wconf 81' lang='lat' dir='ltr'>pacem.</span> <span class='ocrx_word' id='word_1_699' title='bbox 1914 3193 1968 3234; x_wconf 77' lang='lat' dir='ltr'>r-:x</span> <span class='ocrx_word' id='word_1_700' title='bbox 1982 3194 2098 3230; x_wconf 81' lang='lat' dir='ltr'>Theo-</span> 
     </span>
     <span class='ocr_line' id='line_1_110' title="bbox 1213 3243 2096 3293; baseline -0.018 1"><span class='ocrx_word' id='word_1_701' title='bbox 1213 3256 1319 3293; x_wconf 87' lang='lat' dir='ltr'>doreti</span> <span class='ocrx_word' id='word_1_702' title='bbox 1345 3252 1500 3290; x_wconf 81' lang='lat' dir='ltr'>consilio.</span> <span class='ocrx_word' id='word_1_703' title='bbox 1527 3250 1608 3284; x_wconf 88' lang='lat' dir='ltr'>Hoc</span> <span class='ocrx_word' id='word_1_704' title='bbox 1628 3249 1700 3283; x_wconf 84' lang='lat' dir='ltr'>aliis</span> <span class='ocrx_word' id='word_1_705' title='bbox 1723 3247 1896 3292; x_wconf 78' lang='lat' dir='ltr'>Episcopis</span> <span class='ocrx_word' id='word_1_706' title='bbox 1914 3243 2096 3292; x_wconf 72' lang='lat' dir='ltr'>graviffime</span> 
     </span>
     <span class='ocr_line' id='line_1_111' title="bbox 1215 3294 2095 3350; baseline -0.016 -9"><span class='ocrx_word' id='word_1_707' title='bbox 1215 3305 1381 3350; x_wconf 87' lang='lat' dir='ltr'>displicuit</span> <span class='ocrx_word' id='word_1_708' title='bbox 1403 3327 1413 3343; x_wconf 90' lang='lat'>‚</span> <span class='ocrx_word' id='word_1_709' title='bbox 1439 3302 1470 3336; x_wconf 74' lang='grc' dir='ltr'>ἀ</span> <span class='ocrx_word' id='word_1_710' title='bbox 1493 3300 1636 3344; x_wconf 88' lang='lat' dir='ltr'>ipsorum</span> <span class='ocrx_word' id='word_1_711' title='bbox 1671 3298 1810 3343; x_wconf 79' lang='lat' dir='ltr'>Populis</span> <span class='ocrx_word' id='word_1_712' title='bbox 1829 3323 1837 3331; x_wconf 92' lang='lat'><strong>.</strong></span> <span class='ocrx_word' id='word_1_713' title='bbox 1882 3296 1977 3334; x_wconf 80' lang='lat' dir='ltr'>Hinc</span> <span class='ocrx_word' id='word_1_714' title='bbox 1996 3294 2095 3331; x_wconf 81' lang='lat' dir='ltr'>etiam</span> 
     </span>
     <span class='ocr_line' id='line_1_112' title="bbox 1219 3342 2095 3434; baseline -0.015 -41"><span class='ocrx_word' id='word_1_715' title='bbox 1219 3356 1289 3403; x_wconf 79' lang='lat' dir='ltr'>post</span> <span class='ocrx_word' id='word_1_716' title='bbox 1312 3356 1428 3394; x_wconf 85' lang='lat' dir='ltr'>initam</span> <span class='ocrx_word' id='word_1_717' title='bbox 1439 3360 1551 3399; x_wconf 85' lang='lat' dir='ltr'>pacem</span> <span class='ocrx_word' id='word_1_718' title='bbox 1563 3350 1724 3434; x_wconf 61' lang='lat' dir='ltr'>Civigtes</span> <span class='ocrx_word' id='word_1_719' title='bbox 1734 3349 1847 3385; x_wconf 60' lang='lat' dir='ltr'>contri</span> <span class='ocrx_word' id='word_1_720' title='bbox 1858 3346 2037 3432; x_wconf 52' lang='lat' dir='ltr'>&lt;livit-eg,</span> <span class='ocrx_word' id='word_1_721' title='bbox 2061 3342 2095 3383; x_wconf 73' lang='grc' dir='ltr'>δε</span> 
     </span>
    </p>

    <p class='ocr_par' dir='ltr' id='par_1_25' title="bbox 1690 3403 2049 3444">
     <span class='ocr_line' id='line_1_113' title="bbox 1690 3403 2049 3444; baseline -0.008 -6"><span class='ocrx_word' id='word_1_722' title='bbox 1690 3407 1716 3444; x_wconf 75' lang='lat' dir='ltr'>g</span> <span class='ocrx_word' id='word_1_723' title='bbox 1763 3409 1787 3437; x_wconf 85' lang='lat'>2</span> <span class='ocrx_word' id='word_1_724' title='bbox 2013 3403 2049 3435; x_wconf 82' lang='lat'>0·.</span> 
     </span>
    </p>
   </div>
  </div>
 </body>
</html>
