2320 3730
668 165 863 213 Inna-x
898 165 1138 224 Renum,
1173 180 1236 211 ετ
1271 165 1633 215 venzonum-0

283 261 352 290 tem
361 252 429 297 ejus
437 250 545 289 statim
566 252 672 291 electo
681 280 690 291 ,

283 462 352 488 non
361 453 410 488 est
421 453 544 491 fidelis.
571 452 626 503 48.
640 466 672 493 2.
699 456 801 492 Varia
823 457 912 492 illius
935 455 1115 490 translatio-

283 501 336 537 nis
365 504 517 539 fortuna.
917 506 988 539 ibid.
1015 505 1049 539 Θ
1055 503 1117 547 seq.

232 551 263 587 5.
287 551 448 596 Ambrofius
469 555 603 599 Magnae
626 554 838 591 authoritatis
859 555 944 599 apud
966 554 1118 589 Graecos.

283 612 407 650 229-1·
434 604 807 642 citaturaNestorianis
826 617 942 641 contra
965 605 1116 638 Sanctum

284 652 469 697 Cyrillum.
867 656 940 690 ibid.
952 655 985 689 Θ
1002 665 1076 702 143.
1089 665 1116 689 1.

233 702 654 749 Amphilochius’sspiscopus
674 705 850 741 Iconienfis
871 729 884 747 ‚
911 706 1117 740 consecratus

285 751 329 787 ab
338 753 494 799 Angelis.
523 765 599 802 159.
618 766 645 791 1.
672 755 763 789 lilius
779 756 969 792 auctoritate
980 755 1116 799 Capitu

286 801 318 837 la
330 804 388 838 lua
400 814 509 840 tuetur
529 806 665 841 sanstus
676 806 822 848 Cyrillus
836 830 844 840 .
994 814 1071 851 203-
1085 815 1115 851 2·

233 850 480 889 Anachoretica
496 854 564 889 vita
585 856 620 888 in
633 855 789 891 columna
801 881 813 899 ,
837 855 856 891 ὲ
867 856 984 892 Sanno
994 855 1117 889 Simeo-

283 913 328 936 ne
347 902 468 946 Stylite
487 905 654 949 originem
675 904 784 941 ducit.

284 954 360 986 Vide
369 953 504 989 Simeon
517 954 649 999 Stylites
659 979 668 989 .

233 1000 457 1038 Anachoretis
476 1004 702 1040 licuit-habere
718 1005 883 1041 famulum
895 1012 1025 1048 propter
1046 1002 1117 1037 vitae

284 1052 523 1086 neceffitatem.
986 1064 1066 1099 171-
1087 1064 1118 1089 2-

230 1099 423 1138 Anathema
446 1112 515 1136 non
539 1102 730 1145 ferendum,
757 1103 863 1138 nifiin
873 1103 1047 1149 singulares
1058 1101 1116 1137 hae-

281 1149 401 1185 reticos
412 1150 570 1187 articulos
581 1177 588 1185 .
995 1163 1069 1201 190-
1090 1165 1116 1191 1·

231 1198 592 1238 Anathematismorum
617 1203 712 1248 copia
724 1228 737 1246 ,
762 1204 862 1239 instar
881 1204 1115 1248 Nymborum,

989 914 1071 952 ⁴171.
1086 913 1116 939 1.

282 1251 348 1286 lata
369 1250 411 1286 ab
424 1251 593 1297 Episcopis
602 1264 717 1289 contra
734 1255 934 1299 Episcopos.
985 1264 1066 1300 224.
1082 1265 1116 1290 1-

228 1302 367 1338 Andreas
377 1301 626 1344 Samosatenus,
654 1304 704 1339 vir
715 1306 827 1350 magni
848 1305 1017 1344 nominis,
1044 1314 1112 1338 non

249 1396 253 1400 .
279 1352 432 1386 interfuit
450 1355 688 1389 conventiculo
710 1353 895 1399 Ephefino,
922 1354 1114 1389 infirmitate

278 1401 431 1436 detentus
444 1427 451 1434 .
479 1401 534 1439 62.
552 1415 579 1439 1.
632 1405 690 1439 Est
709 1405 830 1440 author
842 1404 1046 1440 refutationis
1058 1405 1119 1439 Ca·

280 1451 461 1496 pitulorum
483 1454 588 1489 Sandi
608 1454 753 1499 Cyrilli,
779 1457 868 1491 fastae
890 1456 1028 1490 nomine
1050 1466 1120 1489 om-

279 1502 375 1536 nium
397 1501 633 1547 Episcoporum
663 1505 886 1540 Orientalium
908 1529 917 1538 .
974 1516 1051 1553 133-
1091 1516 1118 1540 1-

279 1552 353 1586 Cur
363 1577 374 1593 ,
398 1553 570 1594 quomodo
583 1579 593 1596 ,
607 1555 642 1590 &
653 1554 787 1600 quando
800 1555 865 1589 hoc
878 1556 987 1589 fecerit
1000 1556 1017 1587 ?
1042 1555 1114 1588 ibid.

279 1600 502 1637 Existimabat
512 1604 580 1638 dici
595 1617 665 1639 non
686 1607 775 1647 poffe
788 1605 901 1638 Deum
912 1606 974 1639 esse
986 1606 1118 1648 paffum.

188 1690 191 1693 ,
232 1674 234 1677 v
279 1660 403 1696 2252.
429 1651 513 1687 Non
526 1662 594 1687 erat
605 1662 717 1688 tamen
730 1654 916 1700 malignus.
945 1654 1018 1688 ibid.
1046 1654 1115 1689 Per·

230 1724 235 1727 -
279 1701 438 1734 tinaciam
448 1701 584 1744 abjicit,
609 1703 758 1739 admittit
767 1715 880 1747 pacem
892 1727 903 1744 ‚
929 1704 963 1738 δε
984 1704 1026 1739 ad
1042 1716 1117 1739 ean-

279 1750 357 1784 dem
377 1748 525 1786 hortatur
538 1752 787 1797 Metropolitam
809 1754 902 1788 suum
915 1778 923 1787 .
975 1764 1057 1801 259.
1086 1766 1115 1791 2.

279 1799 361 1848 263·
378 1812 405 1837 1.
433 1799 535 1844 &fiq-
562 1801 640 1839 260.
658 1815 686 1840 1.
716 1803 795 1851 263.
813 1816 844 1841 2·
872 1802 974 1847 &seq-
1003 1805 1117 1839 Pacifi-

278 1849 319 1885 οὲ
344 1851 378 1885 &
389 1850 576 1886 orthodoxe
588 1855 743 1888 moritur.
999 1865 1074 1902 137.
1089 1865 1116 1890 1-

228 1899 403 1946 Angelum
425 1901 592 1936 custodem
611 1905 674 1938 esse
694 1903 829 1938 cuilibet
858 1903 967 1945 fideli,
996 1906 1119 1948 semper

282 1949 416 1985 tradidit
437 1950 516 1987 fides
532 1951 718 1988 Christiana
733 1978 741 1986 .
994 1965 1072 2004 334·
1085 1966 1117 1991 2-

230 1997 413 2036 Antiochia
425 2002 508 2037 dista
530 2003 607 2038 urbs
625 2004 841 2045 sanstiffima,
870 2014 946 2052 144.
971 2016 1004 2042 2·
1030 2004 1118 2038 intus

276 2052 400 2086 &foris
414 2052 555 2088 habebat
574 2052 718 2089 basilicas
742 2064 902 2089 trecentas
927 2056 962 2089 &
982 2055 1117 2098 quadra-

278 2101 370 2145 ginta
386 2125 394 2133 .
998 2112 1075 2149 310.
1086 2113 1117 2137 2.

227 2148 418 2185 Antiochia
445 2150 703 2195 jurisdistionem
730 2163 855 2187 exercet
879 2151 967 2194 Papa
994 2152 1118 2185 Roma·

278 2210 341 2232 nus
354 2225 364 2232 .
1016 2201 1036 2235 6
1064 2224 1071 2231 .
1085 2211 1114 2236 2.
1130 2208 1133 2220 ¹

226 2246 443 2285 Antiochena
467 2249 608 2283 Ecclesia
631 2248 778 2284 Nestorii
800 2258 945 2293 tempore
965 2211 1134 2323 utlebiturf

277 2298 418 2334 Nicaeno
434 2299 597 2342 Symbolo
608 2312 683 2334 cum
694 2299 938 2334 additamentis.
992 2309 1066 2345 123-
1086 2311 1114 2335 1·
1128 2331 1131 2345 ,

226 2346 441 2383 Antiochena
454 2349 608 2393 Synodus
619 2349 774 2394 Ioannis,
802 2351 872 2384 asta
890 2350 945 2383 sua
966 2351 1061 2382 refert
1074 2347 1130 2383 adv

277 2399 429 2432 Sanaum
441 2400 608 2443 Cyrillum
622 2425 630 2433 .
913 2417 917 2421 -
987 2409 1064 2447 143-
1084 2380 1130 2435 2.[

226 2446 456 2492 Antiquomm
480 2450 646 2494 gestorum
680 2448 862 2494 deperditio
898 2460 985 2485 creat
1019 2419 1130 2483 nobis!

275 2498 414 2534 multam
438 2499 600 2535 miseriam
613 2525 621 2533 .
987 2510 1064 2547 243·
1083 2477 1129 2537 2·i

223 2549 403 2591 apollinarii
420 2548 540 2585 haerefis
551 2575 562 2591 ,
589 2550 678 2594 quod
695 2550 728 2584 in
746 2548 879 2585 Christo
900 2562 966 2584 non
983 2551 1128 2597 daretur,¹

272 2609 366 2633 mens
377 2599 520 2635 humana
530 2625 538 2632 .
565 2609 622 2645 24.
635 2613 664 2638 2.
694 2600 810 2634 Romae
821 2601 956 2635 discussa
968 2601 1011 2634 est
1026 2599 1111 2642 apud

274 2649 429 2684 Sanstum
451 2651 633 2685 Damasum
646 2676 654 2685 .
987 2648 1065 2697 184·
1084 2662 1112 2685 1·

232 300 460 341 Alexandrina
471 303 626 347 Synodus
644 305 747 343 mittit
760 305 916 342 Nestorio
929 252 1083 341 anzhum

285 351 419 394 dfinos,
448 352 500 391 16·
515 365 542 392 Ι.
567 365 634 399 quo
648 358 819 402 tempore?
1021 363 1072 403 17·
1087 365 1114 390 1-
1152 377 1154 382 ·
1229 353 1331 396 pitare
1343 376 1354 393 ‚
1380 351 1557 389 habebatur
1569 354 1649 386 olim
1664 355 1879 392 Eusebianum
1894 383 1901 390 .
1928 357 2007 409 278.
2023 371 2053 397 1.

232 398 463 440 Alexandrina
473 405 645 440 translatio
657 405 804 443 Concilii
815 405 1116 444 Chalcedonensis,
1179 400 1370 446 Appellatio
1393 402 1546 439 Romana
1565 403 1712 438 excludit
1725 406 1918 451 Episcopum
1939 409 2055 452 injuste

1932 190 1960 222 0

1233 250 1412 286 Romanae.
1439 263 1518 298 274·
1537 265 1563 289 1.
1588 254 1667 289 Hoc
1686 254 1755 300 jure
1766 255 1865 303 gavifi
1887 187 2054 295 gurzan-

1230 312 1287 335 nes
1299 300 1416 346 Papae.
1444 304 1566 350 146-1·
1591 303 1690 347 &sem
1717 306 1972 343 Adversusillud
1990 312 2056 345 ces-

1230 453 1547 496 super-ordinatum.
1577 463 1655 501 243.
1680 464 1708 488 1.
1761 454 1831 489 Nec
1853 454 1958 492 solum
1978 459 2055 501 Epi-

1228 502 1351 546 scopis‚
1381 503 1432 537 sed
1457 503 1713 539 &Saecularibus
1736 503 1861 539 licitam
1879 508 2056 545 effecense·

1229 552 1307 588 bant
1320 554 1525 590 Orientales.
1924 568 2003 605 275.
2027 569 2056 596 1.

1180 603 1364 646 Appellaffe
1384 604 1465 637 olim
1485 602 1671 638 Orientales
1696 615 1762 638 non
1777 603 1817 639 ad
1835 603 1979 648 Papam,
2002 608 2057 643 sed

1229 653 1268 686 ad
1282 653 1457 696 Concilia,
1484 654 1529 689 est
1542 654 1690 698 imperita
1715 666 1754 690 ac
1764 655 1908 699 maligna
1930 654 2058 692 fabula.

1229 713 1307 748 274-
1335 715 1361 740 1.

1180 751 1369 796 Appellatio
1382 753 1531 790 Eutherii
1542 753 1754 799 Thyanenfis
1764 779 1775 796 ,
1791 754 1939 790 Helladii
1952 753 2060 791 Thar-

1229 803 1325 837 senfis
1338 804 1421 844 ‚&c.
1769 814 1854 849 272.
1879 817 1908 842 1.
1935 803 2013 847 271.
2028 818 2061 843 1.

1180 851 1399 895 Appellabant
1419 855 1603 891 orientales
1614 855 1655 890 ad
1670 854 1790 898 Papam
1811 853 2059 899 &patriarchih

1227 902 1417 986 {conciliis
1437 905 1675 947 Generalibus,
1699 904 1717 939 ὲ
1737 905 1884 941 Brachiis
1905 907 2060 942 saeculari-

1251 964 1304 987 us.
1907 968 1927 994 2
1977 966 2058 992 .1.2.

1180 999 1355 1046 Appellare
1373 1003 1393 1037 ὲ
1407 1003 1495 1047 Papa
1511 1007 1601 1048 supra
1623 1006 1792 1049 personam
1802 1005 1888 1042 male
1904 967 2060 1041 in7f<5>rma·

1228 1061 1285 1093 to,
1313 1064 1381 1087 non
1396 1053 1437 1086 ad
1448 1054 1662 1094 Concilium,
1689 1055 1742 1089 sed
1764 1056 1803 1089 ad
1817 1057 1978 1098 eundem,
2005 1055 2059 1089 vel

1228 1102 1447 1136 successorem
1469 1103 1538 1146 ejus
1562 1103 1642 1137 bene
1653 1103 1922 1148 informandum,
1946 1106 1990 1140 est
2002 1116 2059 1139 an-

1228 1150 1443 1195 tiquiffimum
1457 1175 1468 1186 .«

1230 1203 1305 1235 Vide
1327 1201 1500 1238 Romanus
1511 1201 1667 1236 Pontifex
1680 1226 1687 1235 .

1179 1255 1267 1285 Arius
1289 1251 1370 1287 dicit
1383 1251 1484 1287 Verbi
1508 1252 1725 1287 Divinitatem
1746 1263 1814 1287 non
1836 1254 1954 1298 pafl‘am
1969 1277 1980 1293 ,
2005 1253 2061 1288 sed

1231 1305 1428 1345 compassam
1442 1328 1449 1336 .
1478 1304 1533 1349 89.
1546 1316 1576 1340 2.
1615 1303 1789 1337 Refutatur
1808 1302 1828 1338 Ξι
1849 1303 1967 1338 Sansto
1988 1304 2063 1338 Ful-

1229 1352 1344 1397 gentio
1356 1351 1511 1397 Ruspenfi
1525 1377 1532 1385 .
1560 1353 1632 1387 ibid.
1660 1351 1760 1396 &seq-
1788 1354 1899 1388 Deum
1914 1353 2060 1389 Verbum

1228 1403 1311 1436 dicit
1334 1401 1432 1437 Arius
1455 1403 1548 1438 fuisse
1580 1405 1716 1450 primam
1740 1415 1883 1439 mentem
1906 1428 1918 1446 ,
1950 1403 2063 1438 datam

1230 1451 1362 1487 Christo
1383 1453 1459 1488 loco
1480 1453 1612 1488 animae.
1990 1452 2064 1487 ibid.

1181 1502 1297 1537 Ariani
1309 1503 1425 1538 dicunt
1446 1505 1481 1537 in
1496 1503 1630 1538 Christo
1654 1514 1720 1537 non
1743 1505 1806 1538 effe
1817 1505 1982 1544 animam,
2008 1503 2063 1538 sed

1231 1552 1377 1587 Verbum
1400 1564 1527 1589 tantum
1554 1555 1587 1588 ἀ
1610 1565 1756 1588 carnem.
1782 1564 1860 1590 210.
1874 1567 1903 1591 2.
1955 1556 2063 1598 Argu-

1230 1612 1443 1637 mentantur:
1470 1604 1521 1638 vel
1532 1604 1701 1639 Divinitas
1719 1605 1763 1638 est
1785 1604 1890 1647 passa,
1918 1604 1967 1636 vel
1990 1613 2061 1637 non

1229 1653 1276 1686 est
1292 1654 1376 1698 passa
1387 1668 1399 1688 .·
1426 1663 1480 1704 9ο.
1496 1664 1525 1690 1.
1573 1654 1761 1702 ,Qomodo
1776 1652 2063 1699 respondendum?

1230 1703 1306 1737 ibid.
1442 1735 1444 1737 .

1181 1751 1297 1788 Ariani
1320 1753 1497 1798 versipelles
1511 1778 1522 1795 ‚
1550 1753 1672 1788 Arium
1692 1753 1859 1793 damnant‘
1873 1779 1884 1796 ‚
1911 1754 1946 1788 ἀ
1969 1751 2063 1787 haere-

1229 1804 1286 1836 {im
1299 1804 1423 1838 servant
1434 1829 1441 1836 .
1947 1801 2018 1849 184·
2032 1815 2062 1840 2-

1181 1853 1338 1893 Aristolaus
1363 1853 1559 1894 Tribunus,
1587 1865 1709 1897 quanta
1723 1855 1822 1888 faciat
1841 1864 1899 1897 pro
1916 1865 1992 1897 pace
2005 1854 2063 1887 Ec-

1229 1903 1347 1937 clefiae.
1377 1901 1475 1940 182.1.
1505 1904 1685 1947 Ejus‘iaus.
1938 1903 2017 1949 265·
2034 1914 2062 1939 1-

1178 1955 1206 1987 5.
1235 1953 1412 1995 Athanasius
1434 1954 1512 1997 saepe
1539 1956 1640 1988 utitur
1665 1965 1744 1988 voce
1769 1957 1924 1996 Deipara.
1962 1963 2018 1999 57.
2031 1964 2062 1987 2.

1229 2003 1321 2038 Illius
1334 2006 1422 2038 suasu
1438 2005 1591 2039 Romana
1607 2003 1746 2039 Ecclesia
1759 2004 1933 2038 Canonem
1951 2000 2065 2035 condi-

1227 2053 1278 2086 dit
1290 2078 1300 2093 ,
1326 2055 1383 2095 qui
1396 2055 1566 2097 Episcopis
1579 2055 1669 2095 lapsis
1686 2065 1779 2091 gnon
1790 2063 1899 2086 tamen
1915 2050 2064 2087 haerefian

1229 2101 1300 2134 chis
1311 2103 1323 2142 )
1336 2103 1423 2144 spem
1434 2103 1511 2135 facit
1528 2102 1757 2144 reparationis.
1962 2100 2064 2146 1674:

1177 2150 1205 2182 5.
1219 2150 1373 2191 Athanasii
1395 2151 1539 2192 Epistola
1561 2151 1602 2182 ad
1625 2150 1831 2190 Epictetum,
1857 2151 1875 2183 a
1898 2151 2063 2186 Nestoria-

1229 2199 1281 2232 nis
1312 2198 1485 2234 adducitur
1517 2209 1631 2231 contra
1672 2198 1825 2236 Saniium
1863 2198 2029 2241 cyrillum
2052 2227 2060 2234 .

1230 2256 1305 2294 174.
1317 2260 1347 2285 2.
1375 2245 1498 2290 &seqq.
1527 2248 1589 2282 Sed
1613 2258 1712 2292 quam
1731 2247 1786 2282 hic
1807 2259 1991 2292 corruptam
2017 2252 2063 2284 es-

1225 2300 1258 2332 se
1281 2300 1315 2331 in
1338 2298 1463 2332 Graecia
1484 2321 1495 2339 ,
1525 2298 1694 2332 manifeste
1722 2298 1845 2333 evincit
1871 2323 1879 2331 .
1930 2299 2004 2346 176.
2028 2312 2066 2337 2,

1225 2348 1371 2392 Ideoque
1399 2349 1604 2391 Exemplaria
1625 2347 1715 2382 illius
1735 2350 1868 2392 antiqua
1894 2350 2063 2386 &fincera

1224 2400 1326 2433 mittit
1344 2399 1463 2442 Joanni
1478 2397 1711 2432 Antiocheno,
1985 2400 2059 2434 ibid.

1176 2448 1328 2483 Avaritia
1349 2449 1449 2492 coepit
1467 2458 1670 2491 corrumpere
1681 2448 1872 2484 Romanum
1884 2449 2059 2493 Imperium

1225 2498 1284 2533 sub
1305 2498 1499 2533 Theodosio
1521 2499 1672 2541 Juniore.
1930 2498 2008 2538 288.
2027 2513 2057 2538 1.

1175 2547 1390 2596 Auditoriurn
1402 2547 1481 2593 quid
1505 2550 1567 2584 fit?
1971 2548 2023 2588 80-
2033 2565 2055 2586 1.

1174 2599 1293 2634 Audiri
1318 2601 1351 2633 in
1374 2601 1518 2640 Senatu,
1545 2598 1580 2633 in
1607 2599 1832 2640 Confissorio,
1859 2599 1943 2643 apud
1955 2601 2058 2646 Impe-

1224 2659 1384 2691 ratorem,
1409 2649 1489 2692 quid
1507 2649 1653 2683 differat.
1803 2651 1876 2684 ibid.
1903 2652 1937 2684 ό·
1959 2649 2002 2688 8ι.
2027 2658 2057 2688 ῐὲ

1936 1152 2015 1203 278.
2031 1165 2063 1191 ι.

224 2700 401 2740 apollinarii
425 2700 576 2743 discipuli
603 2700 765 2735 Polemon
789 2725 800 2741 ,
826 2699 1051 2740 Timotheus,
1077 2699 1111 2733 &
1171 2701 1198 2734 5.
1214 2700 1408 2744 Augustinus,
1437 2711 1597 2744 quantum
1622 2700 1773 2734 restiterit
1787 2700 1993 2735 Nestorianis
2019 2702 2055 2737 δε

277 2747 498 2790 Valentinus,
523 2750 602 2783 dicti
625 2750 698 2784 sunt
718 2749 979 2794 Apollinaristae.
1009 2759 1054 2795 24
1078 2762 1108 2787 2.

223 2795 469 2842 Apollinaristae
492 2810 561 2833 non
583 2799 748 2834 docebant
770 2801 856 2836 idem
879 2800 968 2846 quod
982 2800 1110 2844 Apolli-

1163 2793 1165 2796 Α
1221 2750 1430 2796 Pelagianis‚
1457 2750 1648 2796 noruntipli
1659 2749 1809 2795 Scythae.
1837 2760 1933 2797 90.2.
1961 2752 2058 2786 Illius

1221 2800 1310 2835 laus.

1926 2807 2003 2847 359·
2018 2811 2050 2838 2·

273 2848 384 2883 narius
405 2874 416 2889 ‚
456 2859 509 2896 24.
531 2861 562 2886 2.
601 2849 654 2884 sed
687 2850 886 2886 Naturarum
917 2853 950 2884 in
975 2850 1108 2885 Christo
1171 2849 1264 2885 Auro
1281 2852 1462 2896 &argento
1473 2861 1641 2895 procurare
1663 2849 1880 2890 sententiam,
1905 2853 1949 2885 est
1972 2850 2061 2884 con*

237 2929 239 2931 .
271 2898 548 2934 commixtionem
568 2924 580 2941 ,
608 2902 641 2935 δε
665 2901 823 2934 unitatem
845 2926 853 2934 .
887 2902 959 2934 ibid.
1009 2901 1108 2935 Hanc

272 2958 436 2984 conantur
448 2950 563 2984 inferre
571 2961 612 2984 ex
624 2962 702 2985 voce
712 2949 966 2992 consubstantialis·
974 2977 981 2984 .
1012 2952 1065 3000 36.
1080 2962 1105 2986 1-

273 2999 327 3033 Ex
348 3010 461 3034 eorum
486 2999 685 3044 Sequacibus
706 3024 717 3041 ,
743 3001 846 3045 aliqui
872 3001 994 3036 Christi
1019 3013 1106 3035 men·

271 3057 340 3083 tem
362 3049 548 3094 negabant,
575 3051 678 3094 aliqui
707 3050 775 3094 ejus
798 3051 942 3086 animam
968 3076 978 3092 ,
1004 3051 1105 3096 aliqui

270 3106 407 3142 corpus.
433 3110 535 3146 42-2.
571 3100 707 3136 Vocant
729 3100 934 3137 Christianos
958 3102 1104 3136 Catholi-

270 3159 327 3183 cos
348 3148 612 3194 Antropo-latras
628 3177 635 3183 .
662 3161 740 3188 210.
760 3164 789 3188 2.
843 3151 1020 3186 Vestibulis
1044 3153 1105 3186 suis

269 3198 450 3233 inscribunt
473 3199 558 3234 hanc
581 3214 593 3236 .-
630 3200 763 3241 christus
785 3201 823 3243 est
847 3205 926 3236 Deus
950 3203 1080 3245 carnifer
1097 3227 1104 3234 .

269 3248 359 3283 Cum
371 3250 527 3285 omnibus
539 3251 738 3287 intrantibus
747 3275 759 3293 ‚
785 3254 918 3296 desuper
929 3252 1102 3297 disputatu-

271 3299 298 3333 ri
314 3324 321 3331 .
1033 3305 1104 3338 ibid.

222 3347 416 3395 AppellatIo
441 3362 483 3387 ex
495 3359 568 3388 toto
580 3350 670 3387 Orbe
683 3375 696 3393 ,
720 3352 766 3388 est
779 3352 993 3399 Privilegium
1015 3355 1106 3390 Sedis

1219 2902 1368 2935 cinnatio
1383 2901 1536 2935 Diaboli.
1937 2912 1951 2938 1
1961 2910 2011 2943 29.
2020 2913 2050 2938 2·

1171 2951 1302 2996 Aurigae
1327 2953 1362 2986 δε
1386 2951 1505 2987 Naurae
1529 2948 1735 2984 Antiocheni
1754 2974 1766 2993 ‚
1793 2950 1815 2982 fi
1838 2972 1849 2989 ‚
1872 2950 1972 2985 etiam
1995 2962 2051 2994 per

1217 3000 1487 3036 inadvertentiam
1505 3025 1516 3040 ‚
1543 2999 1695 3042 jurassent
1715 3023 1728 3042 ,
1763 3000 1966 3044 cogebantur
1989 3001 2050 3035 illo

1215 3053 1271 3087 die
1282 3052 1424 3087 dormire
1447 3051 1619 3086 incoenati.
1947 3061 2001 3098 95.
2017 3063 2047 3088 2·

1569 3150 1639 3237 B

1241 3305 1335 3345 Abylae
1348 3302 1551 3340 Antiocheni
1564 3302 1717 3347 Episcopi
1743 3303 1778 3338 δε
1791 3303 1954 3348 Martyres
1975 3305 2046 3337 sunt

1264 3357 1351 3392 duo.
1924 3364 1942 3400 3
1949 3365 2002 3400 37-
2017 3365 2046 3390 2-

1878 3400 2000 3447 Baptis-
