2320 3730
595 201 910 255 Scitotus,
944 213 1006 242 ετ
1042 195 1240 241 Nous
1276 206 1668 239 tunsi-Rara.

441 406 711 458 CAPUT
748 410 867 456 LXI,
943 420 1103 467 ---149

285 598 457 667 Epistola
504 599 665 668 ejufii'em
715 596 939 646 Theodoreti
986 593 1039 642 ad

393 668 586 718 Andream
627 666 857 737 Episcopum
891 667 935 717 de

438 768 441 770 v
489 738 581 808 *hac
613 737 700 807 t'pfit
733 758 772 787 re
795 775 809 788 .

336 937 556 974 Irandiffimus
569 939 753 975 Aristolaus
765 938 885 974 direxit
899 939 942 973 ab
953 936 1111 983 AEgypto

362 988 615 1034 Magistrianum
637 1002 712 1024 cum
743 990 859 1024 litteris
881 988 1004 1033 Cyrilli
1029 1012 1040 1027 ‚
1076 988 1111 1020 in

219 1039 340 1082 quibus
362 1038 653 1072 anathematizavit
674 1040 707 1073 &
747 1038 869 1074 Arium
889 1064 899 1079 ,
927 1040 962 1074 ἀ
999 1038 1113 1072 Euno-

220 1088 325 1122 mium
337 1110 347 1126 ,
373 1087 408 1120 ἀ
420 1087 690 1130 Apollinarium,
719 1088 753 1122 <Sc
765 1101 821 1124 eos
843 1091 900 1134 qui
923 1090 1041 1123 dicunt
1054 1088 1114 1122 Di-

219 1136 394 1170 vinitatem
406 1134 529 1171 Christi
541 1139 603 1172 effe
622 1139 800 1182 paffibilem
814 1164 824 1180 ‚
854 1141 889 1174 δε
901 1151 957 1174 eos
968 1140 1022 1184 qui
1036 1149 1115 1173 con-

220 1337 457 1380 depofitionis,
481 1351 553 1384 quae
564 1338 660 1374 abeis
683 1341 764 1374 fasta
788 1341 859 1380 est,
885 1338 1116 1374 &anathema-

222 1387 358 1422 tismum
380 1388 561 1432 Dogmatis
571 1390 762 1424 SanCtiffimi
781 1390 902 1424 &Deo
916 1389 1116 1423 Amiciffimi

223 1437 381 1481 Episcopi
403 1438 549 1473 Nestorii
571 1464 578 1471 .
616 1440 684 1474 Scit
705 1449 818 1475 autem
854 1440 1014 1475 Sanctitas
1042 1450 1118 1478 tua,

223 1487 301 1532 quia
316 1486 570 1523 indeterminate
593 1489 868 1526 anathematizare
894 1491 1015 1534 praefati
1040 1489 1117 1524 Deo

222 1536 423 1572 Amiciffimi
446 1539 480 1572 δε
503 1539 698 1574 δαηᾶὶίἶὶιῃὶ
721 1540 878 1585 Episcopi
898 1541 1118 1580 Doi‘trinam,

223 1586 364 1622 idemest
373 1587 648 1624 anathematizare
661 1590 814 1634 pietatem
832 1614 836 1622 .
862 1591 987 1626 sivero
999 1601 1118 1624 conve·

222 1637 276 1671 nit
298 1645 335 1670 ut
346 1637 471 1681 aliquid
482 1649 544 1673 nos
560 1637 851 1674 anathematizemus
864 1665 875 1680 ,
903 1639 1119 1675 anathemati-

222 1697 336 1721 zemus
357 1686 440 1729 hos,
469 1690 527 1732 qui
549 1689 667 1724 dicunt
688 1702 806 1734 purum
826 1689 998 1725 hominem
1024 1688 1119 1725 Chri-

224 1736 313 1771 stum
337 1761 349 1778 ‚
385 1747 442 1773 aut
463 1739 520 1783 qui
541 1739 577 1773 in
596 1739 681 1774 duos
704 1741 808 1775 Filios
834 1741 988 1776 incidunt
1014 1751 1119 1775 unum

225 1787 416 1824 Dominum
427 1789 574 1825 nostrum
586 1790 694 1836 Jesum
707 1790 878 1825 Christum
893 1814 903 1830 ‚
928 1791 1027 1835 &qui
1051 1790 1120 1834 ejus

225 1838 452 1873 Divinitatem
466 1850 604 1884 negant.
632 1841 715 1875 Haec
726 1842 817 1875 enim
830 1852 905 1875 cum
928 1841 1024 1874 omni
1038 1841 1121 1877 satis-

228 1887 372 1921 sanione
396 1889 617 1933 unusquisque
637 1891 768 1933 piorum
779 1890 1057 1925 anathematizat.
1086 1891 1119 1924 Si

227 1936 311 1970 vero
334 1937 472 1978 volunt,
502 1940 805 1975 utindeterminate
826 1941 1002 1982 &virum,
1028 1940 1123 1985 cujus

230 1985 355 2030 judices
375 1998 443 2020 non
466 1990 575 2023 sumus
596 1991 691 2030 facti,
718 1990 1031 2027 anathematizemus
1052 2016 1062 2031 ,
1087 1990 1122 2023 &

231 2037 369 2082 Dogma
382 2038 477 2081 ipsius
490 2063 501 2078 ‚
527 2039 619 2081 quod
632 2042 786 2075 novimus
798 2043 918 2075 restum
931 2064 942 2080 ‚
969 2041 1069 2082 impie
1082 2041 1125 2073 fa-

229 2088 356 2127 cimus,
388 2098 424 2121 ut
447 2088 606 2129 arbitror,
630 2091 652 2122 fi
677 2091 708 2122 ei
733 2089 941 2124 obediemus.
971 2089 1124 2124 Arbitror

231 2137 311 2171 vero
334 2135 400 2171 haec
421 2138 522 2171 etiam
545 2147 609 2173 tuae
620 2139 791 2174 Sanffirari
814 2140 1037 2183 complacere,
1065 2139 1123 2183 qui

229 2187 384 2231 egregius
406 2187 538 2230 pietatis
561 2188 794 2235 Propugnator
815 2191 947 2230 existis,
973 2191 1007 2224 &
1031 2201 1124 2224 verus

230 2247 330 2280 atque
340 2236 574 2272 accommodus
586 2237 805 2274 Orthodoxiae
819 2240 977 2286 Magister
990 2265 998 2272 .

429 2391 932 2437 SCHOLION.

349 2532 418 2567 AEc
431 2532 578 2578 Epistola
589 2535 692 2569 exstat
702 2537 788 2580 apud
801 2537 947 2571 Marium
960 2537 1125 2571 Mercato-

372 2595 461 2622 rem,
488 2583 542 2617 sed
566 2584 769 2628 incompleta
787 2610 795 2618 .
822 2586 938 2620 Exstat
961 2589 1063 2630 usque
1084 2586 1129 2621 ad

233 2632 350 2667 verba:
378 2635 443 2676 ,Qud
462 2634 527 2674 ejus
538 2637 743 2670 Divinitatem
759 2645 887 2679 negant.
918 2636 985 2669 His
997 2636 1126 2671 Matius

234 2683 387 2728 adjungit
411 2696 418 2716 :
444 2685 490 2717 Et
509 2692 618 2718 caetera
643 2711 651 2718 .
678 2686 857 2720 profitetur
882 2686 1031 2730 quaedam
1053 2686 1071 2720 ὸ,
1095 2687 1126 2721 se

235 2733 438 2777 praetermitti
458 2758 467 2766 .
504 2733 660 2770 Adduxit
682 2735 892 2772 solummodo
925 2737 983 2771 illa
1004 2761 1015 2777 ‚
1055 2749 1125 2780 quae

234 2782 477 2822 Theodoreto,
505 2785 560 2818 cui
588 2797 656 2819 non
691 2785 799 2829 favit,
835 2788 964 2831 possent
994 2786 1124 2821 obesse.

236 2831 422 2868 Postmodo
432 2834 583 2879 adjungit
605 2834 734 2870 &haecz
761 2838 980 2881 Existimoprae
991 2838 1126 2871 omnibus

235 2886 370 2918 maxime*
387 2881 585 2926 satisfaHum
613 2887 665 2929 effe
694 2886 869 2929 SanHiffimo
900 2891 935 2923 (5
955 2890 1125 2922 venerando

230 2938 357 2978 Joanni
375 2934 522 2979 Episcopo
543 2959 554 2977 ‚
590 2937 669 2979 quod
689 2939 856 2972 nullatenus
887 2937 1067 2982 acquiescam
1091 2944 1123 2972 in

238 2984 461 3018 damnationem
474 2989 594 3019 Domini
611 2992 669 3020 mei
683 3013 694 3030 ,
719 2988 890 3030 Sanc‘liffimt
910 2991 1124 3024 &venerandi

241 3032 369 3072 Nestorii
393 3034 532 3078 Episcopi
553 3036 689 3078 praebere
710 3037 877 3083 consensum
897 3063 908 3079 ‚
934 3051 986 3073 nec
1012 3042 1125 3074 violare

236 3093 420 3117 communem
436 3088 641 3127 promiffionem
652 3113 662 3129 ,
689 3098 758 3132 'quae
779 3095 812 3123 ln
824 3089 939 3134 Tharsa
960 3090 1130 3126 &Chalce-

241 3133 317 3167 done
329 3158 339 3173 ,
367 3137 401 3169 δ’
411 3135 529 3178 Epheso
532 3137 623 3178 fac‘Ja
634 3137 671 3178 est
680 3164 687 3171 .
715 3143 851 3174 Meminit
860 3147 940 3176 enim
964 3143 999 3176 o·
1011 3153 1107 3175 eorum
1115 3165 1126 3181 ,

239 3194 312 3225 quae
323 3193 415 3227 nuper
426 3188 512 3227 apud
521 3187 703 3222 Antiochiam
722 3191 786 3233 post
797 3191 922 3232 nostrum
942 3192 1096 3236 regressum
1107 3193 1127 3223 ἃ

242 3234 328 3267 nobis
339 3234 423 3290 saepe*
443 3237 618 3280 deprompta
635 3237 709 3281 sunt
720 3265 727 3272 .
758 3242 872 3276 Nullus
882 3249 972 3287 igitur
984 3251 1069 3275 tuam
1080 3243 1127 3276 de-

241 3290 338 3326 ctptat
346 3289 365 3319 5
366 3286 541 3320 anc‘litatem
551 3312 561 3329 ,
589 3290 670 3331 quod
678 3301 726 3333 ego
739 3291 918 3335 acquiescam
928 3293 981 3328 boc
993 3293 1130 3336 aliquan-

241 3336 281 3369 do
289 3337 413 3380 facere,
440 3342 501 3371 Deo
510 3341 613 3381 procul
628 3340 717 3373 dublo
726 3340 801 3374 mihi
821 3352 1012 3385 cooperante,
1040 3345 1074 3377 (5
1085 3353 1130 3376 me

240 3389 446 3432 confortante.
473 3389 616 3432 Joaunes
627 3391 805 3427 Garnerius
826 3392 987 3428 existimat
1009 3393 1077 3428 haec
1087 3394 1130 3427 es-

219 1186 381 1221 sunonem
401 1188 677 1223 &remixtionem
700 1190 836 1225 duarum
859 1199 1046 1225 naturarum
1069 1188 1115 1222 di-

219 1247 323 1271 cunt.
351 1237 440 1270 Etin
459 1237 512 1272 his
522 1239 657 1283 quidem
669 1241 778 1274 sumus
790 1241 910 1275 affecti.
942 1240 1036 1273 Licet
1051 1240 1120 1272 fue-

220 1288 264 1321 rit
275 1286 383 1321 nostra
394 1289 571 1331 propositio
581 1313 590 1320 .
619 1289 734 1334 Exigit
747 1289 825 1324 vero
845 1289 1115 1333 subscriptionem

1139 3574 1143 3583 -
1135 2634 1148 3553 ,...-—.-—.-———-—-——-———-.

1183 3573 1191 3578 r

1887 194 1984 249 189

1164 278 1196 312 se
1207 279 1388 324 fragmenta
1398 279 1544 323 ejusdem
1556 278 1719 322 Epistolae.
1745 282 1889 319 Labitur.
1918 284 2052 320 Etenim

1166 329 1266 376 longe
1276 330 1366 365 aliud
1379 329 1489 365 scribit
1510 331 1546 364 iu
1558 330 1674 365 litteris
1685 330 1726 364 ad
1745 331 1852 366 Eliarn
1863 335 2054 379 Aquileien-

1166 381 1252 419 sem,
1276 380 1403 416 &alios
1425 381 1558 415 Histriae
1570 381 1753 425 Episcopos
1774 380 1925 427 Pelagius
1945 387 2055 420 secun-

1165 429 1224 465 dus
1237 431 1398 467 Pontifex
1409 457 1417 464 .
1445 432 1554 466 Immo
1565 431 1634 475 ejus
1646 442 1727 466 tunc
1739 431 1912 466 Diaconus
1923 456 1933 472 ‚
1945 437 2055 477 postea

1165 482 1321 516 successor
1333 508 1343 524 ,
1371 483 1518 528 Magnus
1530 481 1712 527 Gregorius
1723 506 1732 516 .
1759 482 1857 516 Istam
1875 484 1965 516 enim
1980 485 2056 528 Epi-

1166 532 1282 566 stolam
1303 534 1366 568 effe
1379 533 1437 568 sub
1454 533 1545 568 illius
1565 534 1703 568 nomine
1725 532 1768 568 ab
1797 531 1863 567 hoc
1882 533 2031 576 scriptam
2045 559 2056 575 ‚

1166 582 1300 617 testatur
1322 584 1444 618 Paulus
1467 584 1695 618 Warnefridus
1726 584 1761 617 in
1782 584 1880 619 tertio
1904 582 1990 618 libro
2015 585 2057 618 de

1167 632 1275 667 Gestis
1294 634 1593 678 Longobardorum
1606 660 1614 668 .
1643 634 1824 680 Gregorius
1847 634 1947 680 igitur
1959 632 2057 668 addu-

1167 682 1212 715 cit
1231 682 1316 716 istud
1340 683 1551 721 Theodoreti
1574 687 1800 731 fragmentum
1824 709 1835 725 ‚
1860 686 1893 719 &
1916 685 2057 721 affirmat

1168 733 1262 766 fuisse
1286 733 1320 765 in
1334 733 1452 767 litteris
1475 735 1516 770 ad
1530 736 1758 771 Alexandrum
1774 736 1872 779 Syriae
1883 734 2062 777 Palestino-

1169 792 1240 815 tum
1252 781 1468 825 Episcopum.
1501 784 1556 818 Est
1570 787 1644 820 usus
1655 786 1813 822 mendoso
1835 786 1969 820 codice.
2000 785 2063 819 Et-

1169 832 1260 866 enim
1274 833 1383 867 nullus
1393 832 1632 874 Palestinorum
1654 837 1836 881 Episcopus
1853 835 1984 871 adhaesit
1995 835 2064 869 Ne-

1171 882 1288 916 storio.
1317 884 1392 917 Nec
1412 882 1492 918 item
1515 883 1734 921 Antiocheno
1757 888 1877 931 Joanni
1901 911 1908 918 .
1934 887 2063 920 Omnes

1170 931 1377 968 adhaerebant
1389 934 1537 977 Juvenali
1551 934 1862 977 Hierosolymitano
1876 961 1887 977 ,
1912 936 2064 980 &ipsum

1169 982 1412 1018 venerabantur
1444 995 1481 1018 ut
1503 983 1728 1019 patriarcham
1750 1008 1762 1025 ,
1800 986 1939 1030 ideoque
1962 987 2065 1020 etiam

1174 1033 1412 1068 venerabantur
1450 1032 1647 1076 Ephesinam
1686 1033 1859 1077 Synodum
1884 1059 1891 1067 .
1918 1035 2064 1070 Proinde

1173 1085 1393 1129 fragmentum
1405 1083 1451 1119 est
1463 1083 1607 1118 omnino
1614 1083 1824 1127 desumptum
1847 1096 1889 1117 ex
1901 1085 2013 1122 litteris
2025 1083 2067 1119 ad

1177 1135 1406 1169 Alexandrum
1447 1134 1740 1178 Hierapolitanum
1767 1158 1778 1174 ,
1816 1133 2068 1176 Metropolitam

1177 1184 1392 1229 Euphratesiae
1404 1185 1585 1219 Provinciae
1595 1205 1611 1216 .·
1630 1182 1866 1219 Theodoretus
1878 1183 1964 1228 apud
1975 1184 2073 1218 illum

1176 1237 1280 1270 fuerat
1292 1235 1422 1271 delatus
1433 1261 1443 1276 ,
1469 1235 1559 1278 quod
1584 1246 1653 1269 non
1667 1234 1879 1269 solummodo
1892 1245 2006 1278 pacem
2019 1232 2072 1268 ad-

1175 1287 1319 1319 mitteret
1332 1309 1343 1326 ,
1369 1284 1422 1319 sed
1443 1286 1476 1320 ὃς
1487 1296 1602 1320 omnes
1617 1286 1636 1319 a
1650 1285 1784 1329 Cyrillo
1808 1284 1986 1329 postulatas
1996 1296 2073 1320 con-

1177 1334 1342 1371 ditiones.-
1372 1335 1484 1370 Etiam
1505 1336 1758 1371 damnationem
1782 1335 1950 1372 Nestorii.
1978 1335 2073 1368 Hinc

1179 1387 1210 1420 se
1221 1394 1356 1432 purgat,
1376 1386 1540 1422 affirmans
1551 1388 1614 1421 effe
1625 1387 1747 1421 famam
1760 1386 1944 1421 mendacii.
1975 1386 2075 1422 Affir-

1179 1448 1247 1471 mat
1259 1438 1291 1471 se
1301 1437 1342 1471 de
1354 1434 1449 1478 hujus
1460 1436 1667 1472 conditionis
1689 1438 1888 1472 refutatione
1912 1434 2077 1471 satisfecis-

1180 1488 1211 1522 se
1230 1487 1327 1522 etiam
1341 1485 1535 1522 Patriarchae
1557 1488 1695 1530 Joanui.

1229 1538 1378 1582 Magnus
1387 1537 1568 1583 Gregorius
1577 1538 1800 1582 stagmentum
1812 1536 1947 1571 adducit
1958 1536 1992 1569 in
2006 1533 2075 1569 hare

1180 1587 1301 1622 verba:
1330 1587 1479 1628 Existimo
1495 1596 1565 1630 prae
1587 1587 1720 1620 omnibus
1731 1589 1864 1621 maxime*
1876 1584 2077 1629 satisfallum

1178 1639 1230 1682 effe
1242 1641 1368 1671 Domino
1378 1649 1440 1670 meo
1449 1637 1624 1676 Sandi'tffimo
1634 1649 1669 1670 ac
1682 1638 1855 1671 venerando
1861 1640 1892 1680 J
1895 1641 1985 1668 oanni
1998 1638 2028 1667 E
2027 1640 2078 1677 pt-

1175 1687 1260 1732 scopo
1288 1712 1299 1729 ,
1328 1688 1407 1730 quod
1433 1688 1606 1720 nullatenus
1626 1686 1808 1730 acquiescam
1831 1693 1864 1719 in
1885 1689 2079 1719 damnatione

1180 1742 1301 1773 Domina·
1313 1744 1372 1773 met
1383 1737 1558 1779 Sanc‘lrffiml
1575 1738 1610 1771 (a
1619 1740 1786 1771 venerandi
1796 1736 1924 1777 Nestorii
1942 1735 2079 1779 praebere

1180 1787 1349 1833 consensum
1362 1813 1372 1829 ,
1392 1799 1461 1830 quae
1479 1793 1512 1821 in
1536 1787 1654 1831 Tharso
1674 1790 1752 1821 &in
1772 1786 1892 1829 Epheso
1907 1787 2000 1827 fac‘la
2019 1785 2057 1826 est
2071 1810 2079 1816 .

1184 1839 1240 1872 Est
1254 1840 1347 1872 locus
1368 1836 1539 1871 manifeste
1553 1837 1746 1871 mendosus.
1775 1836 1908 1872 Etenim
1933 1836 2080 1870 Nestorii

1182 1888 1354 1923 damnatio
1369 1886 1555 1922 nullatenus
1565 1887 1631 1921 fuit
1654 1888 1849 1921 confirmata
1863 1887 1950 1930 apud
1963 1885 2081 1920 Thar-

1185 1941 1255 1974 sum
1267 1965 1275 1972 .
1302 1938 1380 1973 Fuit
1390 1938 1458 1971 istis
1470 1936 1581 1972 denuo
1593 1938 1814 1971 circumducta
1837 1938 1872 1971 ὅ(
1884 1937 2058 1980 proscripta
2073 1961 2080 1969 .

1185 1989 1395 2023 Praetermiffa
1418 1989 1494 2022 sunt
1505 1986 1574 2021 haec
1594 1987 1712 2020 verba:
1740 1992 1807 2020 Nec
1821 1988 1936 2020 violare
1956 1997 2082 2018 commu-

1183 2050 1252 2072 nem
1270 2039 1504 2079 promlffionem,
1531 2048 1600 2079 quae
1621 2042 1654 2069 in
1683 2036 1796 2079 Tharsb
1820 2039 1855 2070 (tt
1877 2036 2083 2074 Chalcedone,

1184 2090 1218 2123 Θ·
1233 2085 1351 2129 Epheso
1363 2087 1457 2128 fac‘la
1473 2087 1511 2128 est
1523 2111 1530 2118 .
1560 2086 1643 2120 Non
1656 2086 1702 2120 est
1726 2085 1947 2121 dubitandum
1962 2110 1973 2126 ‚
1999 2086 2083 2130 quin

1184 2138 1284 2173 etiam
1305 2137 1487 2182 Gregorius
1512 2138 1557 2171 ita
1574 2137 1735 2181 scripserit
1747 2163 1754 2170 .
1782 2138 1922 2172 Certum
1935 2138 1980 2172 est
1995 2149 2086 2171 men·

1184 2188 1266 2223 dum
1287 2186 1464 2231 postmodo
1484 2187 1637 2230 irrepsisse
1660 2186 1694 2219 in
1717 2187 1787 2229 ejus
1803 2188 2006 2231 Epistolam.
2040 2188 2085 2221 Et

1187 2238 1266 2272 hinc
1293 2237 1447 2271 discimus
1475 2260 1486 2276 ‚
1512 2234 1602 2280 quod
1629 2247 1746 2270 omnes
1773 2235 1822 2270 hae
1847 2235 2083 2276 Theodoreti,

1184 2289 1320 2323 forsitan
1342 2287 1526 2321 &aliorum
1549 2285 1814 2330 Episcoporum,
1840 2287 1882 2321 de
1905 2287 1972 2322 hoc
1984 2298 2085 2332 nego-

1187 2340 1236 2373 tio
1250 2336 1404 2382 Epistolae
1426 2337 1510 2371 olim
1531 2335 1716 2371 exstiterint
1736 2338 1771 2371 in
1785 2337 1995 2372 Bibliotheca
2013 2338 2083 2372 Ro·

1188 2400 1294 2422 manae
1308 2386 1455 2421 Ecclefiae
1466 2411 1473 2418 .
1504 2384 1678 2434 Qidquid
1692 2387 1731 2421 fit
1742 2412 1753 2429 ,
1776 2388 1925 2423 videmus
1937 2386 1994 2422 has
2007 2388 2084 2433 Epi-

1190 2438 1288 2473 stolas
1297 2437 1359 2471 esse
1372 2436 1513 2471 omnino
1525 2435 1733 2471 authenticas
1743 2463 1750 2470 .
1779 2436 1823 2472 Et
1836 2439 1948 2472 Mario
1957 2438 2085 2473 Merca-

1190 2488 1255 2523 tori
1278 2486 1435 2521 debemus
1459 2486 1582 2532 gratias
1604 2511 1614 2526 ,
1650 2487 1741 2530 quod
1763 2487 1848 2522 istud
1872 2486 2083 2523 Theodoreti

1189 2539 1412 2583 fragmentum
1436 2536 1532 2571 nobis
1551 2537 1745 2572 custodierit
1766 2539 1932 2583 integrum
1945 2564 1956 2579 ,
1983 2550 2085 2583 atque

1192 2590 1236 2622 ita
1250 2598 1310 2621 nos
1322 2586 1421 2621 hodie
1430 2585 1519 2628 juvet
1530 2586 1570 2620 ad
1584 2588 1828 2622 momentosam
1840 2590 1995 2633 Gregorii
2008 2590 2086 2634 Epi-

1191 2636 1523 2672 stolamliberandam
1548 2636 1695 2682 &grandi
1719 2639 1859 2672 mendo.
1888 2639 2085 2677 Caffinenlis

1191 2688 1362 2723 translatio
1382 2687 1427 2722 est
1448 2686 1573 2721 diversa
1592 2686 1611 2720 ὲ
1635 2687 1788 2723 Mariana
1810 2712 1822 2730 ‚
1848 2688 1991 2732 ideoque
2013 2701 2083 2726 non

1192 2739 1255 2774 fuit
1269 2737 1542 2782 praetermittenda
1555 2762 1563 2769 .

1242 2786 1477 2823 Theodoretus
1497 2788 1618 2832 igitur,
1645 2787 1702 2823 ubi
1726 2790 1839 2824 omnia
1866 2790 1952 2834 apud
1964 2790 2084 2825 Antio·

1189 2837 1298 2874 chiam
1321 2839 1356 2873 δε
1377 2838 1615 2874 Alexandriam
1639 2838 1747 2880 Asta,
1772 2841 1806 2874 &
1828 2839 1916 2875 ultro
1933 2841 2084 2883 citroque

1190 2890 1315 2934 Scripta
1329 2887 1707 2930 matureconfideraffet,
1733 2890 1859 2924 censuit
1882 2889 1986 2925 varia.
2014 2889 2085 2925 Pri·

1192 2939 1268 2982 mo,
1295 2939 1386 2984 quod
1409 2937 1551 2975 omniuo
1571 2940 1648 2974 esset
1665 2939 1842 2983 reparanda
1864 2942 2082 2983 communio,

1190 2991 1374 3026 &ineunda
1398 3001 1461 3035 pax
1476 3013 1487 3030 ,
1512 3000 1609 3037 atque
1632 2990 1677 3024 ita
1688 2990 1903 3024 auferendum
1924 2990 2083 3026 lamenta-

1191 3041 1257 3076 bile
1281 3041 1347 3077 hoc
1377 3041 1479 3077 totius
1501 3040 1618 3076 mundi
1650 3039 1838 3074 scandalum
1857 3066 1864 3073 .
1902 3041 2080 3083 Secundo,

1190 3091 1280 3138 quod
1308 3092 1364 3127 illa
1378 3117 1389 3133 ‚
1416 3103 1486 3137 quae
1506 3091 1540 3127 in
1552 3089 1672 3133 Cyrilli
1694 3090 1811 3124 litteris
1833 3101 1927 3126 erant
1949 3094 2081 3127 restaac

1189 3141 1379 3178 orthodoxa
1400 3166 1411 3182 ‚
1448 3142 1548 3176 essent
1574 3140 1741 3184 probanda
1778 3152 1817 3176 ac
1851 3141 2079 3178 admittenda.

1192 3193 1314 3229 Tertio
1339 3218 1350 3235 ,
1387 3192 1476 3237 quod
1507 3190 1653 3226 Nestorii
1681 3191 1852 3228 damnatio
1873 3218 1886 3236 ,
1917 3193 2081 3238 quidquid

1192 3243 1339 3288 Cyrillus
1359 3242 1577 3287 expostularet
1596 3265 1608 3282 ,
1635 3242 1731 3277 nullo
1755 3242 1858 3278 modo
1884 3244 1963 3279 esset
1985 3243 2083 3278 ratifi-

1191 3294 1295 3329 canda
1316 3306 1354 3329 ac
1378 3291 1601 3329 subscribenda
1620 3317 1628 3327 .
1659 3291 1737 3335 Ejus
1758 3295 1842 3328 ratio
1866 3304 1935 3330 erat
1956 3320 1967 3336 ,
1991 3292 2082 3336 quod

1192 3342 1346 3379 damnare
1370 3355 1438 3378 non
1458 3341 1586 3386 possent
1598 3342 1796 3388 Episcopum
1810 3369 1822 3386 ,
1849 3346 1906 3389 qui
1928 3345 1998 3387 ejus
2009 3354 2082 3378 cau-

1195 3394 1262 3430 sam
1273 3406 1342 3431 non
1353 3393 1563 3432 discussissent
1576 3419 1584 3429 .
1610 3394 1741 3445 Qarto
1753 3420 1764 3437 ,
1789 3395 1880 3440 quod
1894 3393 1988 3429 nullo
1990 3394 2082 3479 c{tem

1931 3452 1987 3479 mo
2014 3454 2036 3478 o
