2320 3730
366 161 466 214 '120

483 354 973 398 SCHOLION.

715 158 1047 209 VAiuoRuM
1082 155 1334 207 PATRUM
1369 153 1690 216 ΕΡῐετοιᾹε,

1240 242 1394 276 Sannum
1414 243 1597 282 Eustatium
1626 249 1823 293 Episcopum
1855 248 2103 288 Berrhaeensem,

1241 292 1291 325 Ex
1304 291 1413 336 regula
1434 296 1612 330 vacationis
1631 299 1666 331 in
1690 300 1844 341 Synodo.
1873 300 1926 333 Ex
1937 312 2002 345 quo
2023 302 2114 338 lucet

1240 341 1431 375 hodiernam
1442 343 1602 377 Romanae
1610 344 1759 380 Ecclefiae
1769 349 1904 383 similem
1922 353 1963 384 de
1974 353 2114 387 vacatio·

1240 404 1279 426 ne
1290 392 1324 425 in
1336 392 1436 426 Curia
1449 393 1615 438 Regulam
1628 405 1694 428 non
1718 407 1823 431 carere
1833 401 1976 444 antiquis
1999 401 2112 436 funda-

1237 443 1373 476 mentis.
1402 442 1541 478 Praesens
1564 456 1646 487 opus
1667 445 1764 480 habet
1787 446 1911 492 aliquid
1931 451 2109 496 singulare.

406 499 475 533 AEc
503 497 649 543 Epistola
671 498 716 532 est
741 498 852 543 magni
877 492 1047 539 ponderis,
1074 491 1179 525 &nos
1239 493 1371 526 Etenim
1390 503 1458 527 non
1481 494 1538 527 nifi
1564 496 1659 538 plena
1670 496 1844 539 Synodus,
1870 498 1980 534 &non
2004 503 2061 534 nifi
2076 503 2110 537 in

430 551 526 589 docet
549 550 657 593 plura.
685 547 820 589 Primo,
848 543 935 589 quod
959 545 1099 587 Joannes
1121 540 1177 575 Pa·

1238 544 1306 586 ipso
1318 543 1479 586 Synodali
1500 545 1577 578 loco
1600 547 1771 581 consuevit
1788 559 1913 582 novum
1925 551 2111 586 consecrare

291 589 430 636 triarcha
452 611 521 634 non
547 610 603 642 per
615 610 704 633 mare
725 599 761 631 sit
784 595 923 630 reversus
935 591 1176 633 Antiochiam,
1237 594 1460 637 Episcopum.-
1487 592 1647 638 Ephesina
1658 596 1812 638 Synodus
1837 597 1870 632 id
1892 600 1970 633 fecit
1982 609 2035 643 per
2050 599 2110 636 Le·

289 652 344 687 sed
372 662 428 695 per
450 659 582 683 terram.
612 649 702 683 Nam
727 646 817 680 &ita
839 642 1004 687 Ephesum
1027 652 1175 677 venerat.

289 699 442 736 Secundo*
469 723 480 738 ‚
508 698 597 740 quod
623 695 830 741 pertinaciter
855 694 1026 730 crediderit
1054 693 1172 737 Cyrilli

288 751 442 794 Capitula
465 746 559 781 fuiffe
582 746 775 781 canonicata
789 743 905 788 Ephesi
919 770 930 786 ‚
957 746 991 780 ἀ
1004 742 1174 788 Synodali-

288 811 333 834 ter
359 796 532 840 subscripta
555 796 597 829 ab
625 795 779 831 omnibus
803 796 975 840 Episcopis
997 822 1003 828 .
1031 794 1172 832 Tertio,

285 848 375 895 quod
404 843 617 883 Chalcedone
642 846 797 881 recedens
819 845 1029 890 permanserit
1051 844 1171 879 duriffi·

284 910 358 935 mus
376 898 410 931 in
435 897 493 929 suo
515 896 652 931 faetioso
677 896 830 940 judicio,
859 907 926 941 quo
944 895 1112 940 Cyrillum
1133 905 1170 928 ac

281 949 502 982 Memnonem
523 945 738 990 degradarat,
765 948 1069 982 excommunicarat
1092 944 1170 979 vero

280 997 415 1031 cunCios
431 996 552 1030 Sanrstae
572 996 701 1039 Synodi
727 997 925 1042 Episcopos.
954 997 1059 1046 Qiod
1083 997 1169 1039 ipsos

277 1045 524 1081 obstinatiffime
534 1047 694 1081 censuerit
715 1047 911 1093 degradatos
929 1060 967 1082 ac
978 1057 1167 1082 excommu-

275 1097 407 1132 nicatos
418 1120 430 1136 ‚
455 1095 488 1129 &
501 1095 632 1141 insuper
641 1097 808 1134 obnoxios
818 1099 925 1142 poenis
936 1096 1167 1132 Antiocheno·

275 1158 351 1181 rum
376 1145 572 1180 Canonum.
600 1148 689 1193 Qia
711 1159 831 1191 nempe
852 1148 935 1181 illud
959 1148 1141 1192 spreverant
1156 1169 1167 1186 ,

275 1207 334 1232 aut
354 1196 441 1231 certe
460 1198 572 1232 se-met
595 1197 714 1232 mutuo
734 1197 959 1239 absolverant,
988 1208 1026 1232 ac
1051 1198 1096 1231 ita
1121 1208 1167 1230 re·

275 1248 481 1292 sumpserant
492 1248 692 1292 Episcopale
703 1247 927 1282 Ministerium
939 1271 947 1279 .
978 1248 1022 1282 Et
1038 1248 1167 1291 praeser—

275 1298 338 1332 tim
365 1298 456 1342 quod
491 1299 753 1342 praesumpfiffent
782 1298 1165 1342 Constantinopolitanis

275 1349 462 1383 consecrare
476 1359 603 1382 novum>
614 1349 813 1393 Episcopum
830 1375 837 1381 .
864 1348 944 1383 Hoc
967 1350 1084 1384 volunt
1097 1347 1164 1381 haec

273 1397 368 1432 verba
386 1412 393 1431 :
421 1398 652 1443 Transgrefflone
673 1401 780 1444 regulae
798 1399 856 1444 sub
881 1400 987 1444 regulae
1003 1397 1166 1441 fac‘lisunt

271 1455 365 1489 poma
379 1473 387 1480 .
415 1448 482 1483 Sub
502 1461 595 1493 poena
607 1449 829 1485 Antiochenae
850 1450 1006 1495 Regulae.
1035 1446 1165 1496 Quarto

272 1497 423 1541 Epistola
445 1510 507 1532 nos
533 1499 654 1541 docet,
681 1501 771 1545 quod
791 1499 862 1544 post
885 1499 1164 1535 Chalcedonensia

272 1548 443 1591 colloquia
471 1548 506 1582 δε
529 1548 614 1584 Asta
635 1562 696 1585 nec
721 1551 862 1594 Joannes
882 1575 893 1592 ‚
920 1561 980 1585 nec
1005 1550 1078 1594 quis
1099 1548 1165 1591 ejus

274 1597 457 1639 Episcopus
484 1599 627 1639 potuerit
660 1602 780 1635 intrare
812 1599 1163 1642 Constantinopolim:

274 1646 403 1681 Omnes
415 1647 502 1681 resto
511 1647 642 1682 tramite
654 1649 836 1683 debuerunt
849 1649 953 1684 redire
965 1648 1005 1683 ad
1018 1650 1143 1693 propria
1155 1674 1161 1681 .

274 1696 408 1743 Qintd
418 1715 429 1736 3
454 1696 544 1740 quod
559 1698 643 1731 inter
654 1697 835 1733 Zelosiores
846 1700 972 1742 Synodi
986 1699 1165 1742 Episcopos

274 1745 395 1791 Legati
420 1746 460 1781 ad
474 1746 687 1791 Principem,
713 1748 798 1783 inter
819 1749 965 1794 Legatos
985 1759 1095 1783 autem
1106 1749 1164 1782 fin-

274 1797 430 1841 gulariter
451 1797 547 1831 zelosi
577 1799 700 1831 fuerint
726 1800 855 1832 Firmus
895 1800 1104 1833 Caesaraeensis
1128 1800 1161 1832 in

272 1846 486 1890 Cappadocia
511 1847 713 1890 Episcopus,
740 1860 777 1881 ac
790 1848 993 1882 Theodotus
1018 1848 1162 1890 Ancyra·

277 1907 357 1931 nus.
386 1896 489 1931 Firmi
513 1895 602 1930 zelus
614 1895 732 1940 Ephesi
758 1897 984 1941 multipliciter
995 1898 1162 1942 apparuit.

274 1948 319 1982 Et
343 1947 428 1981 infra
449 1946 615 1991 apparebit
637 1948 793 1991 amplius.
824 1947 1026 1982 Theodotus
1050 1947 1162 1990 Ephefi

273 2007 352 2035 ante
364 1995 536 2040 Synodum
550 1997 727 2040 disputavit
739 2009 815 2031 cum
827 1997 985 2032 Nestorio
1000 2023 1011 2039 ‚
1039 1997 1163 2041 istaque

275 2049 455 2092 disputatio
478 2047 541 2080 fuit
567 2048 654 2081 inter
674 2048 829 2090 palmaria
856 2047 1093 2088 fundamenta,
1121 2057 1161 2080 ex

274 2099 395 2144 quibus
409 2097 564 2141 Synodus
588 2097 755 2130 damnavit
770 2095 1024 2131 Haeresiarcham
1039 2122 1049 2138 ,
1075 2097 1109 2130 &
1121 2107 1162 2130 ex

273 2149 393 2194 quibus
417 2148 570 2190 Princeps
596 2146 842 2181 damnationem
869 2147 1009 2181 firmavit
1036 2171 1043 2178 .
1070 2144 1160 2180 idem

275 2197 478 2234 Theodotus
492 2223 502 2238 ‚
529 2195 606 2232 licet
622 2197 730 2230 brevia
743 2222 753 2238 ,
780 2197 905 2231 erudita
917 2206 1028 2230 tamen
1041 2208 1078 2231 ac
1090 2197 1162 2230 soli-

274 2249 317 2284 da
342 2249 461 2292 scripsit
484 2256 602 2281 contra
626 2246 818 2282 Nestorium
840 2271 846 2277 .
873 2246 976 2295 Qod
999 2247 1160 2290 ipsescurn

276 2299 392 2335 Firmo
420 2297 505 2342 apud
541 2295 790 2331 Chalcedonem
823 2309 861 2331 ac
892 2298 925 2330 in
948 2296 1053 2341 Regia
1078 2297 1160 2330 civi„

275 2360 344 2385 tate
391 2347 597 2393 singulariter
651 2347 742 2390 plura
779 2348 881 2392 egerit
915 2371 926 2387 ,
960 2347 1161 2381 demonstrat

276 2401 412 2444 praesens
437 2397 605 2442 Epistola.-
630 2397 778 2441 Operum
804 2407 914 2431 tamen
929 2397 1045 2440 species
1067 2397 1161 2440 igno-

277 2460 388 2485 ramus
404 2474 411 2481 .

329 2500 446 2534 Praeter
467 2497 567 2533 duas.
594 2497 707 2533 Prima
731 2496 823 2533 estin
837 2497 889 2532 his
901 2497 1005 2532 verbis
1019 2511 1029 2530 .·
1058 2499 1118 2532 Per
1128 2498 1162 2530 il-

280 2554 343 2586 lum
365 2574 375 2590 ,
402 2560 486 2591 quem
514 2555 546 2581 in
569 2548 818 2591 Constantinopoli
842 2549 1047 2589 produxerunt
1069 2573 1075 2580 .
1105 2547 1160 2580 Est

279 2598 484 2636 Maximiani
506 2598 540 2631 in
565 2597 710 2630 Nestorii
734 2598 844 2631 locum
871 2596 1050 2632 Ordinatio
1071 2622 1078 2630 .
1108 2597 1162 2630 Et-

282 2651 374 2685 enim
387 2658 540 2691 perpetua
550 2646 748 2690 generalium
763 2647 971 2689 Synodorum
994 2649 1162 2681 consuetu-

283 2699 329 2733 do
353 2707 450 2741 atque
471 2695 651 2729 authoritas
674 2697 718 2730 est
738 2721 748 2737 ,
775 2707 812 2730 ut
835 2696 868 2729 in
899 2696 1065 2741 degradati
1092 2697 1108 2730 ὲ
1132 2698 1163 2730 se

284 2747 441 2792 Episcopi
455 2746 563 2782 locum
587 2746 717 2780 ordinet
729 2746 848 2780 alium.
870 2747 917 2780 lta
930 2747 1164 2782 Constantino·

284 2798 436 2843 politana
455 2795 608 2839 Synodus
629 2796 664 2829 in
686 2797 794 2830 Sancti
815 2798 966 2841 Gregorii
993 2797 1166 2831 Nazianze-

285 2848 344 2890 ni,
371 2846 447 2881 licet
470 2858 540 2881 non
565 2844 732 2890 degradati
752 2870 764 2886 ,
794 2856 903 2880 tamen
926 2847 1165 2886 renuntiantis,

287 2899 401 2932 locum
427 2897 627 2931 consecravit
649 2896 839 2930 Nestarium
856 2922 863 2928 .
891 2896 1167 2931 Chalcedonensis

287 2948 442 2990 Synodus
477 2947 511 2981 in
539 2945 707 2991 degradati
735 2946 890 2980 Dioscori
924 2948 1035 2980 locum
1062 2942 1168 2980 voluit

287 2999 392 3032 alium
405 2998 592 3032 consecrare
606 3021 617 3037 ,
643 3006 676 3030 at
689 3006 818 3040 propter
828 2997 985 3039 supplices
1008 3008 1045 3029 ac
1058 2997 1167 3030 multi-

290 3048 392 3091 plices
418 3048 634 3092 quorumdam
664 3046 907 3091 AEgyptiorum
934 3045 1167 3089 Episcoporum

291 3099 530 3133 intercessiones
541 3096 773 3141 dispensatorie
785 3108 822 3131 ac
841 3095 983 3142 gratiose
997 3095 1168 3130 abstinuit.

291 3145 402 3181 Etiam
428 3149 515 3182 sexta
527 3146 678 3191 Synodus
699 3148 733 3181 in
747 3145 1062 3192 degradatiMacarii
1077 3170 1086 3186 ,
1112 3146 1169 3180 Pa-

293 3195 439 3232 triarchae
454 3196 656 3232 Antiocheni
671 3222 681 3236 ,
708 3198 818 3232 locum
838 3197 1037 3231 consecravit
1050 3196 1170 3230 Theo-

292 3243 473 3292 phanium.
499 3248 592 3294 Qin
619 3247 654 3280 &
668 3247 890 3283 Sacro-Sancta
914 3246 1047 3279 Nicatna
1067 3248 1171 3288 Syno-

294 3294 354 3328 dus
379 3294 413 3327 in
428 3294 532 3328 Sanffl
554 3295 748 3340 Philogonii
762 3321 772 3336 ,
798 3295 990 3332 Patriarchae
1014 3297 1091 3329 item
1104 3296 1171 3328 An-

294 3341 465 3384 tiocheni‚
491 3346 577 3392 apud
601 3346 632 3380 se
652 3346 794 3381 defuncti
818 3372 829 3389 ,
854 3345 1035 3381 Thronum
1060 3347 1170 3381 evexit

1235 654 1328 687 gatos
1339 644 1373 677 in
1385 644 1450 688 ipsa
1461 645 1593 680 civitate
1607 648 1752 681 vacantis
1764 647 1935 683 Cathedrae
1951 674 1957 680 .

1284 693 1431 728 Alteram
1451 695 1587 730 istorum
1614 709 1748 740 operum
1775 698 1914 742 speciem
1936 707 2112 744 exponunt

1235 743 1301 778 haec
1314 744 1428 778 verba:
1457 750 1546 780 Nunc
1567 758 1678 790 quoque
1689 752 1913 790 Cooperatorem
1918 748 1975 790 fibi
1991 748 2110 793 sumen-

1233 803 1278 828 tes
1303 795 1388 827 illum
1409 819 1421 836 ,
1445 807 1531 838 quem
1551 802 1583 829 in
1605 798 1854 842 Constantinopoli
1877 802 2108 842 produxerunt,

1232 846 1405 879 direxerunt
1425 854 1528 879 contra
1539 858 1591 879 nos
1604 847 1648 879 ad
1656 851 1797 888 Ancyram
1815 851 1933 883 litteras
1946 875 1954 883 .
1982 848 2112 893 suspen·

1225 894 1317 937 fiones
1340 904 1445 929 contra
1465 907 1516 930 nos
1529 921 1540 938 ,
1564 895 1835 942 segregationesque
1862 899 2021 943 miserunt.
2050 898 2110 933 Est

1232 946 1362 980 noviter
1382 946 1524 981 ordinati
1547 948 1748 983 Maximiani
1770 950 1924 993 Synodus
1948 974 1956 982 .
1982 951 2021 984 In
2046 960 2112 991 qua

1231 995 1370 1038 Joannes
1390 994 1577 1032 Patriarcha
1597 997 1796 1033 lamentatur
1815 1010 1883 1033 non
1896 999 1979 1033 solas
1990 999 2030 1033 ad
2043 999 2112 1034 Ro-

1230 1057 1364 1081 manum
1376 1046 1574 1096 Pontificem
1583 1059 1620 1082 ac
1632 1049 1714 1083 alios
1726 1048 1930 1084 Patriarehas
1939 1074 1950 1090 ‚
1977 1049 2118 1093 Episcoi

1231 1096 1312 1137 palis
1322 1098 1577 1131 consecrationis
1586 1099 1875 1134 confirmationem
1892 1098 2093 1143 postulantes
2101 1121 2112 1138 ,

1231 1145 1353 1179 litteras
1374 1144 1468 1179 fuisse
1485 1156 1661 1189 conceptas
1673 1171 1684 1187 ‚
1711 1147 1764 1181 sed
1784 1149 1817 1182 ὃς
1829 1158 1987 1182 attentata
2010 1148 2113 1194 longe

1229 1195 1291 1229 alia
1303 1209 1314 1228 s
1343 1195 1458 1229 Novas
1469 1195 1632 1240 nequitias
1641 1196 1675 1230 &
1688 1195 1798 1231 turbas
1807 1208 1922 1232 contra
1934 1197 2112 1232 Ecclesiam

1229 1255 1327 1288 atque
1339 1256 1405 1279 rem
1419 1245 1584 1289 publicam
1595 1271 1602 1278 .
1632 1247 1775 1290 Joannes
1789 1248 1967 1282 Garnerius
1984 1259 2026 1283 ex
2039 1248 2113 1282 Ma-

1230 1296 1277 1329 rio
1296 1295 1482 1329 Mercatore
1503 1295 1640 1331 adducit
1663 1296 1873 1332 Theodoreti
1892 1298 2045 1341 Cyrenfis
2068 1297 2111 1332 ad

1229 1345 1421 1379 Himerium
1441 1344 1733 1381 Nicomediensem
1754 1348 1955 1391 Episcopum
1967 1347 2111 1389 litteras,

1230 1396 1263 1429 in
1285 1394 1403 1438 quibus
1421 1394 1487 1428 haec
1509 1393 1687 1429 habemus:
1715 1397 1796 1429 Sciat
1818 1397 1969 1430 Sandlitas
1989 1396 2111 1437 vestra,

1226 1447 1307 1489 quod
1326 1446 1384 1480 nain·
1401 1446 1492 1488 prius
1513 1450 1557 1479 eis
1580 1446 1854 1480 communicandum
1877 1447 1930 1490 effe
1939 1444 2111 1489 censemus,

1227 1507 1317 1539 quam
1341 1494 1456 1536 vestras
1480 1499 1634 1537 recipiatis
1655 1495 1818 1536 Ecolefias.
1844 1496 1889 1530 Et
1908 1497 2116 1532 commentass

1226 1556 1295 1580 tur:
1326 1549 1365 1578 Ut
1376 1543 1517 1588 Episcopi
1535 1546 1556 1577 ἃ
1569 1547 1758 1580 Maximiano
1767 1545 1886 1588 depofiti
1897 1570 1908 1587 ,
1935 1551 2085 1580 Himerius
2096 1570 2108 1587 ,

1226 1597 1384 1629 Helladius
1407 1619 1419 1635 ,
1444 1594 1632 1637 Eutherius,
1657 1598 1693 1630 (9·
1713 1595 1879 1630 Dorotheus
1893 1621 1904 1636 ‚
1925 1595 2000 1639 suas
2020 1598 2112 1631 Sedes

1224 1650 1401 1687 reciperent.
1433 1644 1611 1678 Existimat
1636 1645 1714 1679 istos
1724 1656 1865 1690 quatuor
1884 1645 1990 1681 bacin
2004 1647 2114 1689 Syno-

1225 1697 1271 1730 do
1282 1696 1374 1730 fuiffe
1396 1693 1610 1738 degradatos,
1635 1696 1668 1729 &
1684 1697 1836 1730 Sanrstum
1855 1695 2018 1739 Cyrillum
2034 1696 2117 1730 fuis-

1227 1747 1258 1781 se
1280 1744 1373 1789 hujus
1394 1744 1505 1787 judicii
1533 1745 1731 1788 pertinacem
1755 1746 1840 1780 adeo
1852 1756 2049 1785 tumorem,
2073 1755 2112 1780 ut

1209 1796 1304 1852 'istos
1327 1806 1466 1837 quatuor
1488 1795 1528 1829 ab
1543 1795 1622 1829 inita
1635 1796 1849 1831 Ecclefiarum
1871 1807 1951 1840 pace
1970 1794 2112 1831 seclude·

1229 1854 1296 1878 ret.
1444 1875 1446 1877 .

1276 1895 1345 1929 Res
1355 1894 1398 1930 est
1414 1894 1607 1931 elucidanda
1621 1921 1628 1929 .
1657 1897 1772 1932 Exstat
1784 1896 1960 1942 Synodalis
1971 1896 2011 1931 ad
2024 1905 2110 1931 vete-

1227 1945 1269 1978 ris
1291 1946 1382 1988 Epiri
1396 1945 1571 1981 Antistites
1594 1948 1741 1990 Epistola
1755 1972 1766 1989 ‚
1791 1947 1882 1981 &est
1892 1947 2110 1982 adducendae

1228 1993 1482 2038 Schismaticorum
1495 1996 1641 2038 confilium
1661 1998 1695 2030 (a
1706 1996 1912 2039 imposturam,
1937 2007 2028 2039 quam
2045 2007 2110 2031 con-

1231 2051 1280 2076 tra
1294 2044 1438 2083 Ecclelias
1452 2045 1618 2079 machinati
1626 2045 1701 2088 sunt
1711 2071 1723 2087 ,
1749 2055 1925 2089 compertam
1945 2046 2087 2081 babentes
2095 2071 2110 2089 ‚

1229 2098 1356 2136 certique
1376 2095 1457 2135 quod
1467 2094 1598 2137 fingulas
1611 2095 1753 2137 Ecclesia:
1765 2121 1776 2136 ‚
1803 2106 1958 2139 tamquam
1980 2102 2110 2139 quicum

1230 2144 1337 2176 sant‘lo
1365 2146 1399 2177 er
1420 2156 1525 2188 magno
1547 2144 1693 2187 prefino
1719 2148 1848 2179 Concilio
1866 2145 2034 2188 societatem
2056 2146 2111 2180 ka·

1233 2194 1324 2227 beant
1343 2218 1354 2235 ‚
1381 2193 1661 2234 circumcurfitantes
1681 2219 1693 2236 ‚
1719 2196 1969 2238 unumquemlibet
1988 2202 2110 2231 circum-

1229 2249 1330 2277 venire
1341 2269 1351 2285 ,
1379 2245 1611 2287 populorumque
1632 2246 1668 2279 &³
1679 2246 1758 2278 Cleri
1768 2251 1993 2280 communionem
2009 2247 2109 2280 modis

1231 2294 1363 2327 omnibus
1388 2301 1530 2336 aucupari
1546 2293 1688 2334 studeant
1699 2319 1710 2335 ‚
1735 2301 1769 2329 in
1788 2296 1839 2329 boc
1854 2294 1978 2338 solliciti
1998 2302 2109 2329 incum-

1231 2344 1332 2378 bentes
1362 2355 1481 2387 aequum
1500 2347 1732 2386 judicavimus,
1751 2344 1949 2388 simulatque
1968 2344 2111 2385 Sancqtffi-

1230 2405 1295 2427 mus
1311 2398 1516 2427 Maximianus
1531 2406 1649 2438 magnae
1669 2400 1808 2428 civitatis
1819 2394 1982 2437 Episcopus
1992 2394 2110 2433 institu—

1226 2449 1276 2476 tus
1288 2442 1326 2482 est
1341 2466 1351 2482 ‚
1377 2443 1433 2475 has
1456 2445 1575 2476 litteras
1598 2454 1661 2476 una
1679 2454 1745 2477 cum
1758 2456 1789 2478 eo
1808 2446 1853 2477 ad
1860 2456 1914 2477 vos
1926 2443 2111 2487 transmitte-

1228 2504 1260 2527 re
1270 2518 1279 2534 ,
1309 2503 1364 2536 quo
1371 2492 1483 2534 statum
1494 2492 1627 2536 artesque
1635 2494 1752 2527 illorum
1766 2493 1936 2537 perspet‘las
1946 2493 2111 2537 babentes,

1227 2541 1305 2586 ipsos
1318 2553 1364 2580 „ac
1376 2541 1505 2585 ipsorum
1527 2548 1757 2575 communionem
1777 2542 1957 2584 aver-jemini
1969 2569 1977 2577 .
2005 2548 2045 2576 Ut
2055 2555 2111 2578 au-

1228 2602 1288 2627 tem
1306 2591 1464 2635 securiores
1481 2590 1568 2632 fitis,
1594 2590 1741 2632 &sclam
1764 2593 1845 2634 quod
1851 2603 1909 2624 non
1919 2594 2030 2626 litteris
2040 2602 2110 2626 tan-

1230 2651 1293 2675 tum
1307 2641 1409 2682 nostris
1428 2645 1565 2682 pareatis
1582 2664 1593 2680 ‚
1615 2639 1768 2682 sedetiam
1783 2644 1914 2674 Decretis
1939 2641 2058 2675 sanliae
2072 2643 2107 2677 6·

1228 2692 1422 2725 OEcumem'cae
1444 2691 1547 2727 synodi
1568 2688 1682 2730 prefi
1700 2699 1905 2735 congregatae‚
1926 2690 2108 2734 subjecimus

1230 2742 1383 2781 synodicas
1409 2741 1527 2773 litteras
1542 2763 1553 2780 ,
1578 2748 1613 2773 ut
1632 2750 1687 2773 vos
1708 2752 1746 2773 ex
1756 2741 1816 2774 illis
1840 2748 1976 2774 certiores
1998 2743 2109 2775 redda-

1231 2797 1305 2824 mini
1317 2792 1353 2824 de
1368 2795 1428 2830 iis,
1454 2801 1521 2833 quae
1543 2798 1643 2823 contra
1651 2788 1848 2832 schismaticos
1870 2790 2106 2830 &Nestorianas

1233 2844 1351 2876 decreta
1372 2838 1461 2884 sunt:
1489 2843 1534 2875 Et
1545 2841 1642 2881 qualis
1659 2848 1752 2882 poena
1761 2847 1799 2874 iis
1812 2840 2029 2882 constitutaest,
2056 2846 2107 2884 qui

1227 2891 1360 2925 cumillis
1384 2895 1591 2924 communicare
1606 2889 1868 2938 praesumpserint.
1897 2891 2044 2934 Epistola
2061 2892 2108 2928 af-

1229 2944 1335 2977 firmat
1360 2939 1401 2974 ab
1414 2939 1472 2976 ista
1486 2937 1857 2985 constantinopolitana
1879 2941 2017 2983 synodo
2042 2942 2106 2975 effe

1229 2992 1399 3027 dumtaxat
1425 2989 1618 3024 confirmata
1643 3002 1682 3025 ac
1694 2990 1837 3028 stabilita
1850 2990 2013 3034 Ephesina
2038 2991 2107 3025 De·

1229 3051 1315 3077 creta
1338 3066 1348 3081 ,
1376 3040 1516 3083 ideoque
1544 3040 1603 3085 ipsi
1650 3043 1713 3078 effe
1746 3040 2040 3085 obtemperandum
2070 3040 2106 3075 in

1229 3091 1401 3128 omnibus.

1280 3139 1483 3176 Adducenda
1505 3140 1548 3174 est
1573 3141 1607 3178 ὃς
1630 3141 1694 3185 ipsa
1716 3139 1879 3186 Ephesinae
1891 3140 2017 3184 synodi
2030 3139 2107 3184 Epi-

1232 3193 1313 3226 stola
1334 3216 1344 3232 ‚
1370 3191 1456 3224 edita
1484 3192 1552 3233 post
1571 3192 1693 3226 sextam
1727 3191 1904 3227 Anionem
1926 3216 1937 3232 ,
1963 3190 2107 3225 conditis

1233 3240 1422 3276 Canonibus
1443 3243 1566 3282 praefixa
1581 3266 1590 3282 ‚
1617 3243 1651 3276 δε
1676 3243 1852 3276 transmissa
1865 3241 1904 3275 ad
1921 3252 2037 3275 omnes
2049 3238 2105 3274 sub

1233 3293 1319 3327 coelo
1343 3290 1520 3324 Ecclefias:
1548 3296 1624 3324 Cum
1651 3293 1765 3335 essemus
1792 3290 1905 3333 prefi
1919 3293 2104 3335 congregati,

1237 3342 1406 3389 defecerunt
1429 3341 1551 3384 quidam
1573 3344 1593 3374 ἃ
1614 3341 1696 3378 nobis
1707 3366 1718 3386 ‚
1744 3352 1862 3377 numero
1867 3343 1960 3384 paulo
1968 3342 2037 3382 plus
2053 3344 2106 3372 tri-

1947 3396 2055 3437 ginta,
