2320 3730
67 2985 128 3016 Lib.
160 2995 183 3014 1.

66 3026 128 3056 len
158 3035 183 3060 4.

67 3066 104 3095 C.
119 3075 145 3099 4.

605 171 913 227 Scnotns,
952 183 1014 213 ετ
1047 167 1244 218 Nox-’rs
1280 178 1672 211 utus-rRATAE.

217 270 253 292 ne
265 264 430 301 pateretur,
454 258 585 285 metuens
603 273 613 290 ‚
640 257 814 285 curatorem
835 254 898 294 ejus
911 249 1088 294 Isdegerden

218 307 374 350 Persarum
383 306 487 345 Regem
517 301 680 341 testamenti
699 302 809 335 tabulis
832 301 958 340 instituit
979 325 985 331 .
1011 298 1086 343 Isde-

210 358 315 401 gerdes
328 350 484 395 Persarum
497 355 639 394 Princeps
652 377 663 392 ‚
690 360 800 394 accepto
813 351 980 391 testamento
992 374 1003 390 ‚
1028 350 1086 383 lon·

208 416 281 450 gam
306 406 340 436 <St
350 404 545 444 tranquillam
554 410 658 444 pacem
669 413 732 436 cum
744 406 887 435 Romanis
898 400 1004 438 babuit
1015 422 1026 438 ,
1051 400 1086 432 ὠ·

211 452 357 493 Theo-dolio
373 451 494 495 salvum
519 453 552 485 (ν
572 453 710 485 incolume
727 452 805 492 J'ufflt
827 452 877 493 effe
904 453 1084 496 Imperium.

210 507 283 536 Mox
307 501 442 536 Antiocho
454 527 464 542 ‚
491 508 559 536 viro
570 502 695 535 moribus
715 505 842 546 egregio,
868 504 901 532 in
909 502 994 542 pueri
1016 500 1085 530 Pro·

209 563 371 587 curatorem
396 555 430 587 <9⁸
442 554 640 596 Paedagogum
654 550 787 595 submisso
799 573 810 589 ‚
837 552 972 581 Romano
994 548 1084 581 Sena-

209 609 255 637 tui
276 610 308 636 in
319 602 382 636 haec
399 603 495 635 verba
504 600 665 645 restripfit:
692 598 836 635 Arcadio
848 599 925 632 fatis
938 596 1064 632 sublato
1076 618 1087 635 ‚

209 654 245 687 δε
264 664 317 688 me
327 652 471 687 consiliis
492 652 558 695 ejus
569 653 605 686 in
623 650 700 684 filiis
715 645 896 687 curatorem
909 647 1060 682 instituto
1074 670 1085 686 ‚

209 703 339 744 virum,
365 703 422 746 qui
433 703 536 737 vicem
551 711 655 736 meam
667 699 823 743 impleat,
849 699 935 734 misi.
961 696 1086 731 Nullus

208 753 311 798 igitur
332 764 434 796 puero
454 749 690 787 struatinfidias
702 772 713 788 ,
738 761 780 784 ne
791 748 915 783 bellum
935 746 1085 782 adversus

209 804 383 838 Romanos
404 804 540 837 innovet
561 798 849 834 irreconciliabile.
879 802 926 832 Et
941 807 1010 841 pax
1032 798 1085 830 diu

206 858 288 887 inter
308 858 454 887 Romanos
488 852 523 884 &
543 848 653 893 Persas
673 849 813 883 traduc‘la
839 847 880 889 est
897 873 912 895 2
949 845 1087 881 Antiocho

208 905 340 937 maxime
348 902 441 944 plura
454 907 512 942 pro
535 899 716 941 Christianis
733 898 900 943 sbribente:
926 901 1019 940 Atque
1039 902 1085 930 ita

209 953 380 994 Christiana
391 953 440 986 lex
445 960 503 993 per
516 958 611 985 totam
623 949 769 991 Perfidem
779 951 912 983 dilatata
927 948 995 990 fuit
1005 973 1012 981 .
1041 947 1086 980 Et

208 1003 291 1038 infr&
313 1016 320 1036 ε
346 1001 507 1036 Marathus
535 999 752 1043 Mesopotamiae
773 997 939 1041 Episcopus
957 996 1088 1041 Isdeger-

207 1055 277 1087 dem
287 1077 299 1093 ,
324 1055 413 1094 Regis
425 1047 585 1091 Persarum
598 1050 712 1084 Filium
724 1073 735 1090 ‚
747 1051 768 1082 ἃ
779 1052 919 1082 Doemone
928 1055 1086 1088 vexatum,

201 1100 339 1144 precibus
367 1101 402 1133 cb·
403 1101 534 1141 jejuniis
541 1098 634 1142 saluti
646 1099 788 1138 restituit.
815 1102 871 1133 Ex
888 1110 944 1141 quo
956 1097 1087 1142 Isdeger-

204 1153 259 1186 des
264 1153 430 1194 plurimam
441 1162 513 1195 erga
523 1161 571 1184 res
583 1148 770 1190 christianas
788 1149 933 1191 fiduciam
954 1153 1066 1190 accepit
1076 1172 1084 1179 .

203 1202 250 1236 Et
271 1202 508 1245 consequenter
520 1214 532 1233 .·
558 1199 798 1244 Isdegerdefatis
813 1198 923 1241 func‘Jo
932 1202 1088 1232 Van-rana-

203 1262 258 1286 nes
276 1252 358 1294 filius
371 1251 463 1291 fimul
481 1261 546 1284 cum
566 1253 667 1292 Regno
686 1251 837 1293 religionis
859 1248 1087 1291 persecutIonem

201 1306 273 1335 iniit
286 1326 293 1334 .
320 1305 448 1345 Legatos
460 1306 571 1345 igitur,
596 1304 649 1342 qui
665 1298 857 1344 Transfugas
877 1300 895 1333 ἑ
916 1302 1017 1342 Regno
1042 1308 1088 1331 re-

200 1357 374 1395 quirerent,
400 1353 446 1385 ad
466 1348 653 1391 Tbeodofium
671 1348 767 1391 misit.
794 1348 965 1390 Theodosius
976 1351 1084 1382 Roma·

201 1412 307 1435 norum
332 1405 495 1443 Imperator
514 1410 564 1433 eos
588 1400 712 1433 reddere
731 1399 872 1432 detree‘iat
893 1412 900 1431 :
930 1402 985 1432 Ex
1007 1410 1084 1442 quo,

197 1452 314 1493 foedere
322 1451 415 1495 soluto
425 1474 437 1490 ,
462 1449 571 1483 bellum
587 1453 692 1492 ingens
702 1453 781 1483 inter
790 1458 947 1491 utrumque
963 1447 1085 1492 suscita-

201 1510 285 1535 tum.
313 1504 391 1536 Hinc
410 1495 580 1538 Theodofius
590 1499 792 1531 Ardaburium
817 1501 928 1532 Ducem
944 1510 1009 1533 cum
1028 1502 1085 1532 Ro-

200 1555 302 1584 manis
327 1552 451 1591 copiis,
478 1547 550 1582 inde
576 1558 642 1582 cum
669 1547 794 1589 Persicis·
804 1548 1023 1590 Exercitibus,
1051 1551 1085 1583 (Ὺ

200 1605 364 1635 innumeris
385 1600 596 1632 saracenorum
616 1597 817 1632 auxiliaribus
838 1602 941 1640 Copiis
964 1597 1086 1641 Arseum

199 1654 394 1685 Varrananes
403 1649 550 1682 mandat.
578 1648 767 1681 Ardaburius
781 1653 814 1681 in
837 1646 987 1689 Persidem
997 1647 1085 1691 usque

197 1709 362 1744 penetrans
375 1724 386 1740 ‚
415 1703 549 1734 Arxanae
563 1702 727 1735 ProvincIa
738 1697 894 1739 devastata
915 1704 948 1731 in
960 1697 1084 1742 Mesopo-

200 1755 331 1785 emtam
341 1751 506 1794 ingreditur
521 1762 533 1782 .·
559 1746 721 1791 Persarum
733 1751 804 1782 Dux
823 1754 938 1790 pariter
949 1754 982 1782 in
993 1749 1084 1792 Meso-

198 1806 366 1844 potamium
387 1801 494 1834 versus
506 1798 696 1841 Euphratem
714 1801 905 1843 progreditur
917 1811 981 1832 cum
998 1798 1064 1842 suis
1075 1826 1083 1832 .

203 1854 270 1894 ,Qut
280 1862 343 1884 cum
355 1855 507 1883 Romanas
519 1855 595 1881 acies
606 1853 742 1892 ingruere
756 1849 978 1882 arbitrarentur
989 1873 1000 1888 ,
1027 1852 1085 1882 Dei

202 1899 350 1943 impulsu,
377 1904 468 1933 vanis
489 1898 646 1931 terroribus
669 1903 799 1941 agitati,
826 1907 860 1931 ut
883 1906 971 1931 erant
992 1904 1085 1931 armis

202 1949 335 1990 instruat
347 1973 357 1990 ,
384 1950 535 1988 influmen
547 1947 731 1987 defilierunt:
760 1949 840 1980 Adeo
871 1958 904 1982 ut
914 1949 1010 1981 decem
1030 1961 1086 1986 my·

200 2000 303 2033 riades
313 2008 464 2041 aquarum
477 1996 638 2030 vorticibus
646 2002 800 2038 perierint.
828 1998 964 2040 Reliquos
973 2009 1082 2037 omnes,

200 2051 409 2083 cummaxime*
435 2052 594 2092 Legionem
619 2058 654 2079 ac
673 2048 851 2085 mntadem,
877 2051 922 2079 cui
945 2049 966 2078 ᾶ
990 2046 1084 2087 Perfis

199 2099 416 2133 Immortalium
438 2109 543 2131 nomen
556 2096 678 2138 fadum
690 2122 701 2138 ‚
727 2094 893 2138 cundlosque
914 2107 1011 2130 eorum
1023 2098 1086 2130 Du.

199 2159 246 2183 ces
267 2172 279 2189 ,
304 2146 529 2192 quaquaversus
554 2150 687 2180 Romano
726 2147 822 2180 milite
859 2145 1058 2190 circumclusos
1073 2173 1083 2189 ‚

198 2198 314 2239 chrisio
325 2202 343 2231 a
357 2198 450 2240 Perfis
462 2223 473 2239 ,
500 2199 579 2239 quod
588 2196 727 2237 injustam
751 2202 827 2231 viris
841 2195 988 2241 Religiofis
1010 2209 1082 2231 mor·

200 2257 259 2281 tem
270 2249 429 2290 intuliffent
440 2272 451 2288 ‚
478 2246 646 2281 vindiciam
656 2253 790 2290 exigente
802 2271 812 2287 ‚
838 2247 1022 2280 Ardaburius
1036 2249 1085 2282 de-

200 2299 291 2332 levit.
320 2299 363 2332 Et
376 2299 500 2332 tursum
515 2310 522 2330 τ
549 2302 609 2331 Hoc
619 2308 697 2330 anno
720 2295 889 2338 Theodosius
901 2301 1084 2340 Imperator,

200 2349 267 2381 licet
278 2360 425 2382 armorum
438 2354 472 2381 vi
485 2345 592 2390 Persas
620 2349 655 2381 (ν
666 2347 797 2381 vidonis
814 2356 962 2390 premeret
971 2373 980 2389 ‚
992 2348 1082 2382 Cbri-

197 2397 360 2436 stianorum
382 2407 481 2429 tamen
504 2403 536 2430 in
549 2396 663 2435 Perside
681 2403 923 2430 commorantium
940 2396 1084 2440 sanguim

199 2451 369 2486 parciturus
381 2469 391 2485 ‚
416 2444 531 2487 summa
541 2446 693 2477 clementia
704 2445 810 2477 dadas
815 2454 919 2486 pacem
933 2448 1085 2487 amplexa-

203 2503 254 2527 tur
264 2519 274 2534 ,
301 2496 335 2527 ό·
349 2494 501 2527 Heleonem
514 2496 677 2526 Patricium
688 2518 699 2534 ‚
724 2499 825 2527 virum
831 2493 956 2537 summis
964 2494 1084 2538 semper

203 2543 359 2578 bonoribus
372 2544 488 2576 audium
502 2567 512 2582 ,
525 2545 559 2577 (¹2
571 2544 736 2576 Anatolium
746 2547 876 2577 Orientis
888 2545 1083 2587 Praefeu'um,

203 2597 332 2638 Legatos
340 2599 424 2636 pacis
427 2593 533 2634 foedus
542 2593 710 2635 firmaturos
722 2599 820 2626 mittit
831 2618 838 2626 .
865 2598 1059 2629 Varrananes
1071 2619 1082 2636 ‚

203 2649 316 2688 cognita
334 2642 453 2686 suorum
466 2643 609 2686 jasium,
633 2641 738 2676 lubens
761 2644 902 2676 admittit
924 2647 1053 2688 Legatos
1071 2669 1081 2687 ,

203 2704 292 2736 atque
305 2702 350 2726 ita
360 2699 505 2727 excitatus
516 2699 548 2726 in
561 2691 744 2732 Christianos
759 2692 970 2737 persecutionis
985 2703 1081 2729 motus

202 2743 309 2787 resedit
327 2771 335 2778 .
366 2745 478 2776 Eodem
499 2753 609 2786 quoque
629 2754 707 2776 anno
727 2753 807 2776 mota
841 2749 874 2777 in
896 2743 1080 2784 christianos

205 2793 315 2837 Persas
337 2792 539 2836 persecutionis
562 2792 712 2834 tempestas
730 2792 840 2836 sedata
860 2794 899 2835 est
920 2820 927 2827 .
955 2794 1079 2830 Eadem

202 2844 348 2878 scribunt
360 2845 505 2878 Socrates
517 2868 527 2884 ,
555 2843 734 2887 Procopius
743 2844 954 2880 Caesaraeenfis
966 2869 977 2885 ‚
992 2844 1080 2891 Aga·

201 2892 306 2935 thias,
317 2895 350 2929 &
363 2894 417 2927 alii
431 2919 438 2926 .
467 2894 510 2928 Et
522 2892 588 2927 haec
598 2894 709 2927 omnia
721 2893 831 2929 laudat
844 2897 975 2939 praesens
989 2896 1080 2930 Con-

201 2944 331 2978 testatio
343 2969 350 2976 .
379 2943 471 2990 Qid
497 2943 571 2978 vero
594 2943 714 2977 fuerint
728 2944 892 2979 Persarum
908 2946 1079 2982 Immorta-

203 2992 248 3026 les
261 3017 272 3034 ‚
296 2993 403 3028 videre
419 2994 513 3037 poffis
537 2993 621 3036 apud
638 2993 773 3029 Annam
785 2994 993 3032 Cornnenatn
1007 3021 1019 3038 ,
1044 2997 1077 3032 δε

205 3041 428 3086 Nicephorum
451 3042 669 3086 Bryennium.

453 3192 528 3261 ffi
750 3194 826 3266 ᾗ

301 3390 407 3433 christ.
422 3395 500 3434 Lupi
512 3396 608 3435 opera
619 3395 652 3425 T.
662 3396 725 3425 Vir.

1873 184 1967 223 109

1329 359 1592 417 CAPUT
1629 361 1843 407 XXXIII.
1890 380 2025 418 ——121

1150 547 1237 611 Post
1271 549 1556 614 contestationem
1591 551 1750 604 Joamzis
1783 586 1797 611 ,
1845 553 1905 597 (φ
1939 549 2036 598 alios

1194 614 1304 668 'rum
1340 619 1606 690 Epffcoporum
1641 657 1655 682 ,
1708 625 1770 687 qui
1804 625 1842 670 in
1876 618 2035 668 Chalcu-

1220 685 1306 735 done
1339 697 1466 737 retenti
1493 690 1590 756 sunt
1623 696 1782 740 intrante
1830 694 2036 758 Imperato-

1220 775 1259 806 re
1293 760 1330 805 in
1366 759 1710 827 Constantinopolim
1763 780 1847 809 cum
1881 767 2037 813 Parte,

1221 824 1389 891 adversa
1422 863 1436 888 ,
1484 825 1556 874 haec
1604 832 1654 876 ad
1687 830 1877 901 Ephefiim
1912 836 2038 879 Sacra

1220 895 1361 944 direbla
1409 897 1458 962 est
1504 897 1697 965 Epifiopis
1744 937 1756 961 ,
1810 906 1873 968 qui
1925 921 2039 949 sunu

1220 965 1482 1023 Alexandrino
1528 965 1712 1035 Epifiopo
1759 987 2000 1020 convenerant
2022 1006 2037 1032 ,

1220 1039 1324 1107 cujus
1376 1037 1464 1105 post
1516 1035 1777 1107 praefationem
1838 1039 1923 1087 ralis
1985 1040 2042 1090 est

1222 1113 1377 1163 Textus
1387 1143 1400 1162 ,

1258 1303 1307 1336 Os
1322 1299 1474 1334 Ecclefiae
1494 1311 1609 1345 pacem
1630 1301 1753 1337 cnnstis
1767 1300 1841 1337 aliis
1851 1300 2042 1346 occupatio-

1282 1349 1380 1385 nibus
1402 1349 1583 1386 honotifice
1606 1362 1825 1397 praeponentes
1847 1377 1858 1394 ‚
1896 1363 1968 1388 non
1993 1352 2044 1385 so-

1152 1399 1220 1433 lum
1234 1411 1288 1444 per
1301 1401 1430 1444 Iudices
1443 1400 1573 1436 nostros
1585 1425 1596 1442 ‚
1621 1401 1675 1437 sed
1690 1403 1788 1438 etiam
1804 1413 1859 1447 per
1870 1412 1932 1437 nos
1955 1401 2043 1445 ipsos

1152 1460 1327 1496 aggregare
1352 1463 1411 1486 vos
1433 1451 1620 1486 voluimus.-
1646 1453 1789 1497 lmpium
1813 1455 1876 1488 effe
1901 1453 1936 1487 &
1958 1451 2043 1486 indi-

1151 1512 1257 1545 gnum
1279 1501 1391 1536 nostro
1414 1501 1580 1537 credentes
1603 1501 1746 1546 Imperio
1763 1528 1774 1544 ‚
1800 1503 1824 1536 fi
1847 1501 2044 1536 fastidienti-

1153 1551 1214 1585 bus
1226 1550 1322 1585 nobis
1333 1577 1344 1593 ‚
1371 1552 1405 1586 ὃς
1419 1563 1487 1588 non
1498 1552 1613 1586 omnia
1624 1576 1635 1593 ‚
1664 1562 1876 1596 quaecumque
1891 1550 2044 1595 poffibile

1153 1602 1197 1634 est
1211 1626 1222 1642 ‚
1249 1601 1443 1636 facientibus
1464 1626 1475 1642 ,
1502 1600 1727 1635 dividerentur
1748 1601 1897 1634 Ecclefiae
1913 1625 1920 1631 .
1948 1600 2043 1645 Qe-

1158 1650 1246 1685 niam
1268 1650 1348 1685 veto
1371 1649 1477 1694 neque
1489 1651 1577 1683 uniri
1590 1660 1648 1684 vos
1668 1649 1818 1693 poffibile
1836 1649 1958 1683 fastum
1970 1647 2016 1683 est
2030 1671 2043 1688 ,

1160 1711 1220 1735 nec
1241 1700 1282 1735 ad
1304 1699 1505 1735 reddendam
1526 1698 1690 1734 rationem
1705 1698 1747 1734 de
1762 1697 1836 1740 his,
1861 1699 1947 1733 circa
1973 1709 2045 1742 quae

1155 1750 1320 1786 dubitatio
1331 1750 1376 1784 est
1387 1775 1399 1792 ‚
1424 1749 1535 1785 venire
1547 1748 1654 1784 voluit
1668 1748 1910 1785 venerabilitas
1922 1748 2044 1790 vestra,

1154 1800 1357 1836 decrevimus
1380 1809 1417 1834 ut
1437 1799 1626 1836 Orientales
1648 1800 1806 1843 Episcopi
1829 1800 1870 1835 ad
1891 1800 1962 1833 suas
1984 1798 2047 1833 Pa-

1156 1852 1232 1884 trias
1251 1851 1286 1883 &
1299 1849 1459 1883 Ecclefias
1469 1857 1671 1884 revertantur
1684 1874 1694 1890 ‚
1721 1850 1755 1883 &
1767 1848 1923 1892 Synodus
1938 1846 2047 1892 Ephe-

1153 1900 1220 1933 fina
1244 1898 1386 1935 solvatur
1409 1924 1415 1930 .
1456 1898 1506 1932 Ita
1533 1897 1685 1932 videlicet
1711 1907 1749 1933 ut
1769 1898 1918 1942 Cyrillus
1944 1898 2044 1932 intret

1156 1948 1395 1983 Alexandriam
1413 1971 1425 1988 ‚
1450 1949 1485 1982 &
1504 1948 1691 1982 Memnone
1715 1948 1751 1982 in
1767 1947 1899 1991 Epheso
1921 1958 2046 1990 perma-

1154 2008 1273 2033 nente.
1301 1998 1381 2031 Hoc
1402 1996 1490 2031 enim
1501 1997 1719 2041 significamus
1738 1997 1846 2031 vestrae
1870 1996 2044 2041 Religiosi-

1155 2048 1215 2082 tati
1251 2046 1489 2081 tantummodo
1515 2070 1544 2087 ‚.
1564 2046 1655 2090 quod
1691 2044 1851 2091 quamdiu
1877 2046 2043 2087 vivimus,

1153 2096 1339 2134 Orientales
1368 2094 1553 2140 adjudicare
1585 2108 1655 2131 non
1679 2099 1848 2141 postumus
1868 2122 1876 2129 .
1917 2097 2044 2133 Coram

1152 2149 1241 2183 enim
1264 2146 1360 2183 nobis
1384 2146 1474 2182 nulla
1495 2158 1536 2182 ex
1549 2157 1638 2191 parte
1649 2148 1789 2183 convicti
1811 2148 1903 2182 sunt.
1936 2147 1969 2181 Si
1983 2147 2044 2192 igi-

1152 2209 1204 2233 tur
1214 2198 1280 2232 ulla
1292 2196 1379 2241 pacis
1391 2199 1541 2231 remansit
1554 2199 1698 2232 intentio
1710 2223 1721 2240 ‚
1748 2197 1835 2233 hanc
1852 2196 1963 2242 potius
1986 2197 2045 2231 eli‹

1151 2259 1264 2295 gentes
1277 2245 1373 2282 nobis
1385 2246 1503 2289 absque
1512 2248 1729 2282 contentione
1739 2247 1904 2283 rescribite
1913 2270 1920 2278 .
1948 2246 2043 2282 Alias

1152 2300 1192 2335 de
1215 2298 1420 2343 profectione
1442 2298 1544 2333 vestra
1564 2308 1645 2332 mox
1666 2296 1707 2333 ad
1718 2298 1777 2332 ista
1791 2323 1803 2340 ‚
1829 2309 1902 2342 quae
1921 2297 2043 2340 scripfi÷

1151 2361 1248 2389 mus,
1277 2347 1421 2392 cogitate
1439 2374 1446 2380 .
1476 2347 1552 2383 Nos
1571 2348 1660 2383 enim
1685 2348 1765 2383 mali
1787 2347 1924 2391 alicujus
1946 2349 2040 2383 causa

1153 2411 1220 2437 non
1231 2400 1358 2433 sumus.
1387 2397 1421 2437 Si
1444 2398 1503 2443 qui
1524 2398 1607 2440 fint,
1632 2399 1806 2444 cognoscit
1830 2399 1937 2432 Deus⁴

1152 2561 1276 2617 Missa
1311 2564 1441 2610 Sacra
1475 2561 1633 2609 ultima
1667 2562 1864 2610 omnium
1899 2564 1912 2608 ζ
1949 2562 2035 2610 Di-

1218 2636 1333 2683 ῐεᾶε,
1369 2629 1432 2680 est
1457 2666 1472 2692 ‚
1513 2628 1692 2697 quando
1727 2634 1813 2696 iam
1850 2629 2034 2683 redierat

1217 2706 1265 2753 in
1299 2703 1549 2752 Civitatem
1585 2699 1703 2750 suam
1742 2707 1900 2751 Beatus
1938 2706 2035 2768 Cy-

1218 2773 1339 2825 tillus
1374 2809 1388 2835 ‚
1434 2770 1708 2827 Alexandriae
1744 2772 2030 2829 Patriarcha·

1330 2999 1837 3046 Sen0L10N.‘

1254 3143 1323 3180 AEc
1344 3147 1439 3181 Sacra
1462 3146 1562 3189 Juffio
1575 3170 1586 3186 ,
1613 3145 1682 3189 ejus
1703 3144 1842 3186 titulus,
1868 3142 2021 3180 &finalh

1278 3195 1462 3231 subnotatio
1474 3197 1548 3230 sunt
1559 3195 1677 3230 summi
1691 3195 1842 3239 ponderis
1854 3206 1893 3230 ac
1903 3194 2001 3239 pretii
2014 3219 2023 3231 ,

1143 3246 1336 3281 Dolendum
1356 3246 1422 3286 est,
1448 3244 1538 3289 quod
1560 3246 1598 3280 fit
1623 3245 1723 3281 finale
1742 3245 1913 3280 dumtaxat
1938 3246 2023 3291 frag÷

1142 3304 1307 3331 mentum.
1336 3296 1444 3340 Ipsum
1456 3294 1592 3331 illustrat
1602 3293 1708 3330 brevis
1720 3320 1732 3337 ,
1756 3295 1792 3331 in
1806 3297 1901 3331 tertia
1915 3295 2021 3339 Syno-

1142 3346 1264 3383 dalium
1286 3345 1444 3383 Actorum
1466 3354 1556 3390 parte
1575 3346 1703 3433 exstgns
1714 3370 1727 3389 ,
1751 3345 1794 3387 de
1816 3344 2018 3428 hisceRrebns

1940 3403 1971 3426 e.
