2320 3730
567 183 888 239 Seuerus,
927 197 988 225 ET
1024 180 1653 227 Nomentanam&

215 269 249 304 &
263 268 363 304 vestra
384 261 467 300 inde'
484 262 696 309 Religiofitas
707 274 853 299 eruatur.
882 262 981 297 Nihil
1004 273 1091 298 nam·

216 318 279 361 que
296 317 374 351 hinc
392 314 518 349 suavius
541 315 666 358 sperare
685 315 832 359 poffibile
844 314 906 348 est.
937 313 990 348 Εὸ
1002 313 1090 358 quod

215 378 292 403 auro
303 366 428 400 cunetis
437 365 476 398 fit
488 365 703 399 satisfactum.
731 364 917 408 EtJudices
936 363 994 407 ipfi
1015 374 1092 397 con-

213 415 375 456 tendant,
402 416 479 460 quia
502 427 566 450 una
589 416 624 449 fit
637 415 780 452 Deitatis
802 414 1093 456 Humanitatisque

212 476 346 501 natura.
374 466 520 509 Populus
542 465 648 506 vero,
674 467 804 499 favente
829 464 1007 502 Domino,
1036 463 1094 496 sal·

213 527 272 550 vus
291 517 336 551 est
359 517 494 557 omnis,
520 517 554 549 ὃς
575 516 616 550 ad
638 526 699 548 nos
712 512 1093 556 inceffanteregreditur.

213 567 384 610 Coepimus
408 566 548 609 namque
573 565 607 599 &
629 564 752 607 alloqui
772 574 850 603 eoS,
875 563 909 596 &
931 561 1094 596 Colleuas

213 616 450 651 celebravimus
475 615 634 651 maximas
653 639 665 655 ,
702 614 736 647 δε
761 624 817 656 per
842 612 1007 647 orationes
1032 622 1095 646 tuae

213 666 455 711 Religiofitatis
468 676 583 710 quarta
592 666 658 710 jam
670 664 740 698 vice
753 663 817 697 feci
829 662 870 697 ad
881 673 938 697 eos
960 662 1001 697 de
1013 662 1095 696 Fide

214 717 380 751 sermones
402 742 409 750 .
438 717 483 751 Et
499 728 575 751 cum
597 723 688 749 tanta
712 713 882 757 voluptate
902 712 1097 751 audierunt,

214 776 252 801 ut
263 768 363 811 usque
374 767 415 803 ad
428 766 542 801 horam
555 765 723 808 septimam
734 762 872 797 minime
885 763 1076 799 receffiffent
1085 786 1096 803 ,

213 817 238 850 fi
259 818 419 861 patienter
429 815 647 851 sustinuissent
659 815 745 849 Solis
757 814 905 848 ardorem
917 838 924 845 .
953 813 993 847 In
1012 812 1096 848 atrio

213 867 327 909 enim,
357 865 444 911 quod
454 864 500 900 est
514 865 717 907 maximum,
743 865 778 899 &
792 873 932 907 quatuor
952 864 1097 907 porticus

214 914 334 956 habet,
360 915 540 950 multitudo
551 916 726 950 convenit.
754 916 798 949 Et
811 926 872 949 nos
896 914 937 948 de
950 914 1097 957 superio-

214 966 302 1001 ribus
318 965 400 1000 locis
414 965 657 1001 habitationum
674 967 857 1000 sermonem
874 963 1048 998 habuimus
1064 987 1072 995 .

265 1016 384 1052 Clerus
406 1015 484 1051 vero
503 1016 669 1049 universus
681 1026 758 1049 cum
775 1014 872 1048 bonis
888 1014 954 1048 illis
966 1014 1096 1048 Mona-

213 1067 285 1103 chis
295 1078 356 1100 nos
367 1066 460 1099 valde
471 1065 664 1109 impugnat,
691 1065 736 1099 ita
760 1074 796 1099 ut
807 1076 872 1099 una
893 1063 966 1098 vice
989 1075 1098 1109 pugna

211 1114 380 1150 commissa
391 1115 427 1149 fit
438 1139 450 1156 ,
475 1115 607 1159 quando
622 1113 640 1148 ὸ.
651 1115 853 1149 Ruffinianis
868 1115 971 1157 prima
993 1114 1098 1149 collo-

211 1166 350 1201 cutione
383 1164 624 1200 revertebamur
649 1164 790 1199 Piiffimi
825 1164 988 1208 Principis
1006 1190 1014 1198 .
1056 1164 1098 1198 Et

211 1216 311 1251 multi
324 1217 455 1250 fuerunt
465 1215 628 1249 vulnerati
640 1238 651 1255 ,
663 1223 732 1249 tarn
745 1214 924 1249 Laicorum
939 1214 995 1257 qui
1008 1223 1098 1248 erant

212 1266 388 1301 nobiscum
411 1290 422 1306 ‚
447 1265 545 1308 quam
565 1261 814 1298 Monachorum
844 1274 978 1307 quoque
997 1263 1098 1297 falso-

212 1327 286 1351 rum
298 1341 305 1348 .
333 1316 487 1361 Agnovit
498 1324 608 1349 autem
619 1313 785 1348 Piiffimus
797 1313 976 1356 Imperator
989 1338 999 1354 ,
1009 1312 1098 1357 quod

212 1364 396 1401 multitudo
417 1372 670 1410 congregaretur
690 1364 730 1398 ad
744 1375 825 1404 nos,
855 1364 890 1397 &
912 1362 987 1397 solis
1004 1362 1099 1397 nobis

212 1416 409 1459 colloquens
419 1415 466 1449 ait
481 1428 491 1448 .·
519 1418 716 1458 Agnoviquia
726 1413 873 1448 collectas
891 1414 1098 1447 extraordina-

213 1471 279 1501 rias
293 1465 423 1507 facitis.
450 1463 526 1507 Ego
550 1463 627 1499 vero
650 1463 719 1498 dixi
741 1463 793 1498 ei:
822 1463 1100 1507 ,Quoniam‘dedisti

210 1516 356 1560 fiduciam
377 1524 444 1548 cum
462 1517 579 1553 venia,
603 1514 679 1546 audi
698 1537 706 1545 .
734 1515 891 1555 Nunquid
904 1513 1019 1555 justum
1043 1514 1100 1554 est,

213 1573 249 1600 ut
258 1565 323 1606 illi,
347 1563 532 1608 quiquidem
544 1562 678 1597 haretici
704 1564 992 1598 &excommunicati
999 1564 1071 1607 sunt
1086 1589 1096 1606 ,

215 1613 410 1657 Ecclefiastica
419 1612 760 1656 Ministeriaperagant3
788 1625 841 1646 nos
854 1616 946 1654 vero,
973 1620 1026 1657 qui
1044 1622 1100 1656 pro

215 1666 453 1700 Fide-certamen
464 1663 606 1698 babemus
618 1688 629 1704 ,
655 1665 818 1706 &propter
844 1663 895 1697 boc
915 1676 962 1698 eos
975 1676 1099 1698 commu-

215 1722 304 1750 mone
310 1720 507 1758 privavimus
521 1738 531 1753 ‚
557 1720 589 1747 in
601 1712 758 1755 Ecclesiam
781 1724 838 1747 non
850 1720 996 1748 intremus
1012 1717 1024 1749 ?

265 1765 326 1800 Ille
338 1766 469 1809 inquit:
496 1768 542 1798 Et
552 1775 601 1809 ego
613 1765 689 1809 quid
700 1764 819 1807 faciam
831 1765 848 1797 ,ἕ
874 1765 1043 1809 Respondi
1056 1777 1099 1800 er·

214 1827 261 1862 go
271 1815 303 1851 ei
318 1828 325 1848 :
352 1817 446 1860 ‚Quod
448 1814 526 1857 fecit
541 1815 587 1848 hic
603 1839 614 1856 ‚
641 1820 692 1859 qui
701 1827 779 1849 nunc
792 1815 930 1859 Magister
941 1816 996 1856 est,
1010 1826 1099 1858 quan·

215 1868 254 1898 do
273 1875 340 1899 erat
352 1870 456 1900 Comes
470 1865 678 1908 Largitionum
697 1874 768 1898 tuus
780 1889 791 1905 ‚
817 1867 890 1898 dum
914 1867 1035 1908 vemffet
1061 1866 1105 1898 ad

216 1913 393 1957 Ephesum.
420 1919 583 1948 Inveniens
602 1920 681 1947 enim
705 1916 787 1957 quod
805 1916 850 1948 illi
860 1915 962 1957 Missas
985 1916 1103 1959 quidem

209 1965 352 2013 ‘facerent
378 1987 390 2005 ,
426 1975 480 1997 nos
506 1966 629 1997 minime*
654 1989 666 2005 ,
697 1963 871 2007 compescuit
895 1976 941 1997 eos
976 1966 1102 1998 dicens:

215 2015 308 2061 Quia
318 2013 383 2046 ‚nifi
402 2012 487 2047 inter
510 2024 570 2047 vos
588 2024 652 2056 pax
674 2014 773 2049 fuerit
795 2015 878 2048 facta
900 2038 911 2054 ,
938 2015 996 2048 uni
1022 2013 1102 2056 parti

215 2064 402 2099 Colleflarn
422 2061 584 2097 celebrare
607 2073 676 2096 non
699 2064 802 2097 sinam
824 2088 831 2096 .
859 2067 906 2096 Et
933 2063 1102 2105 oportebat,

215 2117 321 2148 Pietas
342 2123 396 2147 tua
419 2111 565 2156 Episcopo
580 2111 744 2156 prasentis
761 2114 815 2147 loct
831 2117 1012 2155 praeciperet
1032 2138 1043 2154 ,
1069 2122 1103 2146 ut

214 2175 268 2199 nec
291 2163 372 2198 nobis
398 2174 451 2198 nec
469 2163 529 2196 illis
553 2163 657 2206 Miffas
678 2172 777 2198 tenere
798 2165 963 2197 concederet
976 2188 988 2204 ,
1013 2165 1104 2197 donec

214 2219 441 2248 conveniremus
452 2215 496 2245 ad
505 2221 608 2254 pacem
621 2226 628 2245 :
655 2217 695 2245 Ut
711 2213 823 2253 justum
835 2217 994 2247 Decretum
1020 2223 1103 2247 tuum

216 2261 408 2305 innotesceret
427 2261 570 2303 univerfis
582 2281 601 2293 .=
618 2261 675 2295 Ad
693 2260 760 2296 haec
781 2264 977 2308 respondens
995 2263 1078 2297 dixit
1092 2278 1102 2297 .-

215 2316 284 2357 .Ego
295 2311 450 2356 Episcopis
463 2318 611 2355 imperare
623 2323 681 2345 non
688 2313 798 2355 peffum
812 2338 820 2346 .
847 2313 1021 2357 Respondi
1044 2313 1105 2358 igi-

216 2372 271 2397 tur
282 2374 346 2407 ego
358 2376 369 2396 .·
395 2366 478 2407 Ergo
506 2373 555 2396 nec
565 2361 648 2395 nobis
661 2367 785 2404 imperet
798 2364 935 2405 aliquid.
964 2366 1011 2396 Et
1031 2368 1104 2397 acci-

216 2417 315 2454 pimus
328 2411 485 2452 Ecclesiam
497 2436 507 2451 ,
533 2411 766 2453 celebramusque
784 2413 943 2445 collectam
955 2427 966 2446 .·
993 2417 1040 2445 Et
1063 2423 1105 2444 co-

214 2459 332 2505 gnoscet
347 2463 451 2492 Pietas
466 2468 519 2491 tua
532 2482 543 2498 ,
569 2463 639 2499 quia
652 2460 852 2500 multoplures
866 2460 1011 2503 nobiftum
1017 2459 1102 2503 sunt,

219 2512 310 2552 quam
319 2520 385 2542 cum
395 2510 457 2542 illis
471 2533 478 2540 .
507 2509 609 2550 Super
623 2508 690 2542 haec
703 2509 779 2542 vero
790 2507 936 2544 diximus
948 2511 997 2544 ei:
1020 2512 1107 2553 ,Quia

218 2558 348 2592 Collatia
372 2557 466 2597 nostra
492 2568 544 2590 nec
566 2557 734 2590 Lec‘lionem
751 2557 927 2600 sanc‘larum
943 2562 1106 2601 scriptura-

217 2620 284 2643 rum
306 2607 432 2648 babuit,
460 2618 512 2640 nec
533 2607 738 2640 oblationem.
768 2607 853 2640 Solus
876 2611 948 2642 vero
962 2613 1103 2642 Litanias

215 2667 272 2702 pro
278 2658 341 2700 fide
350 2680 360 2697 ‚
383 2659 416 2692 (⁸5
425 2665 480 2699 pro
493 2656 586 2695 vestro
598 2661 722 2699 Imperio
729 2656 859 2698 fecimus
878 2683 884 2689 .
915 2661 961 2691 Et
979 2667 1036 2701 pro
1047 2662 1103 2693 Re-

218 2712 324 2753 ligione
341 2714 395 2750 pia
419 2710 590 2740 Sermones.
619 2706 813 2751 Appobavit
833 2706 914 2753 ergo
926 2733 936 2749 ‚
963 2709 996 2744 &
1015 2721 1104 2743 nunc

219 2760 320 2801 usque
342 2757 375 2791 id
399 2769 467 2791 non
493 2756 659 2800 prohibuit
682 2757 752 2791 fieri
776 2783 782 2790 .
819 2758 977 2792 Crescunt
1004 2759 1104 2803 igitur

219 2808 359 2843 subinde
372 2807 527 2841 Colled'iae
539 2805 652 2840 nosttae
664 2830 675 2846 ,
701 2807 878 2852 navigante
889 2809 930 2843 ad
943 2820 1004 2842 nos
1022 2809 1103 2842 mul·

219 2858 365 2892 titudine
386 2857 500 2901 populi
523 2881 533 2896 ‚
568 2867 707 2899 cumque
729 2859 824 2893 omni
852 2858 1022 2894 voluntate
1049 2871 1102 2894 au·

219 2906 331 2943 diente
351 2907 531 2942 doitrinas.

272 2959 354 2992 Oret
368 2957 470 3003 igitur
484 2956 691 3001 Religiofitas
706 2958 824 3000 vestra,
851 2969 887 2994 ut
909 2960 1009 2994 finem
1032 2961 1102 2994 Do-

223 3006 319 3041 mino
341 3007 499 3049 placitum
520 3008 612 3040 causa
638 3008 787 3051 suscipiat
803 3035 811 3042 .
842 3010 916 3044 Nos
937 3012 1027 3044 enim
1048 3022 1102 3054 per

223 3056 369 3100 singulos
392 3057 460 3090 dies
485 3056 519 3089 in
550 3057 693 3101 periculo
715 3059 822 3094 sumus
844 3085 855 3101 ,
881 3061 922 3095 de
946 3061 1102 3095 seditioso

224 3106 350 3149 impetu
370 3106 461 3149 super
481 3118 541 3141 nos
567 3106 811 3144 Monachorum
838 3112 872 3145 &
897 3110 1101 3145 Clericorum

224 3154 380 3200 suspecti,
406 3156 659 3201 facilitatemque
669 3157 969 3196 potentissimorum
992 3160 1102 3196 viden-

221 3215 286 3241 tes.

327 3406 435 3449 christ.
453 3411 535 3451 Lupi
545 3412 641 3451 Opera
653 3411 751 3442 T.V11.

1877 197 1963 227 101

1344 368 1847 419 ScHOLION,

1267 513 1337 548 AEc
1350 514 1498 558 Epistola
1522 514 1626 548 exstat
1645 514 1679 548 in
1693 513 1784 548 Actis
1797 513 2016 557 synodalibus
2030 542 2037 551 .

1294 565 1486 599 Caffinenfis
1507 564 1678 599 translatio
1700 563 1798 599 habet
1809 564 1957 609 quaedam
1979 567 2040 599 fin-

1156 613 1281 656 gularia
1295 638 1305 653 ‚
1331 614 1471 659 ideoque
1491 614 1694 659 praetermitti
1718 626 1786 649 non
1809 615 1941 659 potuit.
1969 615 2040 649 Pri-

1157 673 1246 696 mum
1259 663 1329 702 est,
1354 665 1442 706 quod
1463 663 1548 700 hanc
1571 665 1752 709 Epistolam
1774 665 1909 700 Irenaeus
1934 665 2039 709 impo-

1160 713 1256 746 suerit
1279 714 1342 746 suae
1354 713 1558 757 Tragoediae,
1586 727 1623 750 ac
1647 715 1723 750 inde
1732 717 1914 759 pervenerit
1935 715 1971 748 in
1985 726 2041 759 pu-

1160 761 1302 797 blicum.
1332 763 1519 798 Secundum
1541 767 1585 799 est
1601 790 1611 806 ,
1635 765 1724 807 quod
1735 766 2044 801 Caffinensistrans-

1157 811 1238 846 latio
1262 814 1296 845 in
1315 811 1461 855 pluribus
1471 811 1702 850 fitdistinstior
1727 827 1764 850 ac
1776 815 1941 851 lucidior.
1971 816 2042 849 Hic

1158 861 1204 895 est
1226 861 1350 906 primus
1371 861 1484 895 locus:
1511 866 1564 894 Ne
1580 874 1783 901 contemnatur
1797 867 1899 909 fides,
1927 876 1992 909 quae
2004 864 2045 898 ab

1159 911 1227 954 his,
1253 918 1306 955 qui
1317 912 1455 946 baeretica
1473 912 1613 954 dogmata
1620 912 1792 957 suscepere,
1821 914 2046 959 &bissubscri-

1161 962 1229 996 bere
1240 961 1398 1005 aufisunt‚
1428 963 1634 996 adulteratur.
1662 962 1854 999 Caffinenfis
1865 965 1981 1001 Codex
1992 966 2047 1000 de-

1160 1013 1259 1048 clarat
1283 1010 1348 1046 haec
1374 1013 1554 1056 dogmata:
1582 1013 1676 1056 ,Quod
1696 1018 1889 1052 corrumpitur
1905 1016 1983 1056 fides
2007 1015 2048 1049 ab

1164 1063 1234 1104 his,
1263 1069 1313 1106 qui
1325 1064 1379 1096 illa
1403 1063 1553 1104 Capitula
1564 1066 1716 1096 Haeretica
1733 1060 1944 1104 susceperunt,
1970 1067 2049 1099 &in

1162 1119 1204 1147 eis
1213 1112 1394 1157 subscribere
1400 1110 1659 1156 praesumpserunt
1670 1137 1677 1144 .
1707 1111 1801 1146 Alter
1815 1113 1905 1146 locus
1918 1115 1962 1146 est
1975 1114 2048 1148 hic:

1166 1167 1243 1197 Cum
1247 1165 1420 1204 juramento
1433 1164 1606 1203 Pientiffimo
1617 1162 1708 1203 nostro
1720 1165 1793 1206 Regi
1800 1161 1945 1206 suasimus
1955 1188 1965 1204 ‚
1975 1165 2051 1205 quoii

1164 1213 1369 1256 impoffibilefit
1381 1213 1464 1247 nobis
1480 1213 1622 1252 Cyrillum
1648 1215 1682 1248 ὦ*
1694 1217 1879 1247 Memnonem
1891 1215 2049 1247 conciliari.

1164 1267 1211 1295 Et
1235 1265 1315 1306 quod
1329 1266 1397 1306 fieri
1420 1273 1568 1306 nequeat,
1593 1273 1627 1297 ut
1639 1265 1701 1297 illis
1711 1269 1972 1306 communicemus,
1998 1269 2052 1306 qui

1163 1324 1221 1346 non
1235 1323 1325 1347 antea
1337 1316 1477 1354 ejecerint
1501 1317 1644 1348 Haeretica
1654 1316 1799 1357 Capitula
1809 1341 1816 1347 .
1844 1315 1946 1358 Supra
1958 1315 2050 1349 audi-

1166 1363 1272 1398 vimus
1287 1364 1450 1407 Joannern
1463 1363 1655 1398 Antiochiae
1665 1363 1885 1399 Patriarcham
1905 1366 2053 1409 frequen-

1164 1423 1212 1448 ter
1222 1413 1385 1457 jurantem
1399 1440 1410 1456 ,
1437 1414 1528 1458 quod
1542 1414 1707 1457 Cyrillum
1722 1440 1732 1456 ,
1758 1424 1874 1459 utpote
1885 1416 2055 1450 Haerefiar-

1166 1463 1283 1505 cham,
1310 1476 1480 1508 nunquam
1491 1465 1664 1509 reciperet:
1692 1464 2056 1510 Nequidemfianathe-

1166 1515 1334 1548 matizaret
1360 1515 1515 1558 Capitula
1536 1538 1542 1546 .
1587 1516 1632 1549 Et
1654 1515 1710 1549 alii
1734 1516 1852 1559 Legati
1872 1516 2057 1558 juramenta

1165 1563 1230 1599 haec
1241 1564 1328 1600 haud
1340 1565 1438 1599 dubie
1449 1566 1739 1599 confirmaverint.
1768 1565 1838 1599 Hic
1851 1565 2003 1599 videntur
2014 1565 2057 1597 ab

1164 1614 1235 1658 ipsis
1247 1613 1417 1655 recedere,
1444 1627 1481 1649 ac
1506 1615 1670 1648 devenisse
1696 1614 1860 1647 mitiores,
1890 1614 2058 1647 Videntur

1164 1664 1263 1699 etlam
1298 1665 1464 1707 Cyrillum
1497 1664 1598 1707 parati
1620 1663 1793 1698 admittere
1811 1688 1819 1695 .
1861 1663 2058 1697 Caffinenfis

1164 1715 1285 1749 Codex
1298 1726 1366 1749 rem
1382 1714 1521 1758 exponit
1538 1714 1639 1758 longe
1650 1714 1762 1748 aliter:
1791 1718 1850 1748 Hoc
1860 1725 1927 1758 ergo
1942 1720 2059 1757 peregi-

1164 1776 1229 1798 mus
1243 1790 1255 1807 ,
1281 1772 1313 1798 ut
1335 1776 1402 1799 cum
1415 1766 1585 1806 juramento
1608 1769 1787 1806 Imperatori
1806 1765 1932 1805 Piifflmo
1953 1766 2064 1797 dicere·

1167 1827 1235 1849 mus
1249 1839 1260 1856 ,
1286 1820 1356 1857 quia
1366 1814 1531 1856 impoffibile
1543 1814 1581 1853 est
1591 1838 1601 1855 ,
1628 1823 1662 1848 ut
1674 1826 1726 1848 nos
1740 1816 1881 1852 Cyrillum
1909 1816 1943 1848 (9
1966 1818 2058 1847 Mem÷

1167 1875 1270 1898 nonem
1295 1870 1328 1896 in
1343 1862 1555 1906 Episcoporum
1583 1863 1768 1902 restituamus
1793 1865 1897 1905 ffcio.
1926 1867 1972 1897 Et
1989 1864 2058 1905 fieri

1169 1925 1226 1948 non
1236 1913 1330 1956 potest
1342 1939 1352 1955 ‚
1382 1922 1416 1947 ut
1434 1916 1673 1947 communicemus
1689 1914 1811 1955 reliquis
1824 1938 1835 1954 ‚
1861 1912 1916 1955 nisi
1933 1918 2059 1956 Capitu-

1167 1966 1199 1997 la
1213 1967 1360 1997 Haeretica
1364 1961 1580 2005 submoverint.
1608 1962 1774 2004 Cyrillum
1788 1973 1825 1995 ac
1837 1964 2058 1998 Memnonem

1167 2013 1342 2058 distinguit
1365 2011 1384 2044 ὲ
1413 2011 1546 2055 reliquis
1567 2013 1690 2046 Sanssae
1711 2012 1839 2054 Synodi
1867 2011 2056 2056 Episcopis.

1169 2063 1248 2097 lllos
1270 2062 1401 2107 penitus
1426 2071 1573 2096 removet
1596 2061 1678 2106 aspe
1698 2061 1907 2106 recuperandi
1924 2062 2060 2106 Episco-

1168 2123 1281 2158 patum
1297 2137 1304 2144 .

1218 2164 1359 2198 Tertius
1370 2162 1461 2199 locus
1473 2163 1518 2198 est
1532 2162 1607 2197 hic:
1634 2165 1667 2197 Si
1678 2165 1799 2206 quando
1808 2165 1874 2207 ejus
1889 2164 2060 2206 faceremus

1168 2220 1346 2248 mentionem
1371 2237 1381 2253 ,
1415 2213 1591 2257 desertionis
1628 2215 1835 2255 notabamur3
1865 2214 2059 2250 Caffinenfis

1168 2264 1287 2299 Codex
1313 2262 1411 2297 habet
1434 2277 1440 2296 :
1469 2267 1598 2307 ‚Quoties
1619 2265 1681 2304 ejtts
1698 2264 1827 2305 fecimus
1857 2270 2057 2306 mentionem,

1161 2313 1258 2358 fecisse
1282 2315 1454 2356 adjudicati
1475 2313 1576 2357 sumus
1600 2315 1764 2355 injuriam.
1794 2315 1927 2358 Utique
1951 2315 1984 2348 in
2010 2326 2063 2358 ty-

1170 2376 1246 2408 pum
1257 2389 1267 2404 ,
1294 2365 1348 2398 seu
1364 2365 1502 2399 formam
1514 2365 1555 2399 de
1570 2365 1640 2408 ipso
1653 2365 1719 2407 jam
1731 2364 1841 2399 datam
1854 2365 1871 2398 a
1886 2365 2058 2408 Principe.

1169 2415 1316 2458 Qartus
1337 2413 1429 2446 locus
1452 2413 1519 2446 est:
1552 2418 1596 2447 De
1617 2413 1667 2446 boc
1689 2414 1765 2447 mibi
1776 2416 1875 2448 nullus
1897 2418 2058 2456 loquatur.

1168 2465 1317 2503 specimen
1338 2467 1415 2493 enim
1434 2459 1523 2503 semel
1532 2462 1593 2505 ipse
1604 2464 1708 2495 dedit.
1738 2464 1861 2497 Nullus
1872 2465 1917 2496 est
1932 2465 2058 2498 sensus.

1171 2511 1366 2546 Caffinenfis
1389 2510 1509 2544 Codex
1531 2511 1587 2545 dat
1611 2512 1776 2555 optimum
1801 2526 1812 2546 .-
1839 2517 1884 2546 De
1910 2513 1960 2546 boc
1985 2514 2061 2547 mihi

1169 2561 1266 2594 nullus
1277 2561 1395 2603 aliquid
1402 2560 1556 2601 manifeste
1593 2562 1694 2594 dicat.
1719 2564 1745 2592 T
1740 2570 1829 2603 ypum
1850 2574 1977 2604 namque
1989 2566 2061 2604 jam

1165 2610 1259 2654 semel
1282 2622 1320 2644 ea
1344 2635 1354 2650 ,
1382 2621 1449 2652 quae
1474 2610 1520 2643 ad
1537 2611 1620 2643 illum
1640 2615 1794 2651 pertinent
1816 2636 1826 2651 ,
1848 2610 2054 2655 susceperunt.

1171 2662 1319 2708 Qintus
1332 2661 1422 2694 locus
1433 2660 1502 2694 est:
1529 2665 1603 2693 Non
1614 2661 1778 2703 cessabimus
1790 2669 1868 2694 omni
1882 2669 1996 2697 virtute
2022 2666 2057 2698 ὁ·

1166 2714 1230 2753 ejus
1244 2714 1350 2744 Patris
1362 2721 1463 2744 curam
1471 2722 1574 2754 gerere
1587 2735 1597 2751 ‚
1620 2709 1747 2753 scientes
1759 2713 1803 2744 illi
1809 2711 1932 2752 fac‘lam
1954 2714 1992 2746 ab
2005 2720 2058 2746 im-

1162 2767 1225 2804 piis
1250 2761 1445 2802 injustitiam.
1477 2761 1670 2795 Caffinenfis
1694 2762 1812 2796 Codex
1836 2760 1955 2796 habet:
1983 2769 2056 2798 Non

1166 2813 1297 2855 cessaturi
1310 2820 1373 2844 tota
1387 2817 1500 2845 virtute
1512 2821 1614 2844 curam
1626 2813 1661 2846 de
1672 2811 1725 2852 ista
1735 2823 1845 2854 quoque
1864 2824 1966 2855 gerere
1982 2822 2055 2855 pur-

1166 2872 1196 2896 te
1227 2860 1351 2904 scientes
1373 2867 1562 2904 iniquitatem
1575 2886 1585 2902 ,
1611 2873 1678 2905 quae
1699 2868 1732 2895 in
1754 2874 1819 2895 eum
1854 2863 1995 2905 commisse
2016 2864 2055 2904 est

1169 2912 1208 2945 ab
1219 2912 1289 2953 his,
1316 2911 1431 2954 quifine
1445 2910 1599 2955 Deosunt.
1631 2912 1718 2958 Qis
1738 2923 1846 2946 textus
1867 2913 1902 2946 fit
1927 2913 2053 2953 verior,

1170 2963 1308 3006 ignoro.
1339 2962 1484 3006 Vulgata
1496 2962 1665 2996 translatio
1680 2962 1772 3005 poffit
1786 2963 1865 2995 olim
1887 2960 2052 2997 habuisse:

1169 3016 1215 3045 Et
1242 3015 1304 3052 ejus
1334 3016 1456 3046 Patris.
1485 3012 1587 3046 Possit
1614 3011 1685 3053 quis
1707 3013 1823 3046 alteras
1844 3012 1993 3046 littei-affe
2020 3014 2053 3048 δεῖ

1167 3063 1327 3107 posuiffe:
1358 3066 1480 3095 Patris.
1509 3060 1605 3096 Cei-te-
1619 3060 1769 3105 Episcopi
1781 3062 1862 3096 olim
1883 3063 1948 3096 sese
1970 3063 2053 3098 invi-

1169 3125 1240 3147 cem
1255 3113 1312 3147 vix
1324 3112 1468 3147 solebant
1482 3112 1591 3145 Patres
1605 3110 1791 3146 inscribere.
1821 3114 1936 3146 Sextus
1958 3113 2051 3148 locus

1167 3163 1212 3198 est
1236 3176 1242 3195 :
1271 3167 1315 3195 Et
1337 3164 1565 3197 vulnerarentur
1589 3163 1677 3194 multi
1695 3173 1733 3195 ex
1757 3166 1857 3195 Laicis
1874 3187 1885 3204 ‚
1912 3164 1945 3196 Θ
1959 3163 2048 3205 falsis

1166 3212 1321 3246 Monacbis
1351 3238 1361 3254 ,
1387 3218 1437 3255 qui
1459 3210 1606 3254 nobiscum
1632 3222 1719 3245 erant
1741 3238 1747 3244 .
1776 3212 1926 3247 Affirmat
1952 3214 2050 3248 falsos

1168 3264 1252 3298 Mon
1259 3262 1356 3297 achos
1367 3264 1461 3296 fuisse
1472 3273 1548 3296 cum
1559 3261 1782 3296 Orientalibus
1794 3264 1945 3307 Legatis.
1973 3264 2048 3298 Cas-

1166 3314 1287 3347 smenfis
1299 3312 1418 3347 Codex
1438 3312 1493 3346 dat
1505 3323 1616 3346 verum
1630 3313 1781 3347 sensum.-
1807 3316 1854 3346 Et
1876 3315 1963 3347 multi
1977 3314 2048 3355 fue-

1165 3373 1237 3397 runt
1249 3365 1424 3405 vulnerati,
1450 3371 1514 3396 tam
1525 3365 1679 3399 Laicorum
1695 3368 1748 3406 qui
1772 3373 1861 3401 erant
1881 3362 2047 3404 nobiscum,

1620 3411 1636 3448 Ι
1687 3424 1707 3460 3
1907 3422 1997 3454 quam
