2320 3730
942 163 1429 209 Er1s'rotae.

400 319 663 370 CAPUT
700 322 960 374 ccxvm.
995 335 1139 382 --307

294 456 475 529 Ejusdem
507 479 559 509 ex
593 463 887 528 interpretatione
921 457 1096 530 Epistolae

546 528 603 578 ad
645 532 845 578 Hebraeos.

319 647 450 684 Ednon
472 649 506 684 in
519 649 616 685 nobis
639 649 838 686 mortificata
862 648 917 684 lex
927 649 1139 693 peecatifuis-

343 700 412 739 set,
438 697 492 734 sed
519 711 579 736 nec
591 700 658 744 ipsa
681 699 1038 735 cunstisinimiciffima
1051 710 1139 734 mors

252 748 413 786 destructa
435 750 545 785 fuisset
565 763 578 790 ,·
592 769 598 772 -
612 750 672 784 nisi
697 751 817 786 fastum
845 749 953 786 fuisset
974 750 1046 785 vere
1066 761 1137 794 pro—

254 799 363 842 prium
376 796 478 836 Verbi
501 799 557 841 id,
583 800 699 846 inquo
712 799 797 835 illud
820 811 876 843 per
886 802 956 844 eius
980 802 1138 834 virtutem

251 849 423 893 propriam·
429 849 645 886 damnabatur
654 875 663 884 .
684 850 765 885 Non
776 850 867 886 enim
878 850 1069 885 communis
1079 848 1138 882 ho·

251 897 383 938 minis,
397 899 433 935 ὅ(
451 899 520 942 ejus
540 899 596 944 qui
618 899 797 936 secundnm
825 911 887 936 nos
914 899 1110 944 intelligitur
1125 922 1137 939 ,

247 956 320 982 erat
343 949 431 992 posse
451 948 616 986 destruere
635 950 752 985 mortis
772 949 946 995 imperium
968 960 976 980 :
1004 949 1136 983 Destru-

249 998 339 1032 stum
361 997 438 1033 vero
457 999 503 1033 est
527 999 563 1033 id
580 1009 642 1043 'per
662 997 832 1034 Christum
854 1023 862 1031 .
891 997 948 1033 Est
976 998 1079 1043 igitur
1105 1004 1137 1032 in

249 1047 417 1086 consecro,
443 1046 534 1091 quod
555 1046 644 1082 certe
661 1046 840 1085 secundum
862 1059 924 1084 nos
946 1049 1042 1083 fuerit
1058 1049 1137 1083 mul-

250 1093 324 1133 tum
347 1095 458 1130 Deus.
486 1096 577 1141 Ergo
598 1098 686 1139 fuit,
712 1099 872 1141 quoniam
895 1098 1000 1133 homo
1014 1124 1024 1140 ,
1053 1099 1135 1133 mul-

249 1144 324 1180 tum
336 1144 429 1180 valde
438 1145 522 1182 ultra
534 1158 616 1190 nos,
642 1157 677 1182 ut
698 1147 810 1182 Deus.
839 1148 882 1183 Et
899 1149 1058 1193 templum
1069 1159 1137 1184 erat

250 1195 421 1236 sanetum,
445 1196 535 1243 quod
557 1197 801 1242 plenitudinem
824 1199 1024 1249 Diginitatis
1049 1211 1136 1234 acce-

251 1246 321 1290 pit-1
342 1244 572 1282 ‘Veruntamen
600 1259 658 1292 per
679 1248 865 1283 unitionem
885 1249 1137 1292 dispensativam

250 1305 339 1330 unus
357 1296 578 1333 ‘effeci-editur
599 1297 752 1340 adeum,
779 1300 835 1344 qui
859 1298 1055 1335 inhabitavit
1069 1322 1080 1339 ,
1105 1300 1137 1334 &

250 1344 375 1380 dicitur
393 1370 402 1379 .
431 1346 523 1382 Sicut
544 1348 633 1382 enim
655 1348 701 1384 est
725 1350 758 1383 in
783 1349 878 1384 nobis
899 1349 1039 1394 Spiritus
1063 1351 1138 1385 San·

252 1392 323 1429 &us
336 1415 348 1436 ‚
369 1394 545 1432 ostendens
556 1409 615 1433 nos
637 1400 687 1433 vel
699 1400 844 1434 efficiens
853 1399 1035 1443 Templum
1048 1401 1112 1435 Dei
1124 1414 1139 1445 ,·
1172 1435 1174 1437 .
1190 1441 1192 1443 ‚

249 1444 343 1490 juxta
354 1447 499 1482 eundem
515 1449 653 1483 modum
673 1449 707 1483 δι
724 1450 758 1484 in
770 1450 842 1494 ipso
852 1450 994 1485 dicimus
1005 1450 1138 1485 Christo

250 1493 413 1530 habitasse
426 1495 559 1541 quidem
566 1500 610 1533 in-
619 1510 717 1534 carne
728 1525 739 1542 ‚
767 1511 803 1535 ut
820 1500 854 1535 in
867 1500 992 1545 templo
1006 1525 1017 1541 ,
1043 1501 1138 1535 illum

250 1544 558 1588 DeiSermonem,
585 1549 797 1584 sanctificasse
819 1552 898 1584 vero
924 1561 1019 1590 eam,
1045 1561 1081 1585 ut
1094 1552 1140 1584 in-

249 1593 478 1630 hxbitantem:
504 1597 660 1632 Dicimus
682 1597 758 1632 vero
783 1622 795 1638 ‚
820 1601 898 1642 quia
922 1598 1000 1634 licet
1020 1599 1140 1635 dicitur

248 1641 433 1687 Templum
452 1669 465 1686 ‚
480 1646 547 1695 'sed
568 1644 682 1682 'tamen
709 1648 877 1692 proprium
896 1648 967 1694 ejus
987 1660 1055 1684 erat
1083 1651 1115 1685 id
1129 1675 1140 1691 ,

247 1693 340 1736 quod
372 1695 568 1739 assumptum
593 1697 638 1731 est
661 1722 672 1738 ,
711 1707 747 1732 ut
769 1709 875 1734 unum
906 1709 1072 1744 reputetur
1098 1701 1137 1735 ad

248 1754 329 1793 eum
343 1769 351 1776 .
379 1744 461 1779 Non
472 1746 549 1789 quia
562 1748 670 1782 transit
681 1747 722 1782 ad
734 1748 878 1784 Deitatis
890 1759 1058 1791 naturam,
1084 1752 1139 1786 sed

247 1792 363 1838 potius
374 1796 649 1838 compositionem
664 1799 750 1833 circa
765 1799 954 1835 unitionem
978 1800 1139 1844 dispensa-

248 1843 358 1879 tivam
375 1869 383 1878 .
420 1845 684 1893 Deusaamque
709 1858 777 1884 erat
793 1844 841 1884 'in
864 1858 964 1886 carue
1001 1846 1135 1895 propter

254 1904 335 1929 nos.
980 1920 983 1923 -

447 2094 550 2173 ,CA
562 2100 712 2174 βυτ
746 2102 957 2152 ccxix.
993 2103 1135 2165 ..308

250 2217 455 2307 Epistola>
488 2209 768 2306 Imperatoris
805 2237 1043 2305 Theodosii
1079 2240 1137 2289 ad

494 2305 643 2376 'supra
678 2305 864 2378 scripta.
1119 2353 1123 2356 ,

132 2492 138 2499 ,
190 2501 193 2505 ‚
245 2417 491 2518 imperatores
532 2446 699 2516 Caefitres
731 2484 745 2509 ‚
805 2446 1032 2515 Theodosius
1078 2453 1138 2497 <9³

316 2516 593 2569 Wlemim'anus-
613 2554 627 2579 ,
662 2517 826 2567 Vitflores
852 2553 867 2579 ‚
898 2517 1139 2588 Triumpha-

315 2603 410 2636 tores
436 2624 450 2649 ‚
495 2590 682 2637 Adaximi
707 2625 721 2650 ‚
764 2594 937 2658 semper'
965 2589 1103 2638 colendi
1122 2628 1150 2652 ,-

315 2654 477 2725 Augusti
501 2694 518 2720 ,
549 2663 635 2706 'Deo
670 2656 910 2726 Amiciſsimo
943 2664 1002 2707 <9⁴
1037 2664 1137 2709 Bea-

303 2726 461 2865 Jssimo
496 2725 649 2775 Archi·-
662 2727 845 2798 Epssopo
870 2735 1012 2784 Joanni
1026 2770 1040 2794 ,
1076 2737 1137 2779 Φ

335 2796 454 2847 αηὲἶιε
488 2802 520 2846 S
506 2795 635 2864 ynodo
666 2834 682 2859 ‚
732 2817 812 2871 quae
846 2819 931 2848 cum
977 2822 1015 2850 eo
1050 2821 1134 2851 con-

314 2884 447 2918 vemt.

319 2989 590 3027 Erturbationem
609 2991 646 3027 dc
666 2992 846 3030 tumultum
870 3018 884 3037 ,
906 2996 964 3041 qui
984 2993 1133 3041 contigit

347 3042 382 3076 in
403 3041 544 3077 OrIente
565 3054 580 3084 ‚¹
603 3041 752 3078 nostrum
772 3047 933 3092 cognovit
955 3046 1131 3091 Imperium

242 3092 264 3128 ὲ
285 3090 538 3136 Religiofiffimo
557 3090 654 3127 Patre
677 3093 791 3130 nostro
812 3096 846 3130 ἀ
867 3095 1032 3141 Episcopo
1056 3097 1132 3130 Pro·

244 3142 317 3179 elo.
347 3142 392 3176 Et
409 3143 486 3186 quia
507 3142 735 3178 universorum
757 3146 878 3188 quietis
900 3147 936 3182 δι
961 3150 1047 3191 pacis
1059 3158 1133 3191 pro·

243 3193 426 3228 videntium
440 3192 598 3238 'gerimus
619 3216 632 3234 ,
657 3193 802 3229 maxime
824 3195 933 3232 autem
959 3207 1018 3241 pro
1045 3199 1131 3231 resta

245 3241 333 3284 fide,
360 3253 432 3286 quae
451 3253 513 3280 nos
536 3242 750 3288 nostrumque
765 3243 910 3282 custodit
934 3246 1128 3291 Imperium,

245 3302 301 3338 per
322 3291 409 3328 hanc
431 3292 614 3337 Epistolam
641 3292 821 3338 scripsimus
845 3296 953 3331 vestrae
974 3297 1130 3332 sanctita-

243 3342 295 3386 ti,
319 3352 356 3381 ut
380 3342 631 3389 patrocinemini
652 3345 723 3390 paci
743 3368 756 3386 ‚
780 3345 817 3381 ἀ
836 3347 959 3383 nullius
979 3358 1038 3383 eos
1059 3358 1131 3383 mo·

1924 182 2020 228 379

1203 247 1308 281 menti
1327 244 1513 289 deputetis,
1538 247 1593 291 qui
1613 254 1728 284 eontra
1752 251 1889 287 salutem
1913 255 2079 298 propriam

1204 298 1321 332 volunt
1355 297 1566 342 Religionem
1603 298 1839 336 saluberrimam
1878 302 2060 347 perturbare
2075 328 2083 336 .

1202 346 1264 382 Illa
1276 348 1320 381 est
1333 349 1422 381 enim
1436 347 1549 383 nostrae
1561 346 1755 383 Divinitatis
1768 353 1909 387 intentio
1922 377 1935 393 ‚
1956 364 1991 388 ut
2004 364 2083 389 cum

1201 400 1434 442 quieteomnes
1446 397 1599 433 homines
1622 398 1761 442 degant.
1787 399 1948 444 Praecipue
1970 414 2083 439 amem

1204 448 1316 482 sanstae
1331 445 1479 483 Eccle'fiae
1490 449 1578 488 Dei,
1603 460 1658 492 per
1671 459 1750 493 quas
1772 449 1805 482 ἀ
1820 461 1878 486 nos
1902 451 2083 492 salvamur,

1201 498 1393 534 &nostrum
1415 498 1528 532 erescit
1551 499 1747 542 Imperium.
1773 499 1850 533 Hac
1875 500 1983 546 itaque
2002 513 2083 536 voce

1203 548 1304 591 quieti
1329 548 1473 583 Ecclefiae
1491 547 1676 592 providete.
1704 549 1779 583 Nos
1795 548 1884 584 enim
1905 551 2029 594 aliquid
2042 551 2085 586 de

1206 596 1297 632 vobis
1308 599 1421 633 utilius
1430 599 1572 643 exspecta
1578 601 1691 641 musii·
1703 599 1795 634 Deus
1805 611 1863 636 vos
1873 600 1988 635 multis
1997 607 2086 635 annis

1202 650 1370 684 conservet
1381 672 1393 689 ,
1420 649 1696 685 Venerandissimi
1716 648 1844 686 Patres.

1201 760 1245 802 A
1280 774 1405 807 cruce
1453 755 1585 824 usque
1632 756 1689 807 ad
1706 747 1826 807 ¹Deus
1847 790 1861 818 ‚
1903 762 2087 809 Irenaeus

1269 843 1359 876 non
1395 827 1528 878 habet
1548 864 1561 876 .

1400 1058 1659 1109 CAPUT
1696 1064 1884 1110 ccxx.
1943 1080 2087 1123 -309

1200 1200 1480 1251 Translatum
1530 1217 1583 1249 ex
1629 1197 1800 1249 Codice
1836 1199 2091 1250 Monasterii

1272 1270 1582 1320 Acoemetenfis
1618 1307 1630 1319 .
1669 1270 1862 1337 Epistola
1895 1306 1907 1330 ,
1946 1275 2090 1337 inquit,

1272 1343 1495 1390 Trastoria
1513 1378 1526 1402 ,
1563 1341 1650 1391 five
1664 1342 1916 1401 Generalis,
1948 1340 1974 1390 ὲ
2000 1339 2090 1391 san-

1267 1412 1448 1462 &iffimo
1483 1416 1526 1462 &
1554 1411 1757 1463 universo
1781 1412 2025 1462 Concilio.

1202 1552 1346 1600 Sanc‘i‘a
1382 1559 1441 1600 <9⁴
1459 1551 1686 1620 um'verfitlis
1709 1552 1877 1611 synodus
1897 1587 1910 1612 ‚
1951 1570 2030 1618 quae
2053 1556 2092 1599 in

1271 1622 1419 1692 Ephssfi
1427 1642 1650 1692 congregata
1664 1624 1718 1671 est
1732 1643 1782 1671 ex
1801 1628 1954 1670 Decreta
1990 1619 2093 1688 Piis:

1261 1694 1446 1759 fimorum
1469 1699 1712 1762 Principum,
1739 1697 1925 1758 unicuique
1944 1691 2091 1759 fimfiae

1271 1769 1304 1811 S
1289 1763 1418 1829 ynodo
1430 1801 1444 1825 ‚
1481 1776 1559 1831 ‹1151ae
1566 1763 1810 1832 persingulas
1825 1763 1974 1812 Mundi
1993 1781 2091 1831 par-

1271 1834 1407 1900 tesest,
1443 1839 1480 1882 in
1495 1838 1655 1884 Domiiw
1678 1833 1851 1900 Jhlutem
1864 1868 1877 1881 .

1307 1993 1393 2030 obis
1414 1994 1594 2030 secundum
1615 1994 1825 2040 piasflitteras
1836 1993 2045 2038 congregatis
2055 1992 2092 2026 in

1334 2044 1470 2088 Ephesia
1492 2045 1626 2079 civitate
1639 2068 1649 2084 ,
1674 2046 1867 2078 recesserunt
1884 2043 2037 2077 nonnulli
2050 2054 2092 2077 ex

1205 2092 1301 2127 nobis
1321 2116 1332 2133 ,
1360 2103 1499 2128 numero
1521 2091 1620 2137 paulo
1639 2094 1781 2136 amphus
1804 2104 1902 2137 quam
1934 2095 2092 2138 triginta,

1203 2142 1387 2186 Principem
1409 2141 1472 2178 l'uae
1490 2144 1654 2186 apostasiae
1674 2144 1830 2177 habentes
1860 2143 2092 2178 Antiocheno-

1202 2202 1273 2225 rum
1297 2192 1498 2235 Episcopum
1520 2192 1680 2234 Joannem
1702 2214 1709 2222 .
1750 2192 1904 2238 Quorum
1926 2193 1960 2226 δι
1985 2193 2092 2228 nomi-

1204 2251 1243 2273 na
1264 2237 1330 2273 haec
1350 2240 1440 2274 sunt.
1468 2239 1506 2274 ld
1525 2239 1590 2280 est,
1615 2239 1757 2283 Ioannes
1773 2240 1958 2275 Antiochiae
1969 2242 2086 2284 Sys-iz,

1201 2289 1367 2325 Macarius
1390 2314 1401 2331 ‚
1427 2289 1577 2334 Julianus
1598 2313 1609 2331 ,
1636 2289 1825 2324 Alexander
1847 2315 1857 2332 ,
1893 2289 2087 2336 Diogenes,

1202 2339 1383 2385 Apringius
1402 2364 1413 2381 ,
1440 2338 1558 2374 Placus
1580 2363 1591 2379 ,
1618 2340 1807 2376 Alexander
1827 2365 1838 2381 ,
1863 2339 2088 2384 Theodorus,

1201 2389 1359 2425 Heliades
1382 2414 1393 2430 ,
1419 2389 1578 2424 Meletius
1596 2414 1608 2431 ‚
1637 2390 1777 2432 Joannes
1798 2415 1810 2431 ‚
1831 2390 1951 2425 Paulus
1974 2415 1984 2432 ,
2013 2388 2090 2427 Μὶ-

1201 2439 1327 2479 thaeus‚
1352 2439 1808 2482 MarcellinumeHelladius,
1835 2440 2086 2483 Maximianus,

1201 2488 1374 2525 Helladius
1397 2515 1409 2533 ,
1435 2489 1612 2532 Dexianusv
1628 2515 1640 2531 ,
1676 2490 1855 2525 Gerontius
1879 2515 1890 2531 ,
1917 2491 2086 2531 Asterius.

1205 2539 1392 2576 Antiochus
1419 2564 1431 2582 ,
1457 2539 1650 2576 Dorotheus
1672 2565 1682 2581 ‚
1710 2540 1849 2585 ¹lacobus
1869 2565 1879 2581 ,
1919 2541 2086 2582 Zebinus,

1201 2589 1335 2632 Petrus,
1360 2590 1511 2631 Fritilas,
1538 2590 1725 2632 Himerius,
1752 2591 1997 2629 Theodoxius,
2025 2593 2087 2626 Eu·

1200 2638 1321 2675 therius
1343 2665 1355 2682 ,
1382 2639 1589 2682 Anastasius,
1614 2639 1871 2684 Tranquillinus
1890 2665 1901 2680 ‚
1928 2641 2082 2682 Basilius,

1201 2691 1374 2726 Paufianus
1397 2715 1408 2731 ,
1434 2690 1604 2725 Maximus
1626 2714 1637 2731 ,
1673 2691 1792 2725 Daniel
1824 2715 1835 2731 ‚
1872 2690 2083 2727 Eustachius.

1198 2741 1269 2790 Qii
1289 2739 1444 2775 habentes
1465 2742 1572 2775 secum
1606 2741 1763 2782 quosdam
1784 2741 1948 2786 depositos
1969 2766 1980 2782 ‚
2005 2751 2084 2776 ante

1197 2791 1311 2826 omnia
1323 2791 1456 2836 quidem
1470 2790 1663 2825 Nestorii&
1679 2790 1812 2839 Celestii
1827 2792 2002 2825 sententias
2013 2792 2083 2825 vin·

1197 2841 1343 2876 dicantes
1379 2839 1633 2875 manifestiffime
1662 2839 1873 2874 demonstrati
1907 2841 1982 2874 sunt
2002 2865 2013 2881 ,
2039 2839 2082 2875 eo

1196 2891 1286 2936 quod
1299 2890 1471 2927 nobiscum
1482 2900 1594 2926 contra
1606 2888 1797 2923 Nestorium
1808 2889 1945 2924 minime
1953 2890 2082 2935 acquie-

1197 2943 1286 2976 scant
1296 2965 1304 2974 .
1331 2942 1429 2991 Qos
1451 2942 1487 2976 δε
1500 2941 1672 2974 communi
1687 2940 1842 2975 sententia
1855 2941 1961 2974 sansta
1974 2941 2082 2983 syno-

1194 2991 1255 3027 dus
1263 2989 1453 3027 &abornni
1467 2990 1685 3032 Ecelefiastica
1704 2990 1942 3024 communione
1954 2987 2080 3024 alienos

1194 3042 1302 3078 effecit
1312 3067 1324 3084 ,
1335 3043 1383 3078 .&
1394 3042 1509 3077 cuncta·
1520 3039 1700 3081 Sacerd0tii
1715 3040 1907 3084 operatione
1918 3040 2056 3085 privavit
2066 3066 2078 3082 ‚

1195 3103 1354 3138 perquam
1368 3093 1492 3136 possent
1502 3090 1554 3125 vel
1566 3100 1686 3124 nocere
1708 3090 1758 3124 vel
1778 3089 1906 3134 juvare.

1244 3143 1333 3191 Qia
1355 3141 1432 3178 vero
1450 3141 1595 3184 oportuit
1617 3140 1652 3174 δε
1672 3150 1729 3175 eos
1750 3164 1762 3182 ,
1787 3140 1846 3184 qui
1866 3141 2040 3176 defuerunt
2060 3141 2080 3176 a

1193 3193 1353 3236 Synodo,
1378 3193 1412 3227 ἀ
1434 3190 1640 3239 perstiterunt
1664 3189 1698 3227 in
1719 3201 1917 3236 unaquaque
1944 3190 2079 3227 Provin-

1191 3244 1256 3285 cia,
1266 3256 1336 3279 non
1350 3244 1499 3288 ignorare
1509 3251 1579 3284 quae
1589 3240 1630 3275 de
1639 3240 1692 3275 his
1707 3240 1836 3277 decreta
1849 3242 1909 3275 sint
1920 3265 1931 3282 ,
1957 3251 2076 3276 notum

1193 3295 1300 3330 vessrae
1310 3294 1447 3329 facimus
1470 3290 1659 3331 Sanstitnti,
1685 3291 1762 3337 quia
1774 3290 1838 3326 sive
1849 3290 2075 3334 Metropolim·

1193 3356 1254 3387 uus
1273 3345 1348 3390 quis
1368 3340 1541 3387 cujuslibet
1563 3341 1743 3386 Regionis,
1771 3340 1942 3424 abscedens
1954 3340 1998 3424 ³5¹}
2009 3339 2075 3377 hoe

1925 3400 1965 3424 an
1999 3401 2021 3426 o
