2320 3730
378 216 479 268 276

300 294 362 332 lum
368 291 480 335 solvit.
513 289 675 326 Putarunt
686 291 776 336 quod
790 293 930 336 Joannes
941 287 1106 330 Cyrillum
1119 296 1187 320 non

297 340 488 384 simpliciter
512 351 549 375 ut
569 342 783 377 innocentem
803 338 977 374 admisisset
993 336 1034 370 ad
1054 347 1189 380 pacem,

295 391 352 427 sed
378 392 469 434 quod
489 391 592 435 ipsum
612 393 631 427 ὲ
651 390 886 436 degradatione
908 386 1069 423 solvisset.
1098 385 1187 421 Istud

299 442 460 484 Ioannes,
487 442 556 487 quo
570 443 663 477 suum
677 450 759 483 opus
772 437 903 472 molirer
922 436 1011 480 apud
1023 438 1097 471 suos
1110 435 1187 480 Epi-

297 488 436 535 scopos,
463 494 656 536 persuaserat
673 515 681 523 .
709 486 907 523 Undecima
927 487 1045 523 dicunt
1059 511 1070 527 ‚
1096 487 1186 530 quod

297 542 441 586 Joannes
452 541 634 585 cooperaris
648 538 707 573 fibi
730 538 902 582 Episcopis
924 537 1053 572 nullam
1071 537 1106 571 in
1127 536 1187 574 ista

296 589 377 636 pace
387 593 590 627 securitatem
607 614 618 631 ,
644 589 774 623 nullum
789 587 942 622 solatium
964 587 1094 622 fecerit.
1123 586 1186 622 Et-

294 643 386 678 enim
398 652 537 685 quatuor
549 641 690 685 permisit
713 638 844 673 excludi
874 637 916 672 ab
938 638 1033 672 omni
1058 638 1183 683 gratia,

287 692 414 727 ‘omnes'
434 691 576 736 reliquos
597 690 656 723 sub
679 690 809 724 incerto
837 687 959 732 Cyrilli
975 688 1183 733 beneplacito

293 742 456 786 pendere.
484 737 695 776 Duodecim&
716 761 727 778 ,
753 738 845 783 quod
866 749 981 773 eorum
1003 738 1183 783 quosdam,

292 789 661 834 Constantinopolitani
687 789 892 824 Maximiani
915 789 1089 823 .violentia
1113 789 1183 833 eje-

291 843 362 875 ἂοε
383 864 394 881 ,
419 841 566 874 revocari
598 852 668 875 non
693 840 856 875 curaverit
877 852 884 872 :
915 839 987 875 lm&
1016 840 1182 883 permittat

290 890 391 925 etiam
404 890 487 924 alios
499 890 684 925 exturbari.
711 891 858 925 Decimo
869 890 967 925 tertio
983 915 993 931 ‚
1017 891 1107 934 quod
1121 890 1180 923 ini-

282 952 390 984 -quam
405 940 551 976 Nestorii
573 940 823 976 damnationem
843 941 1009 975 admiserit
1022 965 1029 974 .
1057 941 1101 975 Et
1113 941 1181 984 qui·

280 990 366 1027 ‘dem
378 991 436 1026 sub
451 990 636 1026 admirabili
649 991 804 1026 Clausula
816 1006 827 1026 .-
855 991 985 1034 Scripto
1004 991 1096 1026 enirn
1111 1002 1181 1034 pro-

286 1041 439 1077 §effusest
459 1043 490 1076 se
502 1041 661 1077 damnare
672 1041 865 1077 Nestorium
879 1066 891 1082 ,
915 1042 949 1076 &
963 1040 1125 1084 quidquid
1139 1039 1179 1076 ab

285 1092 386 1127 coest
411 1090 514 1137 impie
535 1092 677 1127 dictum.
699 1093 850 1136 Antiqua
862 1091 1014 1125 Ecclefiae
1023 1088 1178 1132 Discipli-

278 1146 338 1176 ‘na‘
342 1141 461 1184 habet,
489 1152 527 1177 ut
539 1140 715 1182 anathem:
729 1152 800 1175 non
814 1140 935 1174 feratur
949 1140 1009 1172 nifi
1020 1139 1056 1173 in
1070 1139 1174 1184 singu-

280 1191 367 1233 Jares
380 1216 391 1233 ‚
402 1204 440 1226 ac
450 1189 663 1226 maturimae
674 1199 854 1234 conceptos
865 1189 1057 1224 Articulos:
1077 1189 1179 1224 Nem-

277 1253 332 1286 ·pe
344 1241 431 1275 arab
441 1253 540 1276 eorum
547 1238 637 1286 sensu
651 1240 772 1285 'quisque
782 1245 895 1275 cautior
903 1241 1067 1274 reddatur.
1083 1240 1178 1275 Hinc

283 1292 449 1343 Joannem
461 1302 604 1338 arguunt
615 1317 626 1333 ‚
652 1291 743 1336 quod
756 1290 904 1330 Nestorii
919 1289 1101 1327 doctrinam
1123 1302 1178 1337 ge·

283 1342 425 1383 neratim
452 1342 799 1379 anathematizaverit.

332 1393 447 1428 Etiam
467 1404 584 1430 contra
606 1393 805 1440 Ephesinam
832 1393 1009 1438 synodum
1028 1393 1175 1438 allegant

272 1441 396 1488 plura.
426 1444 562 1487 Primo,
590 1444 681 1490 quod
693 1444 886 1489 Cyrillum‚
911 1445 968 1488 qui
991 1455 1063 1478 reus
1087 1452 1176 1484 erat,

282 1492 453 1529 admiserit
475 1495 511 1529 in
532 1495 703 1530 Praelidem
716 1520 724 1528 .
751 1495 928 1535 Secundo,
954 1494 1043 1539 quod
1058 1492 1177 1527 Nesto-

279 1545 368 1581 rium
393 1545 460 1579 fine
481 1544 598 1580 debito
621 1546 796 1587 examine,
822 1557 860 1580 ac
879 1553 954 1580 ante
975 1547 1176 1579 convocato-

281 1605 357 1632 xum
380 1593 622 1638 Episcoporum
645 1595 828 1631 adventum
841 1595 1066 1630 damnaverit.
1093 1593 1177 1627 Ter-

282 1642 360 1685 tid,
383 1644 475 1688 quod
495 1643 514 1678 a
535 1645 724 1680 Patriarcha
747 1647 874 1690 Joanne
900 1644 1115 1689 Synodalitet
1135 1653 1173 1678 ac

291 1692 379 1739 juste
399 1695 703 1738 excommunicati,
730 1697 795 1731 sese
815 1696 936 1731 mutuo
954 1694 1176 1734 absolverint,

274 1754 385 1789 atque
407 1746 451 1781 ita
475 1747 664 1781 accesserint
689 1746 730 1781 ad
743 1742 939 1782 celebranda
958 1744 1114 1781 terribilia
1125 1745 1178 1779 Sa-

271 1796 458 1829 *crosantstae
470 1795 688 1831 Eucharistiae
697 1796 860 1840 Mysteria
873 1821 881 1830 .
907 1795 1037 1844 Qarto
1049 1819 1061 1836 ‚
1087 1792 1178 1839 quod

277 1845 382 1881 etiam
395 1845 478 1880 alios
491 1845 549 1881 sibi
570 1846 680 1881 taliter
690 1846 850 1881 absolutis
871 1847 1010 1881 fecerint
1030 1855 1178 1880 commu-

275 1896 391 1931 micare
401 1907 478 1931 cum
495 1896 672 1935 manifesto
680 1896 863 1932 animarum
876 1896 1040 1942 peniculo.
1069 1895 1177 1943 Qin-

280 1945 318 1982 to
331 1971 343 1987 ,
371 1947 462 1991 quod
473 1947 581 1981 cunffi
596 1948 661 1981 sint
674 1947 842 1982 evidenter
854 1947 933 1991 lapsi
946 1948 980 1981 in
994 1945 1177 1981 Antioche·

282 2005 370 2029 num
383 1996 592 2035 Ca-nonem',‘
612 1997 667 2039 qui
681 1995 865 2032 istiusmodi
889 1998 1116 2033 Attentatores
1128 1996 1178 2030 fir·

273 2044 412 2081 ⁴matin
438 2044 639 2088 irreparabili
661 2046 878 2080 damnatione
899 2069 906 2076 .
934 2045 1061 2084 Sexto',
1085 2044 1175 2087 quod

273 2094 466 2139 ⁴<Imperator
478 2118 489 2135 ,
518 2094 633 2131 datum
644 2094 687 2129 ab
709 2094 774 2128 illis
794 2094 835 2128 de
847 2092 1003 2127 Nestorio
1015 2093 1174 2136 judicium

272 2144 543 2180 -circumduxerit
569 2170 582 2187 ‚
605 2145 641 2179 δι
661 2143 784 2186 jusserit
817 2144 860 2178 de
881 2154 971 2179 novo
997 2143 1117 2178 resumi
1138 2143 1180 2177 ab

279 2194 452 2238 utriusque
474 2193 766 2236 partisEpiscopis
780 2218 788 2226 .
817 2191 1003 2235 Septimo,
1017 2193 1108 2234 qnod
1131 2192 1180 2226 illi

278 2246 407 2280 sacram
433 2243 611 2287 Juffionem
649 2241 855 2285 spreverint,
872 2241 917 2275 ·&
940 2242 1184 2275 contumaciter

275 2293 455 2330 moluerint
476 2292 647 2328 obedire'.>
663 2290 793 2326 octav&
811 2314 822 2331 ,
850 2290 941 2334 quod
964 2290 1182 2335 promissioni-

282 2345 346 2381 bus
359 2358 381 2385 ,x
395 2344 497 2379 minis
508 2357 531 2386 ,’
545 2342 717 2379 fraudibus
739 2360 750 2385 ·,
780 2341 917 2385 aliisque
927 2369 930 2373 Α
941 2341 1039 2376 malis
1051 2340 1183 2380 ¹artibus

282 2395 469 2433 studuerint
488 2394 573 2430 alios
585 2393 767 2438 Episcopos
781 2391 1045 2430 circumscribere
1058 2390 1101 2427 ad
1113 2391 1181 2425 sub-

271 2445 495 2482 ·scr'ibendum
517 2445 585 2490 jam
600 2443 828 2494 circumdustae
851 2443 886 2478 in
898 2442 1092 2478 Nestorium
1105 2443 1182 2476 Sen-

280 2497 414 2533 rtentiae.
442 2496 553 2531 Nono
567 2521 579 2538 ,
605 2496 695 2540 quod
722 2494 861 2539 Joannis
885 2491 1095 2528 Antiocheni
1115 2493 1181 2536 Sy-

283 2547 397 2583 modus
408 2546 485 2582 illos
495 2547 682 2592 frequenter
691 2545 858 2590 rogaverit
877 2544 1054 2578 convenire
1076 2543 1180 2586 Syno-

282 2597 405 2640 daliter
427 2597 468 2631 ad
482 2595 700 2632 >discutienda
712 2594 833 2637 Cyrilli
851 2594 994 2637 capitula
1010 2617 1021 2633 ,
1046 2592 1181 2637 &quod

276 2647 338 2683 :ini
351 2650 474 2691 semper
486 2642 903 2681 fuerinteontumaciffime
911 2644 1060 2688 refragati
1074 2667 1082 2675 .
1114 2643 1181 2677 De-

286 2696 399 2737 cimo,
426 2696 517 2741 quod
528 2695 581 2730 his
592 2706 660 2730 non
671 2693 822 2730 contenti
832 2716 842 2733 ‚
865 2694 999 2737 insuper
1011 2692 1182 2728 Universis
1202 2720 1205 2723 ,

278 2746 524 2792 praeceperint,
538 2754 586 2781 >ut
604 2750 676 2780 ¹non
699 2744 908 2780 solummodo
931 2742 1182 2778 anathematiza-

274 2795 520 2833 -reneNestorii
530 2794 688 2842 dogmata
705 2820 716 2836 ‚
743 2807 780 2830 ac
791 2795 859 2839 ejus
881 2793 1091 2829 damnationi
1105 2792 1182 2827 sub-

279 2846 467 2883 scriberent
481 2871 492 2887 ,
521 2846 576 2881 sed
599 2846 733 2890 insuper
750 2855 787 2880 ut
812 2845 845 2879 id
855 2842 990 2888 abrupte
1010 2845 1152 2878 facerent
1171 2865 1182 2882 ‚

284 2899 359 2932 dine
371 2896 525 2932 examine
546 2896 592 2931 ob
603 2896 706 2932 solam
731 2896 874 2940 ipsorum
895 2894 1104 2929 victoriosam
1128 2903 1183 2927 au-

286 2947 483 2983 thoritatem
495 2972 503 2980 .
532 2945 723 2982 Undecimo
736 2971 747 2987 ‚
774 2945 865 2990 quod
888 2945 965 2979 illos
975 2944 1160 2988 Episcopos
1171 2967 1182 2984 ,

280 2999 347 3042 >qui
361 2998 521 3033 nolebant
533 2998 614 3033 coeci
627 2996 817 3042 praecipitari
830 2996 865 3030 in
882 2995 957 3030 istas
972 2995 1161 3038 iniquitates
1172 3018 1183 3034 ,

282 3050 392 3085 >etiam
405 3047 636 3093 damnaverint
646 3073 656 3089 ‚
667 3072 670 3074 -
683 3059 722 3082 ac
737 3046 809 3091 ipfis
824 3046 930 3090 ejestis
948 3043 1180 3088 superordina-

293 3099 399 3132 verint
412 3099 512 3133 alios.
541 3095 754 3133 Duodecimn
766 3122 778 3139 ,
803 3095 973 3141 quodista
994 3106 1107 3129 eorum
1121 3093 1183 3128 Po-

288 3147 409 3181 tstulata
422 3148 544 3183 fuerint
555 3147 728 3183 manifeste
741 3147 855 3191 iniqua
868 3172 876 3180 .
901 3144 996 3194 Qid
1007 3145 1098 3179 enim
1122 3145 1185 3177 ini-

286 3196 394 3239 quius
406 3221 417 3236 ,
428 3197 525 3238 quarn
536 3198 667 3233 laudare
678 3196 864 3242 blasphema
872 3195 1028 3240 Capitula
1042 3195 1096 3235 ‚&
1109 3205 1185 3228 con·

286 3246 451 3282 -demnare
460 3246 707 3283 Praedicatorem
719 3247 926 3293 Evangelicae
934 3256 972 3281 ac
981 3245 1059 3288 Apo
1067 3244 1186 3279 stolicae

295 3295 466 3332 DoCtrInae
479 3296 495 3327 ἓ
523 3296 666 3331 Decimo
679 3298 775 3331 tertio
784 3322 795 3338 ,
804 3297 893 3342 quod
906 3294 1103 3340 appellantes
1116 3306 1183 3329 uon

296 3345 474 3383 detrestent
497 3344 653 3380 damnare
674 3346 888 3388 Nestorium,
913 3345 968 3382 sed
989 3344 1078 3390 quod
1098 3344 1184 3379 istud

297 3394 401 3435 velint
408 3394 559 3441 ‚iudiciali
572 3393 694 3434 ordine.
701 3397 770 3433 fieri
777 3421 788 3441 ‚
798 3396 888 3444 juxta
896 3397 1010 3436 Sacros
1021 3395 1184 3433 Canones.

665 193 1070 254 <Vn-monum
1105 204 1358 248 Paruum
1393 199 1713 266 pr'srotia,

1307 285 1417 319 Etiam
1439 286 1530 329 plura
1549 287 1748 335 dicunt¹pro
1774 291 1930 328 Nestorio
1955 318 1963 327 .
1991 291 2138 338 prium),

1254 334 1345 380 quod
1356 347 1432 370 aute
1445 336 1679 381 Episcopatum
1701 340 1797 375 fuerit
1810 343 1963 386 probatus
1983 356 2021 379 ac
2038 355 2137 380 notus

1254 386 1340 420 circa
1350 386 1449 421 fidem
1462 410 1474 428 ,
1500 388 1621 425 vitam,
1648 388 1831 424 doctrinam
1853 393 1960 435 verbi,
1986 396 2135 430 universa

1252 436 1316 471 alia
1330 462 1338 470 .
1365 436 1541 479 Secundo,
1567 438 1768 482 quodetiam
1782 438 1958 485 Episcopus
1981 445 2134 481 nihildo-

1252 488 1379 527 cuerit,
1406 488 1464 521 nifi
1485 488 1539 522 illa
1553 513 1563 529 ,
1589 500 1661 532 quae
1692 491 1766 523 sunt
1787 489 1957 526 manifeste
1978 496 2092 530 tradita
2113 497 2131 530 ὲ

1250 535 1446 582 Prophetis,
1474 537 1688 583 Evangelistis
1700 564 1710 581 ‚
1737 549 1837 584 atque
1853 539 1879 574 A
1886 541 2033 584 postolis.
2061 545 2136 580 Ad-

1250 586 1392 633 jungunt
1405 598 1515 622 tamen
1529 603 1540 623 .·
1552 591 1711 633 ‚Quantum
1723 602 1776 624 nos
1786 589 1890 634 confi-it
1897 590 2002 634 sumus
2015 617 2022 624 .
2049 593 2135 629 Ter.

1250 637 1320 680 tid,
1347 638 1436 683 quod
1458 638 1543 673 istud
1567 640 1674 674 luceat
1684 652 1725 674 ex
1747 641 1819 685 ipsis
1832 640 2002 685 Ephelinis
2025 641 2133 678 Actis.

1250 687 1383 722 Etenim
1404 690 1600 725 damnarunt
1612 690 1802 725 Nestorium
1815 691 1861 725 ob
1871 692 2060 727 Articulum
2070 705 2135 729 ma-

1249 738 1362 772 nifeste
1374 739 1609 775 catholicum:
1637 740 1746 781 Christi
1759 744 1880 774 Domini
1899 745 1989 784 Pnffio
2010 755 2068 777 non
2080 747 2134 777 Dr-

1248 794 1412 823 vinitatem
1425 796 1529 834 attigit
1540 816 1551 832 ,
1572 791 1632 834 sed
1650 790 1747 839 solam·
1763 792 1982 826 humanitatem
1994 818 2001 825 .
2028 794 2132 841 Qar-

1246 839 1281 873 ῐὸ
1295 864 1305 879 ,
1331 840 1420 883 quod
1433 842 1548 875 eadem
1568 843 1650 875 Acta
1666 843 1854 877 Nestorium
1878 843 1962 877 falso
1982 845 2135 878 accusent

1241 889 1286 923 -de
1298 890 1385 931 hoc,
1410 901 1507 934 quem
1521 891 1647 935 necipsi
1671 892 1810 937 agrestes
1841 892 2013 928 doemones
2030 893 2137 929 effuti-

1245 950 1316 974 rent
1331 965 1342 980 ‚
1368 941 1507 976 articulo
1522 954 1529 974 :
1553 941 1694 982 'Cbrfius
1711 942 1778 984 fult
1801 942 1910 984 Christi
1929 942 2039 986 servus
2050 969 2058 976 .
2087 943 2133 977 Et

1244 989 1373 1033 quidem
1384 1002 1424 1026 eo
1439 992 1543 1026 modo
1555 1016 1565 1030 ‚
1594 1004 1661 1036 quo
1672 994 1734 1026 fuit
1746 994 1822 1027 Saul
1836 1005 1891 1027 aut
1901 994 2011 1028 David
2026 1018 2034 1026 .
2059 993 2133 1028 1m6

1243 1040 1278 1074 ὅ(
1299 1051 1366 1083 quo
1379 1042 1522 1084 infidelis
1533 1041 1650 1085 Cyrus.
1677 1042 1771 1076 Hinc
1782 1043 1912 1077 tandem
1925 1044 2131 1078 concludunt

1245 1089 1435 1125 Nestorium
1450 1091 1724 1136 esseiniquiffime
1742 1093 1936 1128 damnatum
1948 1119 1958 1134 ,
1985 1094 2050 1128 sine
2072 1094 2129 1128 cri·

1244 1140 1334 1174 mine
1359 1164 1370 1181 ,
1397 1140 1584 1174 inauditum
1604 1165 1615 1182 ‚
1643 1152 1699 1183 per
1719 1141 1955 1177 authoritatem
1967 1168 1978 1184 ,
2004 1144 2130 1179 violen-

1244 1190 1325 1225 tiam
1339 1215 1349 1231 ‚
1363 1188 1572 1233 tyrannidem
1588 1215 1595 1222 .
1623 1190 1700 1225 Ubi
1716 1201 1793 1226 nota
1808 1192 1947 1236 priorem
1956 1194 2131 1228 articulum

1243 1241 1306 1274 effe
1319 1239 1524 1285 aequivocum
1551 1252 1589 1274 ac
1602 1239 1840 1276 ambidextrum
1851 1268 1859 1276 .
1894 1242 1939 1277 Et
1951 1254 2018 1287 quo
2039 1245 2130 1278 sensu

1244 1290 1416 1326 Nestorius
1440 1290 1534 1325 illum
1547 1290 1666 1326 dixerit
1677 1316 1689 1333 ,
1714 1292 1760 1326 est
1783 1292 1915 1328 abunde
1925 1294 2106 1337 expositum
2121 1319 2130 1326 .

1245 1340 1407 1375 Posterior
1419 1340 1590 1375 Articulus
1601 1341 1646 1376 est
1671 1353 1779 1376 revera
1798 1342 2038 1378 absurdiffimus
2050 1369 2057 1376 .
2085 1344 2130 1378 Et

1237 1391 1345 1435 ipsum
1361 1391 1534 1426 Nestorius
1546 1392 1688 1426 omnino
1700 1391 1814 1426 docuit
1825 1418 1832 1426 .
1865 1393 1999 1426 Etenim
2017 1393 2133 1428 docuit

1243 1440 1408 1476 Christum
1420 1442 1609 1476 Dominum
1619 1443 1681 1476 effe
1690 1453 1757 1476 non
1768 1442 1866 1476 solius
1875 1442 1942 1478 Dei
1950 1441 2057 1478 Patris
2071 1444 2133 1478 ser-

1243 1503 1333 1532 vum,-
1345 1491 1400 1527 sed
1412 1492 1512 1527 etiam
1525 1493 1590 1527 Dei
1603 1491 1705 1526 Verbi
1718 1517 1725 1524 .
1753 1491 1883 1527 Deinde
1895 1493 2009 1528 docuit
2019 1494 2130 1528 Deum

1244 1542 1392 1577 Verbum
1427 1543 1462 1577 δε
1494 1544 1689 1585 assumptum
1732 1541 1903 1577 hominem
1922 1544 1998 1578 effe
2029 1544 2132 1579 alium

1241 1592 1275 1626 ἀ
1286 1592 1391 1627 alium
1401 1591 1524 1626 Filium
1546 1592 1580 1625 ὃς
1593 1591 1759 1626 Christum
1768 1617 1778 1632 ‚
1806 1593 1863 1636 qui
1880 1593 1947 1626 sola
1956 1594 2086 1627 affectus
2095 1595 2133 1628 dc

1243 1641 1380 1679 honoris
1400 1641 1638 1676 communione
1662 1641 1725 1676 sint
1746 1652 1848 1676 unus.
1876 1643 1970 1676 Hinc
1990 1643 2132 1677 omnino

1242 1691 1357 1729 docuit
1371 1690 1538 1729 Christum
1550 1693 1613 1725 esse
1624 1692 1750 1725 servum
1761 1689 1883 1725 Christi
1898 1716 1906 1723 .
1930 1692 1977 1726 Et
1996 1691 2131 1736 quidem

1241 1743 1282 1779 ad
1308 1742 1406 1778 istum
1430 1739 1566 1776 modum
1587 1762 1598 1781 ‚
1623 1751 1691 1786 quo
1712 1741 1843 1776 fuerunt
1866 1739 1981 1778 David,
1997 1756 2020 1784 ,z
2035 1742 2135 1784 Saul,

1241 1803 1298 1828 aut
1324 1792 1434 1837 Cyrus
1446 1818 1454 1826 .

1291 1843 1496 1879 Hosomnes
1505 1843 1658 1880 articulos
1684 1844 1860 1879 Helladius
1878 1856 1916 1879 ac
1933 1842 2130 1887 Eutherius,

1240 1893 1276 1928 δε
1288 1894 1399 1929 cuncti
1411 1893 1478 1929 illis
1494 1893 1693 1930 adherentes
1711 1895 1867 1940 Episcopi
1878 1905 1932 1939 per
1942 1895 2135 1939 appellatio-

1241 1955 1317 1980 nem
1327 1944 1516 1980 detuierunt
1530 1943 1571 1979 ad
1585 1945 1812 1989 Apostolicam
1825 1945 1942 1981 Sedem
1953 1969 1964 1986 ,
1991 1945 2030 1979 ad
2044 1944 2130 1988 Judi-

1240 1995 1329 2029 cium
1355 1995 1456 2030 solius
1477 1995 1563 2029 xisti
1587 1995 1760 2031 Pontificis
1784 2022 1791 2029 .
1826 1995 1994 2031 Videlicet
2016 1995 2130 2030 omnia

1243 2044 1324 2077 Λᾶι
1337 2043 1489 2086 Ephesini
1518 2045 1666 2079 Concilii
1681 2070 1692 2086 ‚
1720 2046 1890 2087 Personae,
1915 2057 1952 2080 ac
1973 2045 2130 2080 dostrinae

1241 2091 1445 2128 Nestorianae
1458 2094 1704 2127 damnationem
1717 2118 1726 2133 ‚
1753 2094 2132 2137 quaruorMetropolita-

1242 2152 1317 2177 rum
1328 2141 1548 2177 exclusionem
1559 2141 1576 2175 ὲ
1591 2153 1668 2186 pace
1679 2168 1688 2183 ‚
1716 2145 1814 2189 ipsam
1828 2154 1938 2187 pacem
1951 2168 1961 2184 ,
1986 2144 2067 2190 Asta
2079 2143 2127 2177 sni

1244 2190 1437 2226 Patriarchae
1453 2191 1587 2235 Joannis
1596 2216 1608 2232 ‚
1634 2193 1790 2235 'Capitula
1802 2193 1837 2226 &
1849 2193 1931 2226 Asta
1944 2194 1973 2227 S.
1987 2192 2106 2235 Cyrilli
2117 2215 2128 2231 ,

1243 2242 1323 2275 item
1346 2241 1430 2274 Asta
1444 2241 1637 2274 Memnonis
1649 2264 1658 2272 .
1684 2242 1814 2278 Omnes
1836 2251 1929 2275 erant
1940 2242 2129 2287 graviffimae

1235 2290 1361 2324 causae:
1391 2290 1435 2324 Et
1458 2300 1588 2335 propter
1609 2291 1692 2334 ipsas
1712 2303 1780 2327 non
1805 2291 2008 2335 postularunt
2028 2291 2127 2326 aliam

1242 2339 1415 2385 Synodum
1441 2364 1452 2381 ‚
1489 2340 1543 2375 sed
1567 2341 1731 2384 Iudicium
1756 2342 1857 2376 solius
1881 2341 1968 2376 Xisti
1990 2367 1997 2374 .
2032 2342 2127 2391 Qa

1235 2401 1358 2434 nempe
1379 2391 1490 2425 omnis
1503 2391 1653 2426 tunc-sub
1665 2393 1751 2427 coelo
1766 2391 1906 2426 Ecclesia
1917 2391 2069 2426 credebat
2087 2403 2127 2426 ac

1242 2439 1452 2484 profitebatur
1465 2440 1550 2474 istud
1562 2440 1728 2484 Iudicium
1739 2442 1802 2475 effe
1814 2441 1956 2485 superius
1966 2441 2060 2475 omni
2071 2441 2129 2484 Sy·

1243 2491 1349 2526 nodo.
1378 2490 1571 2534 Appellatio
1582 2492 1645 2525 fuit
1655 2492 1799 2526 omnino
1810 2491 1973 2535 interjesta
1986 2501 2064 2526 ante
2075 2492 2130 2526 da-

1241 2550 1308 2577 tam
1321 2542 1391 2585 paci
1405 2541 1423 2574 ὲ
1436 2541 1534 2575 Xisto
1548 2542 1833 2575 confirmationem
1845 2566 1853 2573 .
1883 2539 1956 2574 lmo
1975 2551 2052 2576 ante
2072 2548 2128 2584 pa·

1240 2592 1288 2626 cis
1297 2602 1457 2626 examen.
1483 2591 1588 2624 Lucet
1598 2601 1639 2624 ex
1663 2589 1717 2624 his
1734 2591 1886 2634 Epistolae
1910 2590 2032 2624 verbis:
2059 2594 2126 2623 No·

1236 2642 1331 2682 strum
1354 2640 1392 2680 est
1402 2640 1448 2672 ad
1465 2648 1495 2672 te
1506 2641 1635 2673 clamare
1644 2664 1654 2679 ,
1681 2642 1715 2673 6*
1725 2643 1766 2673 Te
1775 2641 1890 2672 edocere
1903 2664 1913 2680 ,
1939 2642 2013 2673 Tuae
2021 2648 2124 2674 autem

1240 2694 1359 2725 Graenae
1375 2697 1411 2722 ac
1420 2690 1582 2731 Sapientiae
1602 2688 1639 2729 ef}
1651 2700 1708 2722 non
1729 2688 1876 2732 despicere
1887 2713 1899 2730 ,
1924 2700 2016 2732 neque
2035 2692 2125 2724 orsos&

1242 2738 1442 2784 transcurrere
1453 2747 1572 2773 tantam
1592 2737 1729 2781 causam.
1757 2738 1802 2772 Et
1825 2750 1867 2772 ex
1889 2738 1991 2773 verbis
2012 2750 2127 2783 pratee-

1243 2789 1503 2834 dentisepistolae
1515 2801 1522 2821 :
1550 2792 1703 2833 Dirlgatlr
1715 2790 1831 2831 aliquos
1841 2799 1905 2822 cum
1916 2795 2060 2822 commune
2068 2789 2126 2824 hue

1236 2841 1373 2884 fornmla
1385 2861 1396 2880 ,
1421 2840 1455 2873 <5
1467 2841 1578 2872 litteris
1598 2840 1788 2872 accommodis
1806 2840 1853 2872 ad
1871 2841 2037 2873 occidentis
2050 2842 2126 2873 Par-

1239 2886 1311 2927 tes.>
1334 2895 1433 2926 Timor
1444 2894 1521 2923 em'm
1533 2888 1570 2930 est
1580 2914 1590 2930 ‚
1618 2901 1655 2922 ne
1662 2889 1922 2932 praevenientibus
1934 2890 2043 2923 litteris
2055 2889 2126 2922 alio-

1238 2952 1310 2986 rum
1321 2964 1333 2981 ‚
1357 2938 1635 2983 quafiunltiofabla
1643 2938 1681 2982 fit
1691 2965 1702 2981 ,
1730 2942 1764 2975 (5
1778 2939 1862 2972 rebus
1874 2943 2041 2983 meon-gruis
2061 2950 2128 2973 corr-

1241 2989 1434 3036 semsenribus
1458 2989 1605 3032 Univerfis
1618 3014 1629 3031 ‚
1651 2988 1798 3034 segniores
1817 2997 1988 3031 appareant
2006 2990 2051 3022 ad
2069 3000 2127 3031 ea,

1238 3053 1314 3085 >qua
1324 3041 1401 3075 male*
1411 3040 1478 3073 ac‘la
1485 3039 1510 3083 s
1505 3050 1560 3078 unt
1573 3064 1584 3081 ‚
1594 3042 1794 3084 corrigendum
1805 3065 1812 3072 .
1839 3039 1933 3086 Qid
1946 3051 2030 3084 opus
2040 3051 2123 3074 con-

1244 3091 1366 3136 jecturis
1377 3092 1390 3125 2
1401 3091 1533 3125 Sanstus
1546 3090 1691 3133 Cyrillus
1704 3092 1738 3125 in
1749 3091 1814 3124 suis
1827 3091 1867 3124 ad
1881 3089 2053 3124 Donatum
2065 3089 2130 3124 NL·

1245 3141 1471 3186 copolitanum
1491 3141 1691 3185 Episcopum
1704 3141 1820 3176 litteris
1838 3139 1954 3175 diserte
1967 3140 2077 3174 scribit
2087 3139 2134 3173 de·

1247 3193 1373 3236 Joanne
1396 3191 1636 3232 Antiocheno,
1664 3202 1703 3225 ac
1724 3191 1812 3235 ejus,
1837 3190 1993 3234 quivpacis
2013 3189 2127 3224 condi-

1248 3243 1354 3276 tiones
1368 3242 1636 3284 subscripserant,
1660 3241 1829 3285 Episcopis
1849 3253 1856 3273 :
1893 3239 2038 3283 Miserunt
2057 3249 2124 3274 eam

1248 3293 1315 3326 dem
1326 3291 1411 3326 illam
1422 3291 1586 3333 Epistolam
1597 3302 1614 3332 ,'
1633 3300 1724 3334 quam
1743 3292 1787 3324 ad
1808 3301 1854 3324 me
1859 3288 2043 3333 scripserunt
2051 3302 2074 3328 ‚¹⁴
2087 3288 2123 3321 &

1249 3343 1282 3377 in
1295 3354 1359 3386 qua
1369 3342 1567 3377 admiserunt
1579 3341 1668 3386 pacis
1677 3340 1851 3380 articulos,
1877 3338 2123 3384 adsandffmos,

1250 3392 1368 3434 xzstum
1390 3397 1512 3440 Magnae
1536 3396 1676 3439 Romaer,
1701 3393 1736 3431 (7
1757 3394 1977 3430 Maximianum
2002 3386 2123 3471 {³²²3ae

2030 3448 2076 3473 m·
