2320 3730
365 200 397 235 ’Ζ
439 201 468 230 0

288 265 325 304 hi
346 291 357 308 ,
382 198 439 312 9Ξί
466 268 668 312 susceperunt
692 268 902 315 ’AEgyptium
922 290 934 307 ‚
960 263 1045 298 nihil
1065 261 1175 296 obess'e

696 183 1037 229 -VARIORUM
1064 179 1107 223 P
1125 190 1320 222 Arnum
1356 175 1678 238 E1>1sroLAE‚

1236 259 1289 300 sed
1300 258 1489 304 deprehensi
1504 262 1650 298 nolendo
1662 265 1814 301 fortiores
1824 265 1948 311 operati
1965 258 2039 301 sunt
2050 265 2113 302 Po⁴

288 319 403 363 pietati
428 332 441 361 ·,
478 319 643 355 subsistere
669 317 903 363 Apostolicum
928 313 1050 358 dogma
1074 336 1086 353 ,
1112 311 1171 346 nisi
1233 310 1348 355 pulos,
1373 310 1570 354 persistentes
1588 311 1626 345 in
1641 312 1702 347 'sua
1717 315 1856 357 pietate,
1881 318 1938 361 qui
1952 318 2113 352 discentes

288 367 410 404 fuerint
418 367 565 415 abjurata
577 369 634 406 illa
655 369 784 405 scelesta
797 363 950 411 capitula
965 387 973 396 .

486 525 978 570 SenorroN.

357 668 478 705 Raefata
490 667 552 704 tria
563 667 604 703 ab
615 667 713 701 unius
725 665 905 703 Provincia
914 662 1053 708 Synodo
1064 672 1167 698 atten-

380 719 461 763 tari,
490 728 557 753 erat
573 715 855 763 grandisaudacia
868 741 876 748 .
903 715 996 751 Hinc
1009 713 1167 750 Maximi-

280 779 345 804 nus
354 768 571 812 Metropolita
580 765 739 804 omnibus
750 769 855 803 nervis
867 765 990 803 studuit
1006 765 1096 798 suam
1108 766 1166 810 Sy-

278 817 407 852 nodum
428 817 550 852 firmari
570 828 609 851 ac
621 816 775 856 subscribi
799 827 854 863 pet
866 817 944 851 alias
955 815 1162 852 Provincias.

276 864 424 903 Proinde
436 866 506 910 ejus
521 865 605 901 Asta
616 867 726 905 statim
751 866 926 903 transmisit
937 866 980 902 ad
994 866 1164 910 Metropo-

276 915 371 951 litam
406 916 601 955 Helladium
636 943 646 951 .
681 918 745 956 Per
780 918 942 963 insignem
981 916 1161 961 Legatum:

275 967 439 1012 Olippum
460 967 689 1014 Presbyterum
711 966 977 1017 Mopsuestienfis
995 966 1162 1005 Ecclefiae.

275 1014 380 1054 Poffit
389 1018 454 1053 esse
464 1015 555 1061 quod
570 1028 638 1053 non
649 1019 822 1055 dumtaxat
831 1019 995 1066 praesentis
1006 1017 1160 1061 Episcopi

271 1066 429 1108 Meletii,
456 1068 511 1104 sed
531 1069 632 1105 etiam
653 1069 793 1113 proximi
817 1066 1038 1107 Antecesrons
1061 1089 1073 1106 ,
1100 1067 1161 1102 sce·

274 1115 368 1152 letati
382 1116 581 1158 Theodori,
607 1119 704 1154 fuerit
727 1119 909 1164 presbyter,
938 1115 995 1154 Est
1017 1114 1160 1150 omnino

272 1166 463 1202 verifimile.
490 1168 587 1201 Hinc
607 1168 642 1204 δε
656 1167 723 1211 ipse
736 1176 793 1210 pro
805 1167 955 1202 Nestorii
975 1166 1010 1202 δε
1022 1166 1158 1209 persona

270 1216 309 1251 ὃ(
321 1216 478 1265 dogmate
501 1216 600 1252 fuerit
612 1215 838 1255 audacissimus
850 1243 862 1252 .
884 1217 1025 1255 Interim
1038 1217 1158 1252 Hella·-

271 1264 346 1300 dius
378 1266 589 1315 quantumvis
625 1267 776 1313 probaret
805 1268 1025 1303 facinorosam
1053 1268 1157 1312 Syno-

271 1313 372 1357 dum‚
402 1316 488 1352 solus
511 1314 712 1353 tamennon
735 1318 927 1363 praesumpsit
940 1317 1156 1353 subscribere.

268 1366 367 1401 Hinc
387 1367 428 1405 ad
452 1369 485 1402 se
501 1369 650 1404 evocavit
672 1368 901 1406 Alexandrum
934 1368 1158 1412 Hierapolita-

268 1425 372 1450 num:
402 1418 484 1465 Q&
503 1418 711 1461 conferrent,
735 1419 877 1458 &fimul
896 1418 1131 1457 subscriberent
1150 1443 1156 1450 .

267 1464 316 1508 Et
328 1465 407 1501 hinc
418 1468 505 1503 lucet
517 1492 528 1508 ,
555 1465 644 1512 quod
656 1468 834 1504 Helladius
849 1480 920 1509 non
941 1468 1154 1506 celebraverit

268 1513 461 1558 Synodum.
489 1517 633 1557 Videtur
658 1518 830 1554 indixiffe.

478 1734 748 1784 CAPUT
785 1736 928 1784 CXV.

994 1751 1152 1795 --203

264 1871 436 1944 {Epistola
481 1909 496 1936 ,
544 1874 692 1941 inquit
735 1909 749 1934 ,
798 1878 879 1922 Deo
928 1869 1161 1938 Amiczffi'mi

282 1974 285 1979 ›
334 1941 514 2010 Episcopi
560 1942 742 1991 Dorothei
786 1979 800 2004 ,
868 1942 1160 2011 Metropolitcmi

335 2012 491 2076 Maefiae·
511 2046 526 2071 9
560 2011 613 2059 ad
647 2011 915 2063 Antiochenam
950 2020 1160 2071 hannem,

336 2100 454 2150 quam
481 2079 639 2149 firipfit
673 2101 725 2129 ex
748 2084 905 2149 opinione
932 2079 1157 2140 advertens,

338 2150 436 2219 quod
470 2149 715 2199 Alexandria:
761 2155 854 2198 inter
888 2149 1054 2199 Paulum
1100 2154 1160 2197 Φ

370 2361 425 2398 Ui
438 2360 713 2406 naufragaverunt
735 2358 755 2394 a
776 2359 830 2404 pia
840 2358 923 2394 Fide
935 2358 1066 2399 nostra,
1092 2369 1162 2403 quae

395 2413 469 2447 unit
481 2412 615 2455 sarparis
634 2410 755 2455 proprii
769 2410 886 2444 fulcita
899 2434 912 2453 ‚
935 2410 1021 2445 inter
1039 2409 1161 2444 multas

420 2462 477 2497 hic
502 2461 678 2506 opiniones
703 2460 918 2496 disseminant
944 2485 955 2501 ,
980 2459 1127 2495 dicentes
1149 2483 1161 2500 ,

270 2513 362 2559 quod
375 2513 587 2558 Religiosiras
599 2521 679 2553 tua,
703 2511 804 2554 &qui
819 2523 896 2546 cum
910 2523 947 2546 ea
961 2511 1033 2545 sunt
1047 2534 1059 2550 ,
1084 2511 1161 2544 San-

271 2565 315 2599 sti
327 2564 482 2609 Episcopi
494 2562 717 2607 acquieverint
728 2560 770 2594 ad
784 2561 946 2604 AEgyprii
956 2562 1159 2595 communio-

269 2624 349 2650 nem
359 2638 371 2655 ,
398 2625 468 2648 non
478 2610 644 2648 damnatis
653 2609 963 2652 Conscriptionibus
983 2609 1160 2644 duodecim

271 2664 437 2707 cognitis.
463 2660 671 2704 Blaspbemia
693 2658 737 2693 εό
763 2659 898 2703 quidem
924 2670 981 2694 ora
1010 2660 1160 2703 sumpsit,

272 2711 364 2757 quod
374 2711 442 2755 ipsa
453 2710 609 2754 Capituia
631 2709 777 2753 perfeilis
788 2709 921 2752 quidem
931 2710 992 2743 sint
1013 2709 1160 2753 probabi-

271 2762 341 2803 lia,
367 2760 421 2796 his
443 2760 522 2794 vero
548 2783 560 2800 ,
587 2759 644 2803 qui
670 2770 783 2803 capere
810 2769 1009 2804 nequeunt,
1036 2760 1160 2794 aliena.

274 2811 388 2850 Unde
401 2834 414 2852 ‚
439 2809 597 2853 inquiunt
614 2833 626 2852 ,
647 2809 758 2853 rogati
779 2809 940 2853 AEgyptii
959 2810 995 2844 in
1017 2821 1161 2844 commu-

278 2862 419 2898 nionem
437 2859 587 2896 Orientis
605 2860 756 2894 Sanctam
769 2858 942 2900 Synodum
953 2869 1144 2904 receperunt
1156 2885 1164 2893 .

279 2911 350 2948 His
370 2911 416 2946 ita
439 2908 653 2945 disseminatis
673 2908 720 2950 ab⁴
736 2908 834 2953 ipsis,
859 2908 993 2944 alteram
1019 2910 1163 2945 fraudem

280 2960 464 2997 machinati
473 2960 548 2994 sunt
557 2969 672 2994 contra
686 2958 776 3002 pios.
801 2956 931 3003 Integra
942 2959 1098 3003 siquidem
1120 2961 1165 2995 ci-

282 3012 383 3047 vitate
403 3010 615 3055 simpliciores
638 3009 788 3044 volentes
811 3007 960 3052 decipere
981 3034 993 3051 ‚
1020 3009 1165 3054 proprios

283 3062 392 3096 servos
416 3071 516 3105 atque
525 3059 758 3101 Domesticos,
783 3059 913 3094 &alios
927 3060 1086 3102 quosdam
1100 3060 1165 3094 col-

283 3110 706 3154 Rgmoesaureauroram,
733 3109 769 3143 in
779 3110 912 3149 forum,
933 3109 1025 3153 quod
1044 3108 1165 3144 dicitur

283 3158 496 3195 Constantini
517 3184 529 3201 ,
555 3160 615 3195 sub
633 3168 789 3204 praetextu
809 3159 932 3194 litaniae
951 3183 964 3201 ,
990 3160 1164 3195 convenire

284 3209 429 3243 fecerunt
441 3233 452 3249 ,
479 3220 689 3253 praeparantes
697 3220 734 3245 ut
745 3221 832 3244 unus
842 3219 1022 3244 occurreret
1033 3208 1163 3254 Populo

286 3268 363 3294 cum
376 3258 537 3293 Crucibus
559 3258 736 3294 &Cereisz
763 3259 822 3295 Ille
833 3261 1020 3304 Deceptor,
1046 3260 1102 3304 qui
1122 3260 1162 3295 ab

285 3307 351 3344 illis
370 3306 599 3343 Desertoribus
617 3308 663 3342 est
675 3308 789 3344 illicite
800 3308 987 3346 ordinatus.

334 3358 399 3396 Sed
418 3368 489 3393 nou
508 3355 565 3392 diu
588 3357 734 3395 fraudem
745 3360 835 3395 suam
848 3370 958 3407 tegere
970 3359 1139 3398 valuerunt
1150 3386 1162 3403 ‚

269 2279 277 2285 .
292 2242 293 2245 ¹
337 2217 531 2293 Cyrillum
564 2222 771 2266 convenerit
781 2253 794 2266 .

1232 359 1321 396 hunc
1341 359 1459 395 dolum
1480 358 1893 399 declinaverunterrorem⁴
1918 368 2012 402 Dum
2034 368 2112 402 vero

1230 412 1277 446 eis
1302 422 1363 445 nec
1374 411 1433 446 ista
1443 411 1631 454 sufficiunt,
1655 413 1821 447 finxerunt
1831 414 1872 448 ab
1883 415 2112 453 Admirandis.

1229 462 1308 506 fimo
1338 461 1508 498 Aristolao
1533 462 1656 497 litteras
1681 461 1721 497 ad
1748 463 1993 500 Maximianum
2015 470 2111 509 fixisse

1229 512 1447 554 transmissas,
1474 524 1553 556 quas
1578 513 1658 547 &in
1672 512 1885 557 publicumin
1908 515 2047 552 ambone
2067 519 2112 552 le·

1227 563 1262 607 gi
1274 564 1420 598 fecerunt
1431 575 1439 596 ε
1467 562 1645 598 Narrantes
1655 564 1696 597 sic
1706 575 1819 607 pacem
1832 565 1949 599 fastam
1959 566 2051 601 fuisse
2063 568 2111 601 in-

1228 622 1275 648 ter
1285 613 1495 649 Sanstitatem
1508 614 1644 649 vestram
1668 613 1920 659 &AEgyptios,
1947 626 1983 650 ut
2004 617 2112 652 vestrae

1227 663 1355 700 calculo
1373 664 1559 699 Sanctitatis
1583 665 1617 699 ὃς
1639 663 1840 701 Maximiani
1853 666 2034 700 Ordinatio
2062 666 2114 700 fin-

1226 723 1392 754 maretur‚
1417 715 1452 750 &
1472 715 1691 750 Sanfliffimus
1716 727 1755 750 ac
1782 715 1859 749 Deo
1886 715 2113 750 Amiciffimus

1228 764 1417 808 Episcopus
1435 764 1607 801 Nestorius
1632 766 1871 800 condemnatus
1897 775 2108 809 reputaretur.

1225 815 1279 849 De
1304 813 1355 848 his
1368 813 1467 858 igitur
1486 815 1641 851 universis
1653 816 1813 850 subtiliter
1835 816 1955 851 discere
1975 816 2108 858 volens,

1224 866 1351 899 coadius
1370 865 1441 901 sum
1454 865 1768 901 Reverendiffimum
1790 865 2020 909 Presbyterum
2043 866 2110 900 Eu·

1224 914 1405 957 stochium,
1432 927 1574 960 cumque
1601 916 1672 960 ipso
1699 915 1872 951 ”rhomam
1899 915 2113 951 Monachum

1223 964 1399 1006 destinare,
1429 977 1549 1010 rogans
1569 976 1606 1002 ut
1628 978 1689 1002 nos
1710 978 1766 1011 per
1793 966 1909 1001 vestras
1930 965 2050 1002 litteras
2062 967 2112 1000 di·

1222 1016 1330 1060 gneris
1358 1015 1514 1052 instruere
1535 1016 1703 1051 veritatem
1720 1039 1729 1048 .
1758 1018 1904 1051 Omnem
1928 1041 1939 1057 ,
1965 1028 2035 1061 quae
2062 1026 2109 1050 te-

1222 1076 1297 1099 cum
1308 1066 1354 1100 est
1364 1089 1377 1105 ,
1402 1066 1651 1103 Fraternitatem
1662 1078 1728 1114 ego
1737 1092 1748 1109 ‚
1760 1067 1794 1103 <sc
1805 1067 1862 1112 qui
1876 1077 2005 1103 mecum
2021 1068 2108 1108 sunt,

1222 1115 1396 1151 salutamus
1413 1139 1420 1147 .

1414 1255 1902 1319 Scuozlon.

1223 1411 1402 1499 HAEc
1415 1413 1563 1458 Epistola
1583 1414 1683 1450 docet
1706 1415 1815 1460 plura.
1842 1413 1981 1456 Primo,
2006 1414 2112 1464 Qud
2180 1452 2183 1454 ,

1356 1462 1542 1500 Aristolaus
1566 1464 1742 1500 Tribunus
1762 1467 1879 1501 saetam
1901 1477 2013 1510 pacem
2034 1491 2045 1507 ,
2070 1477 2111 1500 ac

1221 1513 1288 1557 ejus
1301 1514 1469 1550 Articulos
1491 1514 1600 1550 statim
1621 1527 1661 1551 ex
1675 1515 1832 1561 AEgypto
1843 1541 1855 1558 ,
1880 1526 2058 1560 antequam
2077 1517 2110 1551 se

1221 1562 1311 1597 daret
1323 1563 1357 1596 in
1373 1564 1514 1606 reditum
1526 1588 1538 1604 ,
1565 1566 1796 1609 transcripserit
1808 1567 1849 1600 ad
1862 1565 2115 1601 Maximianum

1224 1613 1337 1658 Regiae
1362 1612 1517 1647 Civitatis
1548 1613 1750 1658 Episcopum
1772 1640 1779 1647 .
1807 1616 1966 1652 Secundo
1983 1640 1996 1656 ,
2020 1614 2110 1658 quod

1224 1662 1311 1698 bisce
1323 1663 1440 1698 litteris
1462 1663 1627 1707 animatus
1636 1659 2033 1699 Maximianus'studuerit
2053 1676 2112 1699 ex*-

1225 1723 1360 1759 purgare
1371 1712 1646 1757 Martianopolim
1659 1736 1671 1754 ,
1691 1715 1886 1756 Hereticum
1897 1713 2110 1750 Dorotheum

1224 1762 1415 1802 extrudere,
1439 1773 1476 1797 ac
1488 1762 1710 1799 inthronizare
1721 1765 1944 1799 consecratum
1962 1765 2043 1806 ase,
2069 1776 2110 1800 ac

1224 1812 1265 1847 ab
1275 1812 1337 1848 isto
1352 1823 1451 1856 nuper
1463 1812 1593 1856 Populo
1606 1812 1765 1857 abjectum
1777 1816 1989 1850 Saturninum
2001 1840 2008 1849 .
2024 1815 2110 1850 Ter·

1225 1862 1298 1904 tio,
1324 1861 1415 1906 quod
1435 1862 1579 1906 praefatas
1595 1863 1753 1898 Aristolai
1776 1864 1900 1900 litteras
1918 1864 2044 1899 curavit
2067 1876 2110 1899 ex

1225 1911 1383 1948 Ambone
1394 1913 1582 1949 solemniter
1603 1914 1668 1959 legi
1697 1912 1738 1949 ad
1758 1914 1849 1949 istius
1865 1914 2014 1950 Ecclesiae
2034 1914 2115 1949 Cle·

1224 1973 1296 1997 rum
1309 1974 1346 1998 ac
1360 1962 1528 2007 Populum
1540 1988 1551 2006 ,
1577 1974 1675 2007 atque
1690 1965 1737 1999 ita
1748 1965 1835 2009 ipsos
1855 1965 1984 2009 disponi
2005 1964 2046 1999 ad
2063 1976 2110 2000 re-

1224 2012 1413 2055 ceptionem
1437 2014 1622 2049 Saturnini.
1648 2015 1801 2060 Qarto,
1827 2016 1918 2060 quod
1943 2015 1985 2050 ad
2006 2015 2111 2059 ipsam

1224 2062 1618 2097 facilitandam'curaverit
1640 2064 1744 2098 indici
1757 2066 1920 2099 solemnes
1937 2065 2086 2099 Litanias
2098 2087 2110 2104 ‚

1225 2109 1422 2145 ordinandas
1439 2122 1476 2144 ac
1494 2109 1699 2146 inchoandas
1722 2112 1757 2145 in
1779 2112 1853 2146 foro
1877 2112 2108 2147 Constantini.

1226 2159 1331 2195 Porro
1340 2158 1580 2195 Pontificaliter
1600 2171 1735 2196 ornatus
1745 2162 1936 2196 Saturninus
1959 2161 2030 2196 illic
2048 2162 2109 2197 sta-

1227 2208 1284 2244 bat
1301 2220 1380 2245 cum
1403 2209 1566 2244 Crucibus
1582 2233 1594 2250 ‚
1621 2208 1733 2244 Cereis
1751 2235 1763 2251 ,
1788 2221 1977 2255 accepturus
1998 2211 2109 2256 Popuz

1229 2258 1314 2299 lum,
1341 2259 1463 2293 &cum
1477 2258 1548 2303 ipso
1566 2259 1790 2303 proceffurus.
1817 2261 2015 2306 Expleturus
2036 2262 2109 2296 offi-

1228 2309 1317 2343 cium
1332 2307 1508 2352 Episcopi,
1533 2319 1633 2353 atque
1652 2309 1698 2344 ita
1720 2308 1873 2355 deinceps
1893 2313 2109 2346 mansur-usin

1224 2358 1287 2394 isto
1299 2358 1424 2404 gradu.
1453 2358 1507 2393 Ex
1527 2370 1595 2403 quo
1610 2358 1703 2394 vider
1724 2361 1826 2396 sacras
1845 2372 1922 2396 cum
1944 2361 2108 2397 Crucibus

1225 2409 1259 2443 &
1273 2409 1382 2443 Cereis
1396 2409 1544 2444 Litanias
1555 2420 1592 2444 ac
1602 2409 1828 2445 Proceffiones
1846 2413 1909 2453 effe
1928 2413 2110 2456 antiquiffi,

1225 2470 1295 2493 mas
1319 2458 1405 2502 apud
1427 2470 1564 2497 omnem
1583 2459 1781 2496 Ecclesiam.
1808 2460 2045 2497 Verumtamen
2066 2460 2109 2496 ab

1226 2509 1391 2544 Haeretico
1412 2508 1586 2544 Dorotheo
1608 2509 1753 2544 seductus
1784 2510 1934 2555 Populus
1965 2523 2028 2546 nec
2047 2511 2108 2546 arti

1225 2559 1413 2604 acquievit,
1441 2567 1501 2594 nec
1517 2559 1651 2594 litteris.
1680 2561 1893 2600 Saturninum
1912 2560 2024 2596 denuo
2044 2560 2109 2607 eje·

1223 2621 1282 2644 err.

1275 2658 1426 2704 Epistola
1438 2657 1539 2694 etiam
1553 2657 1671 2699 docet,
1698 2659 1788 2702 quod
1811 2659 1920 2696 statim
1939 2660 1980 2697 ad
2000 2661 2105 2705 prima

1223 2709 1312 2743 initae
1337 2708 1424 2753 pacis
1449 2708 1565 2743 nuntia
1591 2709 1671 2743 varii
1704 2720 1849 2745 rumores
1880 2723 1935 2755 per
1968 2723 2105 2747 ornnem

1223 2759 1397 2796 Orientem
1417 2759 1616 2794 cucurrerint
1638 2784 1645 2791 .
1674 2758 1776 2803 Sparsi
1799 2759 1818 2793 a
1839 2761 1956 2803 variis,
1982 2762 2108 2806 praescr·

1225 2811 1287 2845 tim
1308 2808 1506 2845 Catholicis.
1540 2807 1672 2850 Primo,
1701 2809 1792 2854 quod
1819 2811 2004 2847 orientales
2026 2812 2105 2856 Epi-

1226 2860 1314 2904 scopi
1329 2871 1398 2894 non
1421 2859 1617 2894 admisissent
1640 2859 1848 2904 AEgyptios,
1872 2862 1925 2896 sed
1948 2861 1984 2896 hi
2005 2862 2101 2895 illos:

1227 2911 1269 2945 Et
1287 2908 1419 2952 quidem
1440 2909 1564 2955 rogati.
1593 2910 1697 2957 Qod
1710 2909 1867 2956 AEgyptii
1889 2912 1990 2945 essent
2002 2911 2104 2945 visio·

1226 2971 1273 2995 res
1284 2983 1292 2992 .
1317 2959 1470 2994 Secundo
1485 2985 1496 3001 ,
1520 2960 1609 3003 quod
1623 2961 1728 2995 Sanffl
1741 2960 1859 3003 Cyrilli
1870 2959 2021 3005 Capitula
2034 2972 2102 2995 non

1224 3009 1393 3044 dumtaxat
1413 3021 1482 3044 non
1504 3010 1605 3045 essent
1625 3010 1920 3051 anathematizata,
1947 3021 2003 3046 aut
2027 3022 2104 3045 ana-

1226 3059 1431 3096 thematizari
1450 3058 1573 3105 digna,
1598 3060 1654 3095 sed
1675 3059 1693 3094 ὲ
1713 3061 1879 3096 contrario
1899 3061 1991 3106 quod
2001 3062 2104 3095 essent

1227 3109 1414 3146 restiffima:
1442 3109 1486 3144 Et
1508 3122 1566 3154 pro
1583 3110 1702 3145 talibus
1728 3111 1863 3146 admissa
1876 3112 1917 3147 ab
1925 3111 2105 3146 Orientali—

1226 3161 1284 3196 bus
1308 3185 1315 3193 .
1341 3157 1445 3207 Qud
1476 3161 1552 3194 solis
1584 3160 1745 3204 imperitis
1767 3161 1952 3197 viderentur
1985 3162 2104 3203 devia;

1226 3209 1312 3255 apud
1323 3220 1437 3246 omnes
1449 3209 1524 3244 vero
1536 3212 1692 3255 perfeaos
1701 3210 1802 3247 essent
1814 3212 2010 3255 probabilia.
2024 3212 2104 3246 Hoc

1225 3260 1270 3297 est
1282 3285 1294 3302 ‚
1320 3259 1558 3305 probatissima.
1586 3262 1667 3296 Hoc
1685 3262 1775 3297 enirn
1796 3261 1887 3295 sensu
1909 3262 2102 3305 Antiquitas

1225 3312 1351 3355 accepit
1363 3321 1477 3346 vocem
1491 3336 1502 3353 ,
1530 3311 1722 3346 Probabile.
1747 3311 1982 3347 Ita&Sanstos
1991 3311 2101 3345 Patres

1227 3360 1338 3408 paffim
1358 3361 1532 3406 appellavit
1552 3360 1743 3400 Probabiles
1760 3385 1771 3397 .
1797 3361 1842 3396 Et
1862 3361 1913 3397 isti
1939 3361 2101 3440 Rurlnpres

1942 3418 1998 3443 mu
2013 3416 2054 3441 trs
