2320 3730
912 160 1399 205 EPISTOLAE.

336 345 819 396 EPISTOLA
877 351 1026 396 XXV.

342 494 514 531 Obilitatis
524 506 588 531 tuae
597 519 608 536 ,
633 495 698 531 Fili
711 494 894 532 chariffime
906 520 919 538 ,
937 495 1049 531 audita
1063 505 1122 529 nos

368 547 454 581 fama
464 546 610 591 praeclara
633 547 774 582 laetificat
788 572 799 589 ,
823 548 858 582 δε
869 546 954 582 facie
967 546 1121 592 ignotum

236 594 344 680 gaudis
366 606 429 682 εδοξε
458 596 617 642 praeconia
637 596 734 633 nobis
760 604 792 632 te
818 596 1022 634 notiffimum
1051 595 1120 630 red-

265 656 348 688 unt,
406 658 435 681 c.

255 859 802 912 .EPISTOLA
863 864 1030 910 XXVI.

338 995 367 1030 E
388 996 564 1034 dileffione
586 1008 642 1034 tua
658 1024 669 1040 ,
696 999 759 1033 Fili
778 998 962 1035 chari‘ffime
980 1022 992 1039 ,
1021 996 1122 1043 longe

362 1047 456 1081 aliter
465 1066 476 1087 ,
486 1058 585 1091 quam
597 1048 694 1082 nobis
703 1050 848 1084 evenerit
861 1073 872 1090 ,
891 1048 1098 1093 sperabamus
1110 1073 1120 1089 ,

235 1106 314 1130 cum
338 1106 428 1130 nunc
452 1097 487 1130 in
510 1107 543 1131 te
560 1097 730 1132 evidenter
750 1109 921 1142 appareat,
947 1097 1038 1145 quod
1061 1109 1120 1141 pro

235 1146 403 1180 frumento
420 1146 544 1181 oriatur
566 1146 661 1182 nobis
683 1147 844 1189 tribulus,
868 1150 971 1194 &pro
993 1148 1119 1183 hordeo

235 1196 328 1238 spina
339 1221 347 1228 .
374 1196 464 1231 Cum
485 1197 576 1231 enim
585 1197 627 1232 de
640 1199 850 1241 promotione
863 1200 971 1234 nostra
983 1224 994 1240 ,
1020 1210 1119 1243 quam

235 1245 296 1280 tibi
309 1246 520 1290 gratiffimam
531 1247 733 1291 sperabamus
744 1274 754 1290 ‚
781 1250 876 1284 certis
894 1249 1121 1285 assertionibus

236 1296 445 1338 comperisses
458 1321 469 1337 ,
494 1306 566 1332 turn
581 1309 639 1341 pro
651 1299 810 1334 affinitate
820 1299 929 1335 nostra
941 1324 952 1340 ,
978 1301 1048 1334 tum
1061 1310 1119 1343 pro

234 1346 408 1380 communi
419 1347 569 1382 Ecclefiae
581 1347 695 1383 debito
709 1359 801 1384 tuam
814 1350 912 1384 nobis
932 1349 1120 1384 festinanter

235 1394 369 1429 deberes
379 1398 581 1439 praesentiam
591 1395 766 1440 exhibere,
794 1412 864 1434 non
877 1399 986 1435 solum
997 1399 1062 1443 ipse
1079 1398 1120 1434 ad

236 1456 300 1478 nos
310 1456 380 1479 non
393 1447 531 1489 venisti,
557 1460 670 1483 verum
682 1449 781 1484 etiam
793 1449 1043 1485 dissuasionibus
1055 1449 1121 1485 tuis

237 1494 379 1530 aliorum
402 1497 505 1531 fecisti
527 1499 627 1534 corda
639 1510 772 1543 pavere.
798 1499 1020 1536 Mandatnns
1010 1510 1123 1545 traque

236 1544 420 1580 Dilectioni
442 1555 535 1589 tuae,
560 1558 598 1583 ut
620 1550 677 1593 qui
699 1559 733 1584 te
753 1549 864 1585 videre
882 1562 1056 1594 optamus,
1082 1548 1122 1585 ad

240 1604 304 1628 nos
313 1596 440 1639 quanto
449 1597 549 1632 citius
563 1599 675 1633 venire
685 1599 839 1641 ststines,
858 1601 922 1635 &c

319 1803 812 1859 EPISTOL'E,
850 1813 1043 1858 XXVII.

338 1944 502 1980 llestionis
513 1955 574 1980 tuae
584 1946 725 1989 litteras,
739 1949 851 1983 Frater
862 1950 895 1984 in
908 1947 1042 1984 Christo
1051 1947 1125 1983 cha-

360 1995 478 2030 riffime
504 2021 515 2037 ,
542 1996 641 2040 pleno
666 1997 832 2034 charitatis
856 2001 971 2035 effeelu
989 1998 1125 2043 suscepi-

236 2056 333 2086 mus,
360 2045 396 2079 in
418 2045 537 2089 quibus
558 2047 772 2083 devotionem
793 2061 805 2090 ¹,
829 2061 929 2094 quam
951 2060 1028 2093 erga
1051 2049 1124 2083 Ma-

235 2104 319 2129 trem
345 2104 434 2128 tuam
445 2095 632 2129 Romanam
646 2097 825 2131 Ecclesiam
845 2099 881 2131 δε
892 2098 1053 2132 honorem
1067 2098 1123 2129 rio-

234 2143 338 2178 strum
351 2141 505 2178 haetenus
528 2143 678 2178 habuiffe
690 2147 899 2190 cognosceris
911 2172 922 2187 ‚
949 2144 1125 2181 ferventius

235 2202 335 2236 atque
346 2192 539 2226 familiarius
549 2193 729 2228 redundare
749 2195 784 2226 in
798 2196 942 2236 praesenti
965 2195 1121 2237 conspici-

236 2253 327 2277 mus.
359 2241 433 2275 Nos
453 2240 668 2284 fiquidem·in
695 2243 834 2276 minoris
855 2243 960 2277 officii
983 2243 1122 2276 admini-

235 2291 394 2326 stratione
404 2291 496 2334 positi
511 2309 522 2331 ς
548 2290 728 2325 Personam
747 2302 837 2326 tuam
861 2292 990 2336 speciali
1003 2294 1123 2336 semper

237 2340 409 2376 affedlione
419 2340 460 2374 ab
474 2342 609 2375 ineunte
628 2350 719 2375 aetate
730 2343 907 2376 dileximus
918 2367 926 2374 .
955 2342 1058 2388 Nune
1069 2354 1122 2376 au·

234 2400 306 2426 tem
316 2391 352 2425 in
365 2390 396 2424 A
402 2390 566 2434 postolicae
575 2390 668 2426 Sedis
681 2391 839 2436 regimine
848 2418 858 2434 ,
879 2393 1005 2427 Divina
1018 2392 1122 2436 dispo-

236 2449 338 2475 nente
359 2440 556 2482 clementia,
585 2441 662 2476 licet
685 2440 814 2488 indigni
828 2467 839 2484 ,
865 2443 969 2478 totius
980 2442 1074 2476 Cleri
1089 2443 1122 2477 &

236 2490 360 2535 Populi
386 2490 532 2525 Romani
557 2501 638 2525 voto
670 2502 708 2527 ac
732 2492 892 2528 desiderio
923 2492 1122 2533 constituti,

236 2540 334 2576 tanto
354 2549 388 2575 te
410 2539 578 2576 charitatis
598 2540 740 2577 brachiis
750 2543 901 2587 cupimus
923 2543 1121 2587 amplexari,

235 2589 365 2636 quanto
379 2590 421 2625 de
442 2591 582 2626 consilio
603 2592 638 2626 &
648 2593 774 2627 auxilio
787 2603 846 2627 tuo
859 2593 1048 2628 Romanam
1060 2593 1121 2627 Ec-

233 2640 364 2677 clesiam
378 2640 559 2685 plurimum
571 2641 721 2686 indigere
730 2643 959 2689 cognoscimus
969 2668 981 2685 ,
1006 2645 1075 2679 &c.·

302 2847 804 2915 EPISTOLA
808 2799 1110 2913 ΧΧνιΠὶ]

230 2984 537 3080 OMnipotenti
549 2990 650 3031 Deo,
674 2989 708 3024 &
721 2988 890 3033 Apostolis
901 2991 991 3035 ejus,
1019 2958 1120 3026 Petro

350 3023 503 3083 &Paulo
550 3040 670 3084 gratias
688 3040 839 3084 agimus,
864 3043 943 3086 quia
967 3043 1057 3086 quod
1078 3042 1120 3076 de

232 3087 313 3120 fidei
343 3087 450 3122 vessrae
470 3089 673 3130 constantia,
702 3090 875 3126 Fratresin
892 3090 1029 3127 Christo
1042 3091 1120 3127 cha-

231 3135 366 3178 riffimi,
395 3137 620 3180 sperabamus,
633 3139 699 3184 ipsa
711 3152 848 3184 operum
861 3142 1042 3178 vestrorum
1052 3144 1119 3178 cir-

204 3237 211 3240 .
232 3197 273 3223 ca
283 3197 346 3224 nos
355 3189 511 3224 executio
521 3190 651 3234 plenius
671 3191 856 3226 manifestat
868 3216 880 3234 ,
906 3193 967 3228 dcc.

533 3291 823 3411 sare

1894 178 1992 223 403

1278 341 1745 395 EPISTOLA
1791 350 1964 395 XXIX.

1282 493 1367 529 Uod
1392 502 1455 527 tuae
1468 490 1651 527 Prudentiae
1671 491 1707 526 ἀ
1718 491 1826 527 tutelae
1847 494 2060 539 Aquileienfis

1307 542 1447 578 Ecclesia
1460 543 1629 578 commissa
1640 542 1685 576 est
1696 566 1708 582 ,
1721 554 1781 577 nos
1793 542 1933 577 multum
1944 544 2062 589 gaude-

1335 604 1406 627 mus
1417 607 1429 627 .-
1456 594 1548 628 Certi
1560 590 1826 636 siquidem2quod
1838 603 1898 627 tuo
1911 594 2015 629 studio
2025 594 2060 628 δε

1184 642 1307 683 labore,
1321 644 1425 677 necin
1440 642 1501 683 his,
1510 655 1581 687 quae
1590 643 1669 678 foris
1682 642 2001 684 sunt,detrimentum
2014 655 2065 686 pa-

1183 694 1341 727 tietur.Ea
1352 703 1482 737 propter
1495 694 1718 728 Dileffionem
1731 703 1820 728 tuam
1833 704 1888 736 per
1901 691 2066 735 praesentia

1184 743 1307 787 Scripta
1318 754 1489 778 monemus
1498 768 1509 786 ,
1530 754 1567 778 ut
1580 743 1726 778 Ecclefiae
1736 743 1875 778 libertati
1895 743 1930 776 δε
1943 742 2063 777 honori

1186 793 1426 836 prudentiffime
1445 817 1457 833 ,
1482 805 1641 838 quantum
1670 794 1703 826 in
1732 803 1765 828 te
1785 793 1829 827 est
1853 815 1864 832 ,
1898 792 2066 827 consulere

1187 854 1252 876 non
1275 842 1403 878 differas
1416 869 1423 876 .
1445 842 1598 879 Praeterea
1618 844 1658 878 ad
1673 842 1764 878 Beati
1786 842 1875 878 Petri
1900 842 2067 877 servitium

1184 892 1218 925 ὃ(
1229 892 1374 927 nostrum
1387 904 1419 928 te
1431 894 1590 937 praecipue
1612 894 1789 928 invitamus
1799 919 1806 926 .
1833 892 1922 927 Inter
1932 902 2067 935 caeteros

1184 942 1272 976 enirn
1285 941 1452 987 Principes
1464 945 1608 978 Ecclesiae
1618 943 1778 978 Romanae
1799 943 1909 978 fideles
1934 942 1968 976 &
1980 942 2068 977 filios

1183 1001 1215 1026 te
1228 990 1387 1027 honorare
1399 993 1549 1027 volumus
1572 996 1607 1029 &
1618 995 1759 1029 exaltare
1771 1020 1779 1029 .
1812 995 1939 1029 Datum
1950 992 2067 1027 Roma

1183 1041 1268 1086 apud
1287 1042 1440 1077 Sanstum
1453 1040 1588 1076 Petrum
1599 1067 1607 1076 .

1286 1255 1782 1305 EPISTOLA
1829 1257 1975 1302 XXX.

1292 1394 1414 1430 Eniens
1434 1394 1475 1430 ad
1496 1405 1558 1430 nos
1569 1393 1739 1439 Presbyter
1751 1393 1963 1429 Marcualdus
1980 1394 2022 1429 de
2034 1394 2072 1428 il-

1315 1446 1380 1481 lata
1391 1442 1448 1480 fibi
1467 1445 1502 1480 δι
1515 1444 1661 1480 Ecclesiae
1687 1444 1793 1480 vestrae
1807 1445 1923 1487 injuria
1938 1469 1949 1485 ,
1976 1444 2070 1478 vultu

1185 1495 1293 1541 magis
1311 1508 1409 1541 quam
1433 1506 1513 1530 voce
1530 1496 1696 1540 querelam
1718 1496 1894 1539 exposuit,
1920 1495 1954 1529 ἀ
1977 1503 2013 1527 ut
2041 1494 2074 1529 ei

1187 1546 1320 1580 Missam
1342 1546 1502 1581 celebrare
1524 1547 1566 1580 de
1588 1546 1695 1581 nostra
1717 1545 1919 1580 authoritate
1938 1545 2076 1585 liceret,

1188 1595 1359 1631 humiliter
1373 1597 1560 1641 deprecatus
1571 1596 1617 1631 est
1633 1621 1640 1629 .
1667 1595 1742 1631 Nos
1757 1595 1855 1641 igitur
1876 1594 1917 1628 de
1932 1594 2027 1643 illato
2039 1595 2075 1627 si-

1188 1646 1222 1680 bi
1244 1646 1421 1690 opprobrio
1442 1647 1659 1681 condolentes
1679 1671 1690 1687 ,
1715 1645 1749 1680 ἀ
1773 1645 1903 1679 Nicaeni
1927 1643 2074 1679 Concilii

1187 1696 1422 1732 authoritatem
1443 1699 1629 1741 sequentes,
1656 1697 1828 1729 Miffarum
1843 1695 1998 1728 solemnia
2023 1705 2075 1728 ce-

1188 1746 1309 1781 lebrare
1331 1772 1342 1788 ,
1374 1748 1524 1783 Fratrum
1551 1746 1736 1781 nostrorum
1765 1745 2010 1789 Episcoporum
2040 1744 2073 1778 &

1188 1797 1416 1831 Cardinalium
1440 1797 1582 1832 consilio
1603 1821 1615 1837 ,
1640 1795 1813 1830 Canonica
1851 1795 1982 1828 censura
2020 1794 2071 1827 illi

1114 1851 1120 1856 ‘
1187 1848 1406 1891 praecipimus.
1436 1847 1479 1880 Et
1493 1847 1569 1892 quia
1593 1857 1650 1890 pro
1662 1857 1702 1880 eo
1727 1846 1829 1881 vestra
1854 1846 1980 1889 rogavit
1993 1846 2069 1879 Fra-

1187 1897 1341 1940 ternitas‚
1369 1897 1463 1932 vobis
1483 1898 1627 1932 eundem
1648 1896 1918 1941 commendamus
1940 1896 1973 1928 in
2001 1895 2072 1928 Do·

1187 1948 1280 1983 mino
1292 1973 1300 1981 .
1327 1947 1453 1982 Datum
1466 1947 1583 1983 Romae
1596 1947 1682 1993 apud
1694 1948 1846 1982 sanetum
1861 1943 2013 1980 Petrum.

1270 2127 1761 2176 EPISTOLA
1810 2125 1980 2175 XXXI.

1281 2244 1457 2278 Raviffima
1480 2244 1523 2278 de
1553 2244 1659 2277 vestro
1674 2242 1838 2287 Episcopo
1861 2243 1957 2278 nobis
1973 2247 2072 2282 relata

1306 2295 1379 2327 sunt
1392 2319 1402 2334 ‚
1429 2294 1529 2338 quaesr
1543 2305 1612 2327 vera
1627 2295 1722 2333 sunt,
1750 2304 1826 2327 cum
1848 2294 1955 2329 nostra
1969 2298 2070 2332 salute

1184 2346 1288 2379 inulta
1301 2344 1466 2378 dimittere
1478 2355 1545 2378 non
1560 2344 1721 2378 valemus.
1751 2344 1881 2377 Multos
1890 2346 1979 2380 enim
1996 2347 2074 2382 Lai-

1182 2406 1240 2430 cos
1267 2391 1301 2430 &
1326 2394 1473 2428 Clericos
1498 2405 1666 2428 truncatos
1687 2418 1698 2434 ‚
1724 2393 1845 2427 multos
1867 2396 1938 2438 ejus
1960 2396 2068 2432 studio

1184 2446 1368 2480 interfectos
1387 2446 1571 2488 accepimus
1598 2469 1605 2476 .
1634 2444 1682 2477 Ea
1704 2455 1832 2487 propter
1860 2446 2065 2487 praesentibus

1183 2496 1295 2530 litteris
1319 2505 1377 2529 vos
1399 2505 1594 2534 monemus,
1620 2504 1657 2528 ut
1669 2504 1744 2527 ante
1756 2494 1886 2528 Festum
1911 2499 2064 2533 omnium

1180 2547 1372 2581 San-storum
1384 2543 1423 2577 ad
1437 2545 1578 2578 nostram
1591 2544 1787 2587 praesentiam
1800 2546 1936 2580 veniatis
1948 2572 1957 2586 ,
1983 2560 2064 2591 qua-

1180 2606 1275 2630 tenus
1292 2621 1302 2636 ,
1330 2595 1435 2629 vestro
1455 2594 1580 2629 auxilio
1601 2595 1637 2628 δε
1661 2594 1798 2628 consilio
1817 2619 1827 2634 ,
1853 2595 2063 2641 Justinopoli-

1180 2654 1263 2681 tanae
1276 2646 1422 2680 Ecclesiae
1445 2646 1479 2679 in
1503 2644 1566 2679 Boc
1588 2645 1666 2679 &in
1693 2645 1766 2679 aliis
1780 2646 1946 2687 providere
1968 2647 2060 2691 poffi-

1180 2708 1270 2739 mus,
1298 2697 1426 2731 Datum
1447 2696 1563 2733 Romae
1580 2694 1668 2739 apud
1688 2696 1842 2730 sanetum
1855 2695 2008 2732 Petrum.

1194 2900 1742 2958 ‘EPISTOLA
1789 2910 1976 2958 xxxu.

1240 3036 1439 3071 [pastoralis
1456 3034 1557 3070 officii
1578 3034 1726 3069 debitum
1748 3058 1759 3074 ,
1784 3034 1874 3079 quod
1898 3037 1973 3071 Deo
1997 3036 2060 3074 dis-

1263 3098 1406 3132 ponente
1425 3087 1621 3129 suscepimus
1643 3110 1654 3126 ,
1678 3088 1800 3119 mentis
1819 3086 1956 3122 velimus
1979 3088 2059 3123 inte·

1176 3139 1295 3183 gntae
1307 3139 1436 3182 pensare
1450 3160 1463 3177 ,
1485 3135 1639 3170 omnibus
1652 3146 1703 3179 per
1715 3135 1897 3170 universum
1911 3137 2035 3173 Orbem
2046 3163 2057 3179 ,

1177 3188 1230 3222 sed
1253 3186 1347 3232 hujus
1367 3185 1534 3230 specialius
1556 3186 1660 3219 Almae
1672 3186 1832 3220 Romanas
1843 3187 1931 3221 Urbu
1945 3188 2058 3223 Eccle-

1176 3237 1227 3272 fiis
1243 3240 1355 3272 nostrae
1372 3235 1577 3270 liberalitatis
1586 3237 1845 3271 munificentiam
1861 3237 1977 3282 largius
1991 3237 2055 3272 im-

1178 3288 1287 3332 partiri
1307 3287 1479 3326 debemus,
1506 3286 1631 3330 quanto
1653 3298 1706 3330 per
1717 3290 1873 3321 unanime
1896 3288 2054 3321 vorum&

1175 3338 1357 3374 dilectionis
1376 3346 1487 3372 eorum
1507 3336 1728 3381 integritatem
1749 3363 1760 3380 ,
1787 3337 1909 3372 Divina
1940 3347 2057 3380 coope-

1914 3395 2007 3420 rante
