2320 3730
612 217 915 268 Senotus,
961 227 1023 259 ετ
1058 207 1255 258 Nous
1290 224 1686 259 utusrRATAE.

396 374 607 426 CAPUT
642 375 939 426 chxxm.
975 384 1111 434 -271

233 515 497 585 Praeceptum
511 553 525 577 ,
560 518 679 583 inquit
690 552 704 577 ,
717 511 1020 567 Gloriofiffirni
1032 509 1120 559 loci

302 588 539 637 Servatoris
557 587 654 635 Titi
678 585 735 635 ad
756 584 1048 636 Clarissimum

398 655 646 725 Lybianum
670 654 959 723 Euphratesiae

564 725 753 793 judicem
766 761 780 776 .

234 843 407 893 Flavius
419 848 537 893 Titus
549 881 562 906 ‚
599 843 892 912 Gloriostffimus
903 849 1032 892 Comes
1043 847 1122 889 De-

303 912 583 980 votffmorum
607 917 902 980 Domesticorum&
920 950 935 975 ,
969 909 1123 982 implens

301 984 424 1034 locum
465 985 662 1050 Adagiflri
708 984 853 1031 militie
897 981 1096 1047 Potestatis
1110 1018 1123 1042 ,

301 1054 452 1100 Flavio
476 1055 652 1117 Lybiano
676 1088 690 1113 ,
725 1049 947 1120 Clarffmo
971 1052 1125 1118 Praefidi

300 1119 558 1191 Euphratefiae
592 1127 828 1171 Provinciae.

332 1247 505 1284 lviniffimi
522 1246 693 1292 Principes
714 1247 817 1282 nostri
837 1273 850 1291 ,
875 1256 913 1282 ut
937 1247 974 1283 hi
986 1248 1124 1293 quinon

355 1299 530 1335 assentiunt
540 1299 619 1333 Deo
638 1298 834 1334 amiciffimo
854 1298 1021 1344 Episcopo
1033 1299 1126 1342 Joan·

231 1351 272 1386 ni
292 1374 304 1392 ,
331 1349 522 1394 perturbant
540 1358 651 1384 autern
674 1350 798 1385 sanctas
819 1347 982 1384 Ecclefias
1007 1374 1019 1391 ,
1044 1349 1126 1384 dum

232 1410 349 1445 pacem
369 1409 512 1434 renuunt
522 1398 642 1441 Orbis,
669 1399 688 1435 ὲ
700 1400 783 1435 locis
795 1399 935 1443 propriis
956 1399 1121 1440 amoveri,

235 1449 366 1494 propria
376 1450 449 1495 lege
458 1460 674 1494 praeceperunt
685 1474 697 1491 ,
722 1449 804 1485 ficut
825 1449 861 1484 δε
873 1451 1040 1485 veneratio
1049 1449 1129 1486 ado·

234 1500 412 1541 rabulum,
438 1499 767 1545 praefulgentiumque
788 1500 972 1535 litterarum
988 1500 1127 1535 manife-

235 1549 317 1586 stitis
328 1549 482 1584 edocebit
494 1575 502 1583 .
531 1549 622 1595 Qia
634 1551 737 1594 igitur
758 1549 948 1584 Alexander
959 1550 1127 1592 Hieropo-

233 1599 358 1633 litanus
369 1599 550 1643 Episcopus
558 1600 577 1632 ὲ
588 1599 674 1632 sorte
683 1597 1039 1633 Reverendiffimorurn
1052 1598 1126 1642 Epi·

233 1649 408 1692 scoporurn
428 1648 636 1692 semetipsum
659 1648 737 1682 fecit
760 1648 906 1683 alienum
919 1673 930 1689 ,
956 1659 1016 1683 nec
1036 1648 1126 1683 enim

235 1699 359 1742 patitur
383 1699 513 1741 praefato
535 1696 821 1742 Archi-Episcopo
843 1698 878 1732 in
892 1696 1028 1734 Divinis
1038 1709 1128 1734 com-

233 1748 407 1783 municare
427 1747 599 1790 Mysteriis
621 1771 633 1789 ,
658 1758 749 1783 curet
769 1746 921 1783 Charitas
948 1757 1005 1783 tua
1027 1773 1039 1790 ,
1064 1747 1126 1784 hae

234 1797 437 1833 authoritate
459 1799 603 1842 suscepta
622 1822 633 1838 ,
657 1797 799 1833 eundem
821 1798 1075 1840 Alexandrum,
1102 1799 1126 1832 ss

206 1864 223 1879 0
233 1847 271 1883 in
281 1847 457 1892 Proposito
468 1848 538 1892 ipso
551 1848 722 1892 perstiterit
734 1873 746 1889 ‚
759 1848 836 1883 loco
850 1848 983 1892 proprio
996 1860 1127 1884 amove-

235 1909 293 1939 re,
318 1908 463 1941 eumque
475 1898 510 1932 in
522 1896 589 1942 ejus
603 1897 680 1933 loco
693 1898 872 1943 suscipere,
893 1909 992 1941 quem
1005 1901 1128 1935 sancro-

234 1959 309 1983 rum
333 1947 572 1992 Episcoporum
593 1949 747 1992 Synodus
771 1948 955 1993 probaverit
974 1949 1127 1984 ordinan-

236 1998 318 2032 dum
331 2022 338 2030 .
365 1998 399 2033 Si
415 1997 535 2033 veroid
549 2009 640 2034 tuam
654 2001 808 2034 virtutem
820 2023 833 2041 ,
861 1998 951 2044 quod
964 2012 1033 2035 non
1046 2000 1129 2035 arbi-

236 2057 384 2089 tramur,
408 2049 539 2083 excedit
563 2074 575 2090 ,
597 2049 679 2083 dum
705 2049 915 2084 Devotiffimi
943 2050 1065 2084 milites
1089 2050 1126 2082 in

235 2108 275 2132 ea
294 2098 467 2131 constituti
486 2099 550 2131 fint
561 2099 717 2137 civitate,
746 2098 845 2132 ureris
856 2109 971 2132 eorum
984 2098 1103 2133 solatio
1118 2123 1126 2131 .

235 2147 372 2182 Etenim
384 2158 455 2191 quae
463 2156 595 2191 oportet
619 2146 659 2182 ad
670 2147 754 2191 ipsos
766 2158 900 2191 quoque
923 2148 1104 2182 direximus
1115 2171 1127 2188 ,

235 2206 274 2231 ut
285 2208 363 2231 curn
385 2195 623 2231 deliberatione
649 2198 818 2230 communi
843 2197 951 2230 nostra
963 2197 1126 2239 Praecepta

236 2246 395 2281 festinetis
419 2245 554 2289 implere
572 2270 580 2276 .
608 2245 641 2278 Si
665 2244 740 2285 vero
765 2245 800 2279 δε
821 2245 938 2287 majori
966 2247 1050 2288 opris
1078 2246 1125 2279 est

236 2307 339 2332 manu
354 2321 365 2337 ‚
391 2304 446 2329 aut
462 2295 484 2328 fi
496 2294 564 2329 haec
575 2305 625 2329 res
641 2295 674 2328 δε
690 2294 832 2328 nostram
858 2295 1060 2338 praesentiam
1071 2305 1126 2337 po-

239 2346 408 2381 stulaverit
429 2369 440 2384 ,
465 2344 603 2379 sufficies
633 2344 796 2379 continuo
818 2344 963 2378 indicare
985 2369 994 2377 .
1033 2343 1126 2379 Nam

238 2396 320 2430 dum
348 2395 381 2429 id
393 2395 478 2429 clare
497 2394 680 2430 constiterit
695 2420 705 2435 ,
732 2393 867 2428 Divinis
888 2393 1126 2438 Praeceptioni-

239 2444 300 2478 bus
311 2445 533 2479 ministrantes
544 2455 621 2478 curn
637 2444 809 2478 sufficienti
820 2443 939 2477 solatio
962 2443 1126 2478 continuo

239 2495 415 2529 veniemus
424 2519 431 2526 .
458 2493 541 2542 Qo
554 2504 666 2529 autem
677 2493 738 2528 Tu
762 2504 843 2528 mox
856 2493 896 2527 ad
908 2495 1072 2536 praefatam
1085 2494 1127 2528 ci·

243 2545 383 2579 vitatem
398 2543 494 2578 vadas
507 2568 518 2584 ,
545 2545 579 2579 δε
589 2544 696 2578 nostra
709 2543 870 2587 Praecepta
895 2543 1029 2587 implere
1041 2544 1127 2578 festi-

238 2604 315 2634 neS‚
342 2594 529 2637 Hypatium
542 2594 722 2637 specialiter
733 2593 880 2637 deputari
892 2595 1101 2638 praecepimus
1112 2619 1124 2636 ,

237 2644 294 2679 cui
316 2644 350 2678 &
363 2643 522 2678 Mandata
542 2642 692 2677 dedimus
707 2667 718 2683 ‚
743 2652 780 2677 ut
800 2654 870 2676 non
883 2643 989 2678 solum
1005 2643 1061 2678 Te
1074 2656 1129 2679 co·

238 2703 296 2739 gat
318 2694 437 2728 nostris
455 2692 734 2737 praeceptionibus
755 2692 892 2727 obedire
913 2718 924 2734 ,
951 2693 1004 2728 sed
1026 2694 1059 2728 δε
1086 2695 1126 2728 de

238 2754 296 2779 tua
320 2755 380 2778 nos
401 2744 673 2786 praesumptione,
700 2744 723 2777 si
747 2743 792 2778 ita
811 2744 1009 2788 contigerit,
1034 2746 1125 2779 nosse

239 2794 339 2828 saciat
353 2818 360 2825 .
388 2793 492 2828 Ultio
503 2794 595 2827 enim
607 2793 721 2828 contra
735 2792 919 2839 neglestum
930 2804 1023 2830 tuum
1036 2805 1125 2829 com·

238 2854 352 2889 petens
366 2843 582 2890 consequetur
593 2867 601 2875 .

435 2997 928 3045 SCHOLION.

349 3138 419 3174 AEc
435 3141 570 3184 epistola
592 3141 638 3176 est
658 3144 844 3178 executoria
866 3144 1123 3181 Sacraeadversus

373 3190 602 3226 Alexandrum
624 3192 793 3235 Juffionis.
820 3195 864 3229 Et
884 3196 982 3231 docet
1009 3196 1099 3239 plura
1114 3220 1122 3227 .

238 3238 373 3279 Primo,
398 3239 485 3285 quod
507 3241 694 3276 Alexander
710 3244 807 3278 fuerit
835 3255 932 3280 tantae
952 3245 1123 3289 opinionis

238 3299 277 3324 ut
296 3288 476 3326 Provinciae
497 3291 611 3327 Praeses
623 3291 796 3336 Lybianus
809 3294 951 3331 videatur
967 3297 1072 3340 ipsum
1084 3297 1121 3330 ti-

239 3339 378 3380 muiffe,
402 3351 459 3376 aut
479 3353 555 3376 cum
570 3343 652 3387 .ipso
673 3344 876 3379 convenisse:
903 3346 997 3381 Hinc
1018 3346 1121 3380 Titus

237 3388 363 3427 Comes
380 3403 456 3428 cum
467 3390 555 3427 hisce
568 3393 680 3430 litteris
692 3394 814 3439 legavit
825 3396 1012 3442 Hypatium
1026 3420 1037 3437 ,
1063 3397 1119 3441 qui

1895 229 1988 277 343

1180 295 1369 340 Lybianum
1392 292 1434 330 ad
1443 293 1672 340 exequendum
1693 306 1824 341 cogeret
1845 324 1852 332 .
1881 299 1927 334 Et
1945 310 2063 345 graves

1179 347 1286 381 minas
1307 344 1454 381 addidit.
1481 345 1634 380 Secundo
1654 368 1665 384 ‚
1690 345 1776 389 quod
1794 347 1962 392 degradati
1986 348 2063 384 Ale·

1179 397 1296 431 xandri
1318 396 1486 431 Successor
1496 393 1645 429 debuerit
1654 405 1723 429 non
1736 405 1791 438 per
1808 398 1914 431 solum
1926 400 2064 435 Patriar·

1179 446 1276 481 cham
1294 446 1456 490 Ioannem
1477 445 1601 486 suffici,
1627 445 1680 479 sed
1703 444 1781 490 eligi
1798 455 1853 488 per
1864 456 1977 482 omnes
1986 448 2064 483 Pro·
2123 442 2125 446 ⁴

1181 496 1293 532 vinciae
1306 497 1506 541 Episcopos.
1534 495 1638 543 Qod
1651 505 1767 538 nempe
1783 496 1859 529 effer
1873 496 2066 542 Metropoli-

1180 557 1231 580 ta.
1257 545 1316 581 An
1340 546 1408 580 illic
1427 547 1526 581 etiarn
1547 545 1772 580 Provinciales
1794 545 1947 588 Episcopi
1968 548 2067 582 nona

1182 597 1251 630 solo
1270 597 1371 632 Clero
1393 607 1431 632 ac
1453 595 1607 639 Populo,
1629 595 1682 630 sed
1702 595 1964 631 etiamacunstis
1977 596 2068 631 istius

1182 645 1533 691 Provinciae-collegis
1555 645 1776 691 eligerentur,
1801 645 1849 680 est
1874 645 2071 680 alibidiscu==

1181 696 1348 732 tiendum.
1380 697 1525 737 Tertio,
1552 697 1643 740 quod
1661 696 1843 731 Provinciae
1853 695 1945 730 istius
1956 695 2072 730 Praeses

1182 745 1358 790 Hierapoli
1380 757 1449 780 non
1474 746 1640 782 relideret.
1667 746 1842 782 Refidebat
1878 746 2071 781 Samosatae.

1183 795 1263 829 Haec
1282 797 1373 830 enim
1390 796 1472 831 olim
1485 797 1588 832 fuerat
1599 796 1796 841 Metropolis
1808 822 1816 830 .
1842 795 1948 838 Porro
1959 794 2072 841 Augu-

1183 844 1228 879 sta
1250 845 1457 891 Euphratesia
1470 845 1649 882 Provincia
1660 848 1743 882 olim
1761 845 1938 881 vocabatur
1949 847 2073 881 Corna-

1183 905 1290 940 gena.
1319 896 1501 932 Postmodo
1522 896 1565 932 ab
1587 897 1732 932 alluente
1752 896 1954 933 nobiliffimo
1966 895 2074 930 flumi-

1186 956 1227 979 ne
1237 944 1322 979 dicta
1332 947 1378 980 est
1396 946 1625 990 Euphratesia.
1653 947 1758 982 Caesar
1775 947 1967 994 AugustuS,
1992 944 2073 981 dum

1186 994 1379 1032 Armeniam
1402 1007 1478 1030 cum
1501 996 1599 1040 fignis
1609 997 1726 1033 Marco
1738 997 1852 1033 Crasso
1861 997 1978 1041 ereptis
1987 1007 2074 1031 recu-

1186 1046 1308 1090 peravit
1318 1070 1330 1087 ,
1357 1046 1392 1083 &
1405 1046 1500 1082 suum
1513 1055 1640 1081 nomen
1651 1046 1777 1081 addidit
1787 1071 1800 1089 ,
1823 1047 1991 1093 appellans
2002 1047 2072 1082 Au-

1186 1096 1313 1142 gustam
1326 1120 1335 1130 .

1336 1324 1553 1375 CAPUT
1590 1327 1893 1376 CLXXXIV.
1926 1340 2073 1386 --272

1190 1466 1364 1528 Relatio,
1399 1466 1574 1535 inquit,
1610 1467 1783 1530 Lybiam'
1817 1463 2076 1535 Euphratesia

1282 1536 1431 1594 judicis
1464 1537 1517 1584 ad
1546 1534 1975 1604 Magnificentiſsimum

1432 1607 1629 1656 Vicarium
1664 1611 1806 1655 Titum
1819 1643 1831 1655 .

1262 1745 1450 1791 Raecepturn
1473 1744 1734 1793 Magnificentiae
1755 1745 1868 1781 vestrae
1882 1745 2014 1781 decimo
2038 1747 2082 1781 se·

1286 1798 1390 1842 ptimo
1414 1797 1571 1833 kalendas
1587 1796 1672 1831 Maii
1700 1808 1756 1840 per
1775 1797 1966 1839 Hypatium
1986 1821 1997 1838 ,
2022 1797 2082 1840 qui

1187 1849 1232 1881 est
1253 1859 1295 1882 ex
1307 1847 1424 1882 ordine
1446 1846 1600 1893 Magistri
1614 1846 1740 1882 militias
1752 1872 1763 1888 ,
1790 1846 1905 1881 nostrae
1917 1847 1962 1881 est
1974 1845 2082 1880 reddi-

1188 1908 1259 1932 tum
1284 1896 1466 1939 Parvitati,
1492 1898 1550 1932 cui
1575 1897 1708 1934 Divinae
1727 1896 1954 1932 &adorabiles
1967 1896 2082 1932 littera:

1189 1947 1421 1993 praefulgebant
1442 1972 1453 1988 ,
1477 1947 1592 1991 jubens
1613 1947 1933 1983 Reverendiffimum
1957 1947 2081 1981 &Deo

1189 1998 1432 2033 Amiciffimum
1462 1997 1692 2032 Alexandrum
1728 2022 1740 2038 ‚
1786 1995 2081 2038 Hierapolitanum

1190 2048 1390 2091 Episcopum
1402 2071 1413 2087 ,
1441 2056 1497 2081 aut
1512 2048 1828 2081 communicatorem
1841 2046 1962 2079 Sanstae
1975 2046 2083 2088 Syno-

1186 2095 1221 2130 di
1245 2096 1311 2131 fieri
1325 2121 1336 2137 ‚
1363 2095 1482 2141 aut‘ab
1501 2096 1701 2140 Episcopatu
1723 2096 1888 2139 quiescere
1910 2120 1917 2128 .
1946 2095 2080 2130 Infinuo

1189 2147 1290 2191 igitur
1314 2171 1326 2187 ,
1355 2146 1445 2189 quod
1467 2146 1556 2180 suam
1578 2147 1744 2188 praedirstus
1765 2171 1777 2186 ,
1803 2157 1874 2189 quae
1899 2146 1935 2179 in
1957 2148 1989 2180 se
2011 2146 2055 2180 est
2070 2171 2082 2187 ‚

1188 2207 1287 2238 opere
1309 2195 1523 2228 declaraverit
1543 2195 1750 2228 voluntatem
1772 2218 1784 2234 ‚
1813 2195 1848 2227 &
1869 2193 2081 2237 Hierapolim

1187 2243 1413 2285 dereliquerit,
1440 2242 1675 2285 Episcopatum
1699 2251 1810 2277 tenere
1835 2243 1974 2277 minime
1994 2244 2082 2279 dele·

1189 2294 1311 2333 status,
1338 2291 1481 2327 Domini
1491 2292 1825 2338 magnificentiffimi,
1851 2293 1953 2340 &per
1964 2296 2080 2332 cuneta

1190 2343 1386 2379 Sanstiffimi
1400 2366 1407 2375 .

1391 2495 1874 2544 Sen0L1oN.

1299 2641 1369 2676 AEc
1391 2641 1526 2677 Relatio
1547 2652 1610 2676 nos
1632 2642 1741 2678 lucide
1760 2643 1859 2678 docet
1872 2641 1990 2680 horum
2007 2656 2077 2681 om-

1324 2692 1418 2726 nium
1441 2702 1570 2736 tempus
1592 2717 1599 2724 .
1629 2693 1711 2727 Haec
1739 2694 1829 2728 enim
1855 2696 1968 2729 omnia
1993 2697 2076 2731 facta

1190 2744 1264 2777 sunt
1282 2742 1339 2776 sub
1352 2742 1551 2787 Episcopatu
1574 2743 1681 2778 Sancti
1693 2742 1802 2778 Procli
1815 2769 1822 2776 .
1852 2743 1899 2778 At
1910 2746 1986 2779 vero
1998 2747 2076 2780 San-

1189 2794 1257 2827 &us
1267 2791 1404 2827 Procius
1425 2793 1470 2827 est
1482 2803 1572 2827 anno
1586 2792 1678 2828 istius
1689 2794 1792 2828 saeculi
1806 2794 1971 2838 trigesimo
1981 2806 2074 2838 quar-

1189 2854 1225 2878 to
1249 2841 1439 2887 pridieldus
1459 2842 1610 2886 Apriles,
1640 2845 1742 2878 factus
1754 2844 1935 2887 Episcopus
1944 2857 1959 2886 ‚·
1986 2845 2074 2879 ideo·

1187 2905 1250 2938 que
1263 2893 1362 2928 Titus
1375 2893 1494 2927 Comes
1508 2892 1709 2927 Mandatum
1719 2917 1729 2933 ,
1755 2903 1822 2936 quo
1842 2893 2071 2930 Alexandrum

1188 2944 1436 2987 Metropolitam
1462 2943 1548 2987 juffit
1561 2943 1709 2983 extrudi,
1735 2942 1828 2977 dedit
1839 2955 1929 2978 anno
1940 2945 2073 2989 sequen·

1186 2994 1213 3028 ti
1225 2994 1284 3029 sub
1294 2993 1464 3028 exordium
1477 2992 1612 3035 Aprilis,
1625 2993 1659 3027 ὅ(
1677 2993 1843 3036 Hypatius
1854 2994 1937 3028 illud
1948 2993 2071 3038 Lybia-

1187 3055 1233 3079 no
1254 3043 1383 3078 Praefidi
1396 3044 1430 3078 in
1447 3052 1562 3077 manus
1582 3042 1715 3078 tradidit
1736 3043 1790 3077 die
1815 3043 1943 3078 decima
1954 3045 2070 3088 quinta

1184 3093 1327 3137 ejusdem
1340 3094 1453 3130 mensis
1468 3117 1475 3124 .
1503 3092 1546 3127 Et
1571 3092 1679 3128 statim
1692 3093 1761 3136 post
1782 3093 1864 3128 fasta
1886 3093 1932 3129 est
1953 3106 2070 3131 execu-

1184 3146 1232 3180 tio
1249 3171 1257 3178 .
1284 3146 1328 3179 Et
1349 3144 1508 3189 quoniam
1534 3142 1722 3178 Alexander
1742 3143 1805 3179 fuit
1828 3144 1962 3179 ultimus
1983 3146 2069 3180 inter

1184 3206 1300 3230 omnes
1320 3194 1471 3239 expulsus
1485 3218 1497 3234 ,
1522 3192 1662 3227 aliorum
1679 3194 1822 3237 expulsio
1834 3205 1903 3230 non
1923 3195 1969 3230 est
1980 3196 2069 3240 peni-

1184 3256 1235 3281 tus
1244 3245 1352 3291 ignoti
1364 3243 1535 3288 temporis·
1560 3243 1689 3278 Eodem
1699 3254 1810 3285 anno,
1829 3245 1884 3280 die
1896 3246 1989 3280 tertia
2000 3245 2066 3280 Au-

1184 3296 1269 3342 gusti
1289 3320 1300 3337 ,
1326 3293 1536 3330 Theodosius
1560 3293 1740 3338 Imperator
1764 3297 1898 3330 cunstos
1920 3294 2065 3331 Nestorii

1186 3345 1285 3381 libros
1304 3345 1472 3381 damnavit
1496 3343 1538 3378 ad
1563 3345 1695 3390 ignem,
1720 3345 1755 3381 &
1768 3345 1870 3389 ipsum
1881 3345 2065 3389 deportavit

1186 3397 1306 3433 Oafin.
1334 3394 1462 3431 Exinde
1479 3393 1612 3439 quidam
1633 3394 1807 3432 Theodori
1828 3393 2064 3440 Mopsuestien·

1974 3443 2014 3481 fis
