2320 3730
590 175 900 231 Senoms,
941 186 1007 217 ετ
1040 167 1231 216 Norrs
1267 180 1681 215 rtrusrRATAE.

206 261 260 303 qul
279 269 329 294 eos
347 279 359 298 ,
383 257 418 291 ὀ*
437 252 582 289 σοΙΙεᾶαι
601 254 813 290 celebravimus
837 259 991 288 maximas
1013 278 1025 295 ,
1051 255 1086 289 θ

204 319 316 352 quarta
327 308 399 348 jam
421 306 538 340 vicead
554 317 601 339 eor
605 305 672 348 fect·
676 305 829 350 sermones
841 321 851 339 .·
876 305 958 340 Non
973 305 1010 339 in
1021 304 1086 338 Ec·

205 359 297 395 elesia
308 380 320 397 ,
346 355 446 390 sedin
457 355 602 399 quodam
614 356 745 392 Palatio
757 381 767 397 ,
789 356 928 392 habente
946 363 1087 400 quatuor

203 407 366 453 porticus.
395 406 445 440 Hi
464 415 604 451 quatuor
626 406 694 450 ejus
705 408 870 443 sermones
886 406 1019 440 fuerunt
1031 403 1087 440 ha-

203 455 265 492 biti
285 466 361 491 ante
380 466 532 501 quartum
543 457 741 502 Septembris
750 457 840 491 diem
853 480 865 497 ,
889 465 958 500 quo
968 455 1085 497 scripta

202 506 266 542 fuit
276 506 336 542 ista
346 508 495 551 Epistola
505 533 513 542 .
541 507 586 543 Et
597 520 666 543 non
681 509 812 543 fuerunt
823 504 980 550 postremi
995 528 1002 536 .
1031 503 1085 538 Li-

198 567 256 592 cet
270 557 361 592 enim
372 556 649 593 Chalcedonensis
670 558 850 601 Episcopus
860 553 1084 589 Orientalium

201 606 340 654 Legatis
352 607 496 643 noluerit
508 608 686 643 Ecclesiam
695 607 737 641 ad
751 605 913 641 comestas
924 604 1085 640 concede-

200 669 238 693 re
258 682 270 700 ,
297 669 358 693 nec
377 658 559 703 Imperator
581 655 790 693 Theodosius
814 657 920 701 ipsum
943 653 1084 690 voluerit

200 708 243 743 nd
255 708 352 743 istam
361 710 604 745 conceffionem
614 718 755 752 cogere,
779 706 855 741 istas
875 716 988 741 tamen
1008 716 1086 740 con-

201 759 317 793 ciones
327 758 485 804 deinceps
506 770 574 794 non
596 757 768 801 probibuit
782 783 789 790 .
819 756 992 791 Praesentis
1007 766 1086 790 con-

202 809 311 843 cionis
321 819 448 854 tempus
458 807 612 843 discimus
623 819 665 842 ex
681 807 731 843 his
741 807 809 852 ejus
822 806 926 842 verbis
939 821 950 841 .·
977 809 1085 841 Sumus

202 858 243 892 ab
262 861 415 902 Imperialae
434 863 558 893 civitate
578 858 745 901 prohibiti.
773 858 819 892 Et
829 869 872 893 ex
881 856 953 892 his:
978 861 1085 900 Imagi-

203 920 272 943 nem
284 915 365 942 vocis
372 917 518 951 putantes
531 910 584 953 effe
594 908 685 948 vestri
698 907 848 951 Pastoris,
873 909 929 943 &a
957 906 1085 941 Habita

202 958 249 993 est
272 959 342 1003 post
366 959 487 994 Sanetae
508 959 637 1003 Synodi
660 960 805 1005 Legatos
826 958 868 994 ab
889 958 1087 1002 Imperatore

201 1009 409 1043 introductos
430 1010 465 1043 in
479 1010 622 1054 Regiam
640 1009 830 1050 civitatem,
857 1008 980 1043 &ante
1001 1006 1086 1043 ordi-

202 1069 319 1093 natum
328 1059 575 1092 Maximianum
587 1082 595 1090 .
622 1057 810 1094 Orientales
820 1059 912 1093 enim
931 1057 973 1094 eo
984 1060 1087 1103 usque

200 1118 271 1141 non
283 1106 446 1142 desierunt
465 1107 659 1143 Nestorium
677 1109 839 1154 appellare
852 1108 1087 1145 Constantino-

201 1157 390 1202 politanum
402 1157 605 1203 Episcopum
615 1183 622 1190 .

254 1207 451 1243 Cassinensis
478 1209 521 1244 ad
550 1208 642 1243 hunc
662 1210 847 1245 sermonem
879 1209 996 1245 titulus
1016 1233 1028 1249 ,
1054 1210 1089 1244 ἀ

201 1257 275 1301 post
288 1258 393 1301 ipsum
405 1258 594 1293 subnotatio
603 1260 679 1292 sunt
689 1259 889 1304 singulares,
915 1269 953 1293 ac
974 1259 1088 1303 magni

201 1306 358 1351 ponderis
379 1320 387 1340 :
415 1309 460 1343 Et
484 1310 553 1353 ipsa
573 1308 746 1344 translatio
766 1309 803 1344 in
824 1307 1021 1354 quibusdam
1043 1308 1088 1343 est

201 1357 407 1394 distinctior.
435 1359 530 1393 Hinc
554 1358 689 1403 vulgata
711 1359 803 1394 volui
825 1360 960 1394 omnia.
987 1359 1089 1406 Qod

202 1404 259 1442 hic
278 1409 384 1442 sermo
407 1420 476 1442 non
488 1406 702 1444 Theodoreti
713 1419 797 1454 opus
808 1410 845 1444 sit
858 1435 869 1452 ‚
894 1408 946 1445 sed
959 1410 1091 1445 facino-

203 1458 267 1492 rosi
290 1457 402 1492 Irenaei
421 1459 618 1504 figmentum
633 1484 645 1500 ,
672 1459 846 1495 fortiffime
866 1460 1003 1496 suadent
1023 1459 1091 1495 haec

203 1506 304 1542 verba
326 1520 335 1540 ε
363 1510 560 1550 Propontidis
586 1509 687 1542 undas
712 1515 861 1554 navigare
877 1509 1092 1555 prasumitis,

203 1566 239 1591 ut
249 1556 374 1597 nostram
386 1569 486 1592 vocem
496 1560 601 1593 audire
607 1559 717 1600 posfitts
728 1583 739 1600 ,
767 1564 926 1604 imaginem
947 1565 1028 1595 vocis
1035 1569 1092 1603 pu-

202 1615 307 1642 santes
317 1607 407 1648 vestri
419 1608 551 1649 Pastoris
562 1633 570 1642 .
596 1607 810 1653 concupiscitis
829 1615 909 1644 enim
923 1610 1093 1645 deleaabile

202 1658 293 1691 melos
304 1658 409 1692 audire
418 1658 508 1700 vestri
520 1659 653 1701 Pastoris
664 1685 672 1693 .
699 1660 788 1709 Qis
799 1660 909 1695 credat
923 1658 1094 1696 Theodo-

203 1716 311 1742 retum
333 1709 434 1753 usque
456 1708 540 1744 adeo
560 1710 730 1752 delirasse,
755 1720 792 1747 ut
814 1711 931 1746 omnia
943 1711 1094 1747 Nestorii

202 1757 361 1803 dogmata
383 1759 419 1792 in
442 1759 474 1794 se
494 1761 700 1802 transferret,
729 1772 767 1796 ac
788 1763 843 1796 sua
857 1763 976 1796 faceret
996 1763 1010 1796 2
1038 1763 1095 1796 Et-

202 1808 296 1843 enim
307 1809 317 1842 i
322 1809 374 1852 pse
385 1820 501 1845 vocem
514 1836 526 1852 ,
553 1814 700 1854 Det-para
713 1835 724 1852 ,
750 1812 785 1847 δε
808 1811 1002 1854 Hypostattcae
1015 1817 1097 1846 unzo-

203 1864 280 1899 uis,
305 1859 382 1893 licet
403 1871 474 1894 non
495 1871 617 1901 voces,
642 1869 754 1895 tamen
777 1871 846 1894 rem
863 1863 986 1905 semper
998 1860 1098 1895 credi·

204 1907 255 1942 dit
275 1908 535 1943 constantissime
556 1933 568 1951 ‚
592 1921 632 1944 ac
651 1909 781 1944 docuit.
813 1910 974 1945 Defendit
995 1911 1097 1945 solam

203 1956 355 1992 Nestorii
390 1960 564 2001 personam
590 1983 601 1999 ,
627 1959 764 1994 credens
784 1959 819 1993 in
844 1958 1009 2006 ambiguis
1045 1972 1098 1994 vo-

204 2007 297 2045 cibus
333 2008 416 2041 resta
453 2009 589 2051 sapuisse
616 2034 623 2043 ,
660 2007 838 2060 Qidquid
871 2010 910 2044 sit
946 2035 958 2051 ‚

204 2058 315 2093 nensrs
350 2056 489 2092 Codicis
524 2057 733 2103 Compilator
767 2059 831 2092 fuit
866 2058 950 2093 fidus
985 2059 1099 2093 Theo-

205 2108 314 2143 doreti
341 2106 519 2153 Apologus
543 2132 551 2140 .
578 2109 667 2143 Eum
693 2108 842 2143 inscribit
862 2108 1003 2144 Beatum
1026 2134 1038 2150 ‚
1064 2110 1098 2144 ὅ(

204 2159 344 2194 affirmat
366 2156 435 2200 ejus
456 2157 639 2194 dostrinam
651 2159 686 2192 in
699 2158 767 2193 Dei
780 2158 921 2194 Ecclesia
933 2160 1097 2204 praefulge-

994 2010 1101 2044 Gaffi-

1867 185 1961 231 117

1147 251 1205 284 (π.
1224 247 1374 284 Rectius:
1402 250 1596 294 Paganorum
1617 251 1737 292 quidem
1743 257 1852 293 pueri,
1877 255 2030 296 cupidita-

1147 306 1188 333 ιιι
1201 305 1354 335 nimietate
1376 301 1572 344 languentes,
1596 301 1698 334 coelum
1721 305 2029 347 vocantrmpaffibue.

1148 351 1265 385 Sensus
1276 351 1342 385 est:
1368 350 1449 385 Non
1463 350 1524 385 soli
1537 350 1748 396 Pnganorum
1761 353 1924 395 Sapientes
1936 380 1947 396 ,
1973 354 2030 390 sed

1148 402 1182 435 &
1194 402 1283 446 pueri
1293 412 1415 437 norunt
1427 401 1572 436 coelestia
1587 413 1723 446 corpora
1734 403 1797 436 esse
1807 402 2011 447 impassibilia
2022 428 2033 444 ‚

1149 462 1183 487 at
1204 453 1282 487 vero
1305 452 1459 496 Episcopi
1479 452 1581 497 ipsam
1602 452 1737 488 Divinae
1756 451 1939 495 Maiestatis
1959 455 2033 489 sub·

1148 502 1302 538 stantiam
1324 503 1501 547 subjiciunt
1522 503 1660 546 paffioni
1681 529 1689 536 .
1718 502 1802 548 Agit
1824 503 1860 537 in
1879 503 2033 538 Sanctum

1149 552 1336 597 Cyrillum,
1361 554 1491 598 ejusque
1513 553 1691 598 CapiruIa,
1716 564 1754 587 ac
1774 553 1847 598 ipsis
1869 552 2033 589 adhaeren-

1148 609 1195 635 tes
1219 603 1399 647 Episcopos
1421 629 1428 636 .
1454 603 1552 640 Reae
1581 603 1663 638 dicit
1697 603 1870 638 avaritiam
1891 602 2034 649 Paganis

1148 652 1242 686 fuisse
1269 652 1524 697 multipficandae.
1535 653 1733 688 Divinitatis
1743 654 1910 699 originem
1928 679 1935 685 .
1958 654 2035 688 Ori-

1151 702 1272 747 ginalis
1283 701 1392 736 nostra
1403 703 1535 738 avaritia
1546 704 1564 738 a
1575 705 1672 739 variis
1685 704 1762 738 Diis
1771 704 1911 740 credidit
1923 705 2035 740 conse-

1149 752 1207 797 qui
1225 751 1313 787 varia
1333 750 1431 796 hujus
1443 755 1598 798 temporis
1609 754 1765 790 beneficia
1776 779 1784 787 .

1306 1058 1518 1106 CAPU
1542 1054 1585 1103 T
1620 1057 1862 1104 xxxvn.
1898 1073 2037 1119 --125

1154 1247 1275 1297 Idem
1324 1245 1432 1298 verb
1468 1251 1653 1297 Irenaeus
1697 1251 1743 1296 &
1789 1245 1869 1296 ista
1902 1244 2048 1315 posuit

1223 1318 1321 1388 post
1356 1317 1561 1386 praedifflt
1594 1317 1744 1368 dicens
1769 1338 1782 1368 t
1819 1324 1950 1367 Sermo
1973 1326 2048 1373 Jo-

1225 1394 1332 1439 anm‘s
1366 1386 1584 1438 Antiochem’
1617 1426 1631 1452 ‚
1685 1408 1793 1457 quem
1839 1389 1942 1437 dixit
1978 1393 2051 1437 in..-

1225 1459 1453 1510 Chalcedone
1497 1459 1580 1529 post
1627 1465 1839 1508 Sermonem
1874 1458 2051 1529 Aphtho-

1226 1536 1279 1582 m't'
1313 1533 1524 1598 Presbyteri
1559 1567 1574 1591 ‚
1617 1534 1677 1577 (9⁴
1710 1527 1890 1601 Episcopi
1923 1527 2052 1578 Theo-

1229 1604 1343 1652 doreti
1356 1637 1369 1650 .

1223 1759 1329 1796 Ansta
1355 1759 1408 1796 lex
1427 1759 1496 1801 est,
1524 1767 1562 1794 ut
1584 1768 1656 1802 quae
1668 1755 1815 1791 filiorum
1826 1756 1926 1796 sunt,
1953 1753 2055 1790 Patri·

1248 1812 1309 1846 bus
1328 1809 1527 1855 deputentur
1539 1834 1546 1841 .
1575 1812 1662 1842 Meus
1689 1807 1728 1848 st
1746 1813 1837 1851 igitur
1849 1806 1974 1840 Galaad
1984 1830 1996 1845 ‚
2020 1806 2055 1839 (¹5
2075 1812 2233 1851 psalm.19,

1161 1872 1243 1895 meus
1254 1861 1292 1902 est
1304 1860 1454 1903 Manaffes
1465 1883 1473 1890 .
1499 1858 1611 1902 Magis
1625 1857 1703 1890 vero
1717 1867 1785 1890 non
1798 1857 1886 1895 mei,
1911 1855 1966 1890 sed
1986 1855 2054 1890 Dei

1161 1912 1257 1952 sunt,
1284 1911 1341 1955 qui
1357 1910 1504 1943 nostrum
1516 1908 1662 1942 sanetum
1676 1906 1821 1952 Gregem
1838 1906 2056 1951 congregavit

1161 1961 1204 1996 ad
1216 1972 1300 2001 nos,
1328 1959 1583 2001 instantiamque
1604 1956 1654 1990 illi
1675 1967 1734 2000 pro
1755 1957 1808 2000 pia.
1831 1956 1897 1989 fide
1913 1955 2055 1990 donavit

1162 2012 1253 2054 super
1273 2009 1336 2044 alia
1358 2009 1465 2043 bona.
1494 2008 1570 2052 Ego
1589 2005 1670 2040 vero
1695 2005 1736 2040 ad
1756 2004 1822 2039 hoc
1835 2006 1959 2040 surrexi
1983 2015 2055 2038 tan-

1160 2057 1360 2099 tummodo,
1385 2068 1422 2093 ut
1442 2056 1616 2092 salutarem
1638 2066 1699 2090 vos
1721 2055 1862 2100 pariter,
1889 2053 2056 2089 &valedi-

1161 2120 1266 2145 cerem
1280 2108 1375 2144 vobis
1390 2133 1397 2141 .
1424 2107 1607 2152 Carpemus
1621 2116 1763 2151 namque
1777 2106 1856 2146 iter,
1882 2104 2055 2140 vobiscum

1141 2198 1144 2206 ¹
1161 2169 1348 2195 manentes:
1379 2158 1423 2193 Et
1436 2157 1562 2192 rursum
1574 2156 1745 2192 vobiscum
1758 2158 1869 2192 sumus
1882 2180 1893 2197 ,
1918 2154 1959 2190 ad
1980 2157 2056 2190 Fra-

204 2220 241 2244 re
260 2234 269 2242 .
297 2207 395 2243 Certe
416 2208 576 2251 posterius
598 2209 643 2243 est
664 2209 766 2253 longe
793 2209 991 2250 veriffimum
1015 2236 1022 2243 .
1052 2211 1098 2244 Et
1139 2209 1222 2249 ltres
1247 2211 1376 2245 nostros
1388 2218 1501 2243 euntes
1515 2234 1522 2240 .
1551 2208 1728 2242 Permanet
1740 2208 1831 2241 enim
1845 2206 2056 2250 sineimpedi·

206 2257 325 2302 prioris
354 2258 524 2292 veritatem
554 2258 683 2293 fortiter
715 2258 854 2294 suadent
887 2258 1097 2295 Theodoreti
1139 2254 1275 2295 lmento
1287 2260 1410 2304 ubique
1422 2258 1609 2293 dilectionis
1630 2265 1765 2291 natura.
1792 2256 1907 2291 Saluto
1926 2268 1986 2290 vos
2008 2265 2056 2291 at·

206 2306 384 2353 Epistolae,
409 2308 445 2343 δε
464 2308 530 2343 alia
549 2308 689 2352 Scripta.
721 2309 927 2353 Praecipuum
947 2308 1015 2354 ejus
1027 2321 1098 2354 pec-

1160 2322 1224 2355 que
1236 2322 1320 2355 rogo
1329 2334 1341 2351 ,
1368 2318 1408 2343 ut
1419 2320 1532 2352 pacem
1545 2307 1692 2342 habeatis
1703 2305 1744 2342 ad
1755 2308 1867 2341 Deum
1880 2329 1891 2345 ,
1917 2307 1975 2350 qui
2000 2318 2056 2340 an-

206 2367 318 2393 catum
337 2358 402 2392 fuit
421 2357 507 2392 male
530 2357 693 2394 intellesta
706 2360 943 2404 Sansticyrini
957 2361 1098 2404 Capitu-
1140 2372 1193 2395 ·te
1224 2359 1360 2404 quidem
1374 2358 1558 2394 Christiani
1580 2357 1691 2392 fideles
1711 2358 1807 2392 eratis
1826 2382 1836 2399 ‚
1865 2368 1954 2391 nunc
1977 2356 2055 2391 vero

208 2408 241 2442 la
255 2432 266 2447 ,
291 2409 326 2441 ἀ
345 2408 466 2441 exinde
487 2408 614 2441 alienus
639 2409 966 2452 animusapersona.
998 2411 1098 2443 Error

210 2457 268 2500 qui
293 2455 408 2488 invasit
429 2457 530 2489 etiam
542 2457 696 2491 Sanstum
707 2458 923 2492 Gennadium
935 2458 1098 2493 Constan-

211 2505 472 2548 tinopolitanum
509 2505 712 2550 Episcopum
748 2507 781 2541 &
818 2507 901 2542 alios
936 2507 1096 2552 quosdam

210 2553 394 2589 istiusmodi
416 2554 578 2599 Gigantes
596 2555 926 2599 Christianaejustitiae
940 2583 947 2589 .

261 2603 454 2638 Caffinensis
474 2604 644 2639 translatio
663 2605 698 2639 in
720 2606 915 2647 quibusdam
940 2606 1038 2641 etiam
1050 2607 1096 2642 est

210 2655 346 2689 melior.
373 2652 504 2688 Primus
516 2654 681 2689 locusest:
708 2658 809 2700 ,Quem
822 2656 957 2697 Pastor-es
969 2654 1039 2698 socii
1049 2668 1097 2691 ca-

209 2706 298 2738 lamis
311 2706 474 2738 occiderunt
485 2729 496 2745 ,
508 2714 541 2738 ut
546 2713 662 2747 putant
680 2731 687 2738 .
714 2705 867 2741 Restius:
896 2709 997 2751 ‚Quem
1008 2711 1094 2741 Com·

206 2754 338 2798 pastores
355 2754 419 2798 suis
441 2756 639 2796 calamorum,
665 2764 697 2789 ut
710 2757 924 2798 arbitrantur,
945 2754 1093 2801 subftrip-

209 2805 342 2838 tionibus
358 2813 563 2847 peremerunt.
590 2806 757 2842 Secundus
777 2808 893 2842 locus:
921 2808 1026 2841 Videte
1048 2820 1096 2842 ac·

209 2853 386 2896 cusationem
398 2857 525 2889 malitiae
534 2881 545 2896 ‚
575 2857 610 2890 (ε’
618 2859 790 2898 putredinis
801 2859 926 2892 maltttae
930 2858 1091 2899 judicium.

211 2905 347 2940 Rectius
360 2919 371 2939 ε
397 2907 504 2940 Videte
520 2904 729 2949 accusationem
747 2910 874 2943 malmae
887 2932 898 2949 ,
921 2907 1093 2954 &fragili—

211 2961 288 2989 tatis
310 2960 451 2998 nequittae
471 2956 681 2991 convmumm
698 2983 705 2990 .
735 2959 872 2993 Tertius
906 2958 999 2993 locus
1021 2959 1066 2994 est
1083 2974 1093 2993 :

212 3005 316 3043 Vidisti
336 3007 486 3039 malitiam
514 3005 713 3047 infirmantem
733 3033 740 3041 .
768 3009 872 3050 Vidisti
897 3007 1094 3051 offendentem

212 3065 271 3087 non
289 3054 483 3094 offendentem
506 3080 513 3089 .
541 3058 645 3098 Vldistt
670 3070 736 3092 eum
756 3083 768 3100 ,
793 3066 845 3103 qut
876 3064 1094 3105 impugnatur,

212 3113 397 3138 coronatum.
424 3107 574 3141 Restius:
603 3108 706 3149 Vidisti
730 3111 879 3144 malinam
897 3111 1093 3154 languidam.

214 3154 322 3194 Vidisti
333 3166 399 3188 eum
410 3180 419 3195 ,
445 3163 497 3198 qut
511 3166 700 3202 expugnatus
712 3159 750 3202 est
762 3184 773 3201 ‚
797 3169 965 3194 coronatum
978 3185 985 3193 .
1013 3160 1093 3206 Agi-

213 3213 266 3239 tur
284 3204 326 3240 de
348 3205 548 3250 degradam,
573 3209 608 3245 &
635 3220 688 3253 per
708 3211 976 3255 degradationem
1001 3222 1097 3246 coro·

212 3255 327 3289 nando
347 3255 504 3290 Nestorio
524 3282 532 3289 .
559 3257 609 3292 lta
632 3260 720 3295 enim
744 3261 889 3305 sperabat
912 3261 1094 3297 orientalis

213 3305 346 3340 Fastio.
373 3306 647 3353 Qartuslocus:
674 3312 717 3342 Et
728 3313 845 3355 Pagant
856 3313 975 3354 quidem
991 3318 1095 3347 avari-

213 3360 265 3389 tiae
288 3355 380 3391 verbo
400 3364 503 3400 capti,
529 3364 624 3393 etiam
641 3360 742 3394 carlum
767 3362 938 3404 tmpaffibtle
962 3372 1094 3404 vocant,

1159 2410 1259 2444 etiam
1273 2409 1486 2442 Confeffores
1498 2433 1505 2440 .
1533 2409 1656 2444 Omnis
1666 2408 1725 2452 qui
1738 2418 1894 2452 magnam
1914 2408 1947 2442 se
1959 2405 2055 2441 novit

1158 2458 1338 2493 obtinuisse
1359 2456 1570 2491 substantiam
1591 2479 1603 2495 ,
1638 2457 1767 2491 sortiter
1803 2457 1948 2490 decertat
1971 2468 1979 2488 :
2010 2456 2056 2490 Et

1158 2519 1237 2544 eum
1260 2518 1320 2551 pro
1342 2506 1394 2541 his
1406 2518 1478 2550 quae
1491 2504 1651 2550 poffidet,
1679 2505 1825 2540 laborare
1846 2517 1915 2539 non
1941 2505 2056 2550 piget.

1159 2560 1215 2594 Ne
1235 2555 1347 2602 perdat
1367 2556 1435 2590 haec
1459 2556 1550 2599 ipsa,
1575 2567 1648 2599 quae
1670 2555 1826 2598 poffidet.
1856 2555 1969 2589 Nemo
1994 2555 2058 2600 igi·

1158 2619 1210 2642 tur
1237 2607 1332 2641 vobis
1359 2607 1483 2640 auferat
1508 2604 1686 2639 Paternam
1708 2604 1807 2639 fidem
1831 2630 1841 2646 ‚
1868 2616 1967 2649 quam
1991 2616 2054 2640 nos

1157 2668 1289 2704 quoque
1314 2657 1392 2691 sicut
1422 2656 1615 2699 Depositum
1652 2655 1730 2689 filiis
1762 2656 2053 2689 commendamus.

1159 2707 1334 2743 Attendite
1345 2707 1386 2741 ad
1399 2707 1511 2741 Patres
1522 2705 1650 2740 nostros
1662 2715 1762 2749 atque
1775 2705 1919 2748 Majores
1931 2728 1941 2744 ,
1966 2716 2052 2749 quos

1159 2771 1220 2793 nec
1241 2768 1403 2792 tormenta
1416 2781 1427 2797 ,
1454 2768 1515 2791 nec
1525 2766 1635 2796 morS,
1660 2767 1722 2790 nec
1732 2755 1823 2790 aliud
1835 2755 1977 2799 quodvis
1989 2755 2050 2790 hu-

1158 2819 1294 2843 manum
1315 2808 1421 2842 valuit
1442 2807 1483 2841 ab
1505 2807 1620 2841 affectu
1632 2805 1711 2841 fidei
1734 2805 1945 2840 submovere.
1973 2806 2047 2839 No-

1156 2859 1229 2893 stris
1251 2856 1329 2892 vero
1346 2857 1548 2902 temporibus
1576 2868 1682 2900 parvae
1693 2858 1790 2891 minae
1802 2858 1896 2895 sunt,
1928 2865 2049 2899 magna

1157 2909 1202 2943 est
1224 2919 1363 2943 merces:
1390 2908 1501 2943 Parvae
1523 2908 1704 2952 paffiones,
1730 2907 1783 2941 sed
1809 2915 1936 2949 magnae
1955 2915 2048 2939 coro·

1159 2971 1224 2993 nae.
1256 2960 1369 2994 Nemo
1383 2959 1482 2994 vobis
1495 2959 1691 3003 Depositum
1703 2958 1805 2999 rapiat
1817 2981 1824 2988 .
1855 2955 1946 2989 Dico
1968 2954 2048 2989 vero

1156 3008 1197 3044 ad
1210 3010 1433 3055 integritatem
1455 3010 1665 3054 Dogmatum
1681 3032 1688 3039 .
1717 3007 1829 3041 Nemo
1852 3003 1944 3039 vobis
1966 3004 2048 3040 Dei-

1156 3068 1257 3096 tatem
1288 3061 1477 3104 persuadeat
1496 3062 1559 3094 esse
1577 3057 1774 3103 paffibilem.
1802 3057 1921 3100 Neque
1944 3066 2045 3090 unam

1155 3121 1304 3145 naturam
1316 3111 1516 3147 Divinitatis
1542 3108 1763 3152 &Corporis.
1791 3107 1881 3140 Nam
1896 3106 1950 3140 illa
1975 3106 2045 3150 qui·

1153 3161 1230 3196 dem
1249 3161 1371 3206 semper
1393 3162 1439 3196 est
1453 3172 1508 3204 per
1531 3161 1562 3195 se
1572 3159 1699 3194 Divina
1722 3157 1895 3192 substantia
1909 3181 1921 3197 ‚
1950 3156 2044 3191 illam

1154 3210 1233 3246 vero
1244 3212 1389 3256 suscepit.
1417 3209 1524 3246 Unde
1535 3208 1805 3252 conjunctionem
1816 3206 2044 3252 praedicamus‚

1153 3273 1222 3296 non
1235 3263 1313 3297 vero
1334 3261 1583 3297 confufionem:
1611 3259 1840 3300 Unitionem,
1866 3268 1935 3292 non
1961 3267 2043 3292 tam·

1153 3323 1252 3356 quam
1273 3313 1458 3357 aliquorum
1479 3311 1662 3346 misturam.
1689 3311 1780 3346 Deus
1815 3307 1900 3344 istud
1914 3315 2042 3353 propter

1155 3362 1235 3397 illud
1248 3386 1261 3405 ‚
1286 3363 1390 3399 Filius
1398 3361 1463 3399 hoc
1474 3372 1604 3408 propter
1614 3361 1698 3398 illud
1713 3387 1721 3397 .
1748 3362 1876 3398 Omnia
1888 3361 1954 3396 hoc
1965 3367 2041 3399 pro·

1921 3417 1992 3453 pter
