2320 3730
380 224 476 269 134

293 291 369 325 liter
389 300 426 322 ac
447 286 704 325 solemnissime.

293 340 453 377 Armenia
465 340 542 374 fecit
553 340 765 384 Metropolita
790 340 950 379 Aeacius.

344 389 468 427 Eadem
490 390 531 424 de
543 402 576 424 re
587 391 721 429 Sanetus
741 390 888 432 Cyrillus
903 386 1011 424 scribit
1022 386 1062 420 ad
1077 386 1172 421 Lam-

293 451 415 484 ponem
438 439 687 484 Presbyterum,
715 440 750 474 <Sc
770 440 852 473 alios
873 440 930 472 suae
943 437 1088 475 Ecclefiae
1100 437 1173 472 Cle·

292 485 378 524 ticos
391 504 401 524 .-
426 495 453 522 C
456 503 505 524 um
517 492 599 532 apud
619 491 741 522 AEltam
762 500 951 522 commorarer
962 512 973 528 ,
999 492 1050 520 vir
1061 489 1171 530 aliquis

288 552 329 576 ex
352 539 401 573 bis
424 548 476 583 qui
497 541 630 573 nobiliter
641 541 774 573 militant
793 546 826 572 in
842 539 958 570 Palatio
970 561 981 577 ,
1007 537 1172 579 Epistulam

289 592 449 624 multorum
460 589 596 633 versuum
608 593 641 624 (ar
650 591 798 634 grandem
808 587 880 618 mihi
890 588 993 621 obtulit
999 586 1146 633 signatam
1158 613 1168 629 ,

288 651 378 682 quam
383 640 417 683 se
444 641 558 673 ducebat
570 642 700 682 accepisse
719 638 756 670 ab
769 636 953 679 Antiocbems
967 638 1146 678 Ortbodoxis
1160 663 1168 671 .

285 689 512 733 subscriptiones
523 701 620 724 autem
635 697 723 722 erant
744 694 777 719 in
798 698 835 723 ea
843 688 1035 729 plurimorum
1048 690 1168 723 clerico-

284 751 369 780 rum,
396 743 430 775 (9·
450 740 678 776 Monachorum,
705 738 740 770 Cb·
767 739 921 778 Laicorum
947 763 954 770 .
982 738 1167 783 Accusabant

282 799 381 821 autem
403 789 569 827 orientales
593 784 768 830 Episcopos,
791 786 877 829 quast
898 797 1030 822 tacentes
1043 791 1164 832 quidem

282 838 413 879 Nestorii
433 849 534 872 nomen
557 861 567 877 ,
595 839 629 872 (9
658 837 866 877 dlffimulanter
903 850 969 872 eum
1001 838 1165 882 aversari,

279 883 477 929 trtinfilientes
501 897 600 921 autem
617 888 662 919 ad
679 886 820 920 Theodori
841 890 961 922 Codices
974 890 1012 923 de
1025 894 1164 928 lncarna-

279 943 358 969 tione
372 936 476 977 fac‘hs
490 962 501 977 ‚
527 943 559 970 tn
579 936 683 978 quibus
705 939 796 970 mult«)
804 940 922 980 pejores
941 939 1070 979 Nestorii
1082 938 1158 982 blas-

273 985 403 1029 phemiis
426 984 524 1028 polt'tae
542 984 624 1028 sunt.
656 990 750 1021 Pater
769 993 848 1026 enim
850 988 919 1030 fuit
932 989 1156 1033 Nestoritperfi-

276 1038 358 1077 cllae,
385 1038 419 1079 ᾤ’
438 1036 518 1076 illius
541 1037 623 1069 mala
646 1038 756 1071 locutus
771 1062 782 1079 ,
807 1044 917 1082 impius
937 1045 970 1073 in
986 1040 1035 1075 bis
1056 1041 1159 1085 sallus

275 1087 315 1127 est
327 1111 338 1126 ,
365 1093 396 1120 in
406 1086 513 1131 ‚quibus
524 1087 608 1128 enodi}
619 1086 657 1133 est
672 1112 677 1119 .
709 1087 865 1132 Etsi-rtpfi
883 1091 1001 1132 quidem
1015 1095 1162 1126 Reveren·

275 1137 381 1176 diffimo
395 1135 539 1180 Episcopo
551 1137 750 1177 Antiocheno,n
771 1147 803 1178 ut
816 1134 958 1178 Tbeo'dorl
981 1145 1077 1181 impla
1093 1140 1160 1183 dog-

272 1197 358 1224 mata
379 1197 459 1219 nemo
475 1193 507 1220 in
521 1186 646 1229 Ecclesia
657 1188 792 1230 loquatur
813 1213 819 1220 .
848 1190 993 1222 Accedens
1007 1199 1107 1223 autem
1119 1191 1163 1223 ad

274 1237 488 1274 Alexandrlam
519 1238 781 1278 Reverendiffimus
815 1242 963 1277 Diaconus
993 1240 1027 1281 β·
1060 1238 1161 1273 Archi-

272 1288 432 1320 Mandrlta
456 1291 609 1322 Maximus
631 1288 766 1330 plurima
788 1289 970 1324 inclamavit
979 1295 1011 1322 in
1023 1294 1157 1323 Orienta-

268 1338 313 1374 ler
325 1361 336 1378 ‚
363 1339 463 1372 dicens
475 1337 659 1373 Ortbodoxos
670 1339 782 1378 nullum
795 1338 836 1372 ibi
848 1340 941 1379 locum
952 1339 1059 1373 babere
1070 1365 1080 1380 ,
1108 1351 1160 1372 nec

263 1386 410 1434 fiduciam
429 1390 567 1431 loquendi
588 1390 625 1425 de
645 1389 725 1423 reela
743 1389 805 1431 fide
821 1415 827 1421 .
855 1391 943 1425 Dixit
961 1392 1032 1423 verb
1045 1414 1053 1428 ,
1082 1391 1161 1430 quod

266 1437 437 1481 confingunt
449 1442 568 1481 quidem
577 1439 705 1481 confiteri
715 1440 874 1477 symbolum
887 1445 921 1473 N
924 1447 992 1481 iceae
1002 1438 1160 1486 expfftum

265 1488 287 1524 ,ἃ
307 1488 423 1526 Sanffls
447 1489 590 1522 Patribus
606 1512 615 1528 ,
643 1491 721 1522 male
743 1499 841 1522 autem
863 1491 941 1522 illud
950 1495 1154 1531 interpretan-

265 1546 333 1570 tur.
360 1541 405 1570 Et
423 1538 602 1572 adhortatus
623 1538 662 1579 est
687 1550 803 1572 omnem
813 1539 1015 1582 expositionem
1028 1544 1169 1582 Nicenae'

263 1588 367 1626 synodi
381 1593 574 1629 interpretari
582 1590 672 1629 plane·
683 1613 692 1629 ,
717 1599 750 1622 ut
761 1601 818 1625 nan
826 1589 999 1631 subripiant
1012 1589 1152 1633 quosdam

264 1639 328 1670 alla
346 1645 401 1678 pro
426 1638 496 1670 altis
517 1646 718 1679 exponentes>¹
747 1641 839 1682 ,Quod
864 1642 898 1673 (9·
909 1639 971 1681 feci
985 1666 992 1673 .
1023 1641 1156 1674 Dolosae

264 1687 378 1730 vulpes
400 1687 585 1722 clamabant
612 1689 644 1722 se
662 1688 806 1722 insistere
818 1689 957 1723 Nicaeno
971 1688 1130 1734 Symbolo
1147 1714 1157 1730 ,

263 1736 363 1779 idque
385 1736 477 1780 juxta
495 1738 734 1781 expositionem
761 1740 874 1782 magni
891 1739 1090 1781 Theodori,
1118 1751 1155 1775 ac

262 1797 428 1830 propterea
441 1789 505 1822 sese
520 1799 726 1831 nequaquam
756 1789 974 1823 Nestorianos
986 1791 1048 1823 esse
1061 1815 1071 1830 ‚
1098 1790 1153 1831 sed

261 1837 358 1880 plene
378 1836 616 1871 orthodoxos.
645 1837 701 1870 Est
725 1838 860 1880 antiqua
883 1839 980 1881 ipsius
1004 1839 1151 1873 Nestorii

262 1886 445 1922 cantilena.
474 1887 582 1921 Etiam
606 1887 709 1920 totius
730 1887 916 1928 Factionis,
943 1889 1150 1931 quam-apud

263 1936 428 1981 Ephesum
453 1937 537 1971 fovit
559 1936 746 1971 patriarcha
779 1937 920 1978 Ioannes
942 1964 949 1970 .
981 1940 1024 1972 Et
1047 1938 1150 1981 ipsam

261 1996 426 2032 acceperat
438 1986 456 2019 a
470 1985 660 2019 Berrhaeenfi
675 1986 814 2019 Acacio-
848 1988 899 2019 Ex
912 1986 964 2021 his
975 1987 1151 2028 discimus,

262 2037 353 2082 quod
379 2035 570 2070 venerabilis
592 2034 647 2068 ille
670 2035 842 2073 Diaconus
867 2037 900 2076 ἀ
920 2036 1153 2070 AbbasMaxi-

262 2099 336 2122 mus
350 2098 416 2121 non
440 2085 649 2122 solummodo
673 2085 713 2118 ad
726 2086 880 2123 Sanstum
892 2086 1058 2128 Cyrillum
1073 2086 1152 2120 scri-

262 2137 384 2181 pserit,
411 2137 464 2170 sed
484 2135 583 2170 etiam
607 2133 842 2169 Alexandriam
864 2136 1044 2174 accesserit,
1069 2135 1152 2170 Scri-

262 2188 324 2232 pfit
348 2187 457 2221 statim
486 2186 554 2228 post
577 2185 697 2218 initam
723 2196 857 2228 pacem,
886 2186 1056 2229 inquirens
1075 2197 1151 2225 mo-

263 2239 341 2271 dum
354 2262 364 2277 ,
391 2247 458 2280 quo
472 2235 690 2269 Nestorianos
707 2244 870 2278 oporteret
882 2247 920 2269 ac
931 2236 1098 2279 expediret
1109 2247 1151 2270 re-

262 2289 369 2331 cipere
408 2288 442 2320 in
483 2285 664 2320 Ecclefiarn
692 2309 699 2316 .
736 2284 876 2319 Acceffit
902 2287 973 2329 post
1002 2286 1152 2331 vulgatos

261 2336 441 2372 Theodori
463 2336 581 2370 libros.
610 2336 653 2369 Et
672 2334 894 2369 tuncinduxit
918 2336 1071 2374 ,Sanctum
1085 2337 1152 2380 Cy-

261 2388 372 2421 rillum
383 2387 422 2421 ad
436 2386 730 2421 commentandum
742 2385 916 2419 Nicaenum
926 2385 1126 2431 Symbolum
1144 2411 1150 2418 .

262 2438 316 2471 Ex
339 2449 405 2482 quo
425 2437 512 2470 lucet
536 2435 627 2473 istius
650 2434 766 2477 Scripti
788 2435 917 2468 occafio
942 2446 980 2469 ac
1002 2447 1148 2479 tempus.

262 2489 392 2531 Lampo
414 2485 587 2528 Presbyter
599 2484 644 2518 est
657 2482 800 2518 omnino
812 2483 900 2518 idem
912 2484 967 2518 ille
981 2484 1151 2529 Presbyter

263 2550 301 2572 ac
314 2535 521 2576 Monachus,
551 2534 910 2578 quiSanffiCyrilliac
935 2534 1079 2572 Nestorii
1091 2536 1152 2580 pri-

264 2599 333 2622 mas
345 2587 415 2621 lites
428 2584 551 2619 studuit
564 2582 782 2626 componere,
808 2583 941 2624 illorum
954 2584 1042 2621 ultro
1053 2586 1152 2622 citro·

263 2649 329 2681 que
341 2637 463 2671 litteras
476 2635 624 2668 deferens
637 2657 644 2664 .
672 2633 720 2666 At
731 2634 867 2676 quaestio
887 2635 931 2669 est
942 2660 954 2676 ‚
979 2636 1149 2677 quomodo

265 2687 402 2725 Sanetus
435 2682 582 2725 Cyrillus
613 2682 644 2715 se
665 2682 779 2717 scribat
804 2682 867 2717 hoc
892 2695 1038 2729 tempore
1057 2687 1151 2721 fuiffe

265 2736 351 2780 apud
366 2733 519 2771 AEliam?
545 2731 629 2777 Qis
640 2730 748 2767 credat
767 2733 860 2768 illum
876 2744 955 2769 tunc
966 2735 1061 2770 fuisse
1071 2737 1151 2770 Hie-

265 2783 439 2827 rosolymis
461 2784 478 2815 ἓ
507 2781 561 2820 Est
587 2781 746 2816 mendum
768 2808 774 2815 .
802 2784 947 2820 Forsitan
976 2786 1150 2832 legendum

266 2837 321 2871 fit:
357 2834 536 2875 Helionopoll
548 2857 556 2865 .

317 2885 378 2919 Ista
403 2885 505 2929 igitur
529 2883 642 2917 omnia
663 2882 891 2924 confidemus,
916 2885 950 2923 &
972 2886 1069 2922 latius
1095 2899 1151 2932 pet

266 2947 402 2973 omnem
414 2933 824 2974 OrientalemDioecefim,
852 2934 1001 2969 immo&
1013 2948 1068 2980 per
1088 2939 1151 2971 Ar.

267 2986 410 3023 meniam
421 2997 459 3019 ac
471 2983 635 3021 Persidem
646 2983 769 3027 serpere
780 2982 893 3017 videns
903 3006 915 3022 ‚
943 2984 1150 3022 Venerabilis

268 3036 436 3070 Rabbulas
456 3034 536 3074 fecit
557 3033 722 3078 sequentia
745 3058 754 3066 .
780 3031 914 3074 Primo,
940 3035 1098 3078 separavit
1118 3038 1150 3075 se

268 3085 286 3118 a
299 3086 538 3124 communione
558 3084 697 3131 Joannis
718 3084 767 3118 sui
790 3082 1004 3126 patriarchae,
1029 3087 1063 3122 ἀ
1081 3098 1149 3121 om-

269 3134 362 3168 nium
387 3136 625 3182 ,Episcoporum
646 3132 1149 3179 recipientiumlibrosTbeodo·

269 3183 319 3224 ri,
345 3195 401 3217 aut
425 3186 496 3227 ipsis
519 3183 718 3220 faventium.
745 3184 918 3229 Secundo,
944 3196 1011 3218 non
1023 3186 1150 3225 dumta÷

268 3243 326 3268 xat
348 3231 448 3266 libros
461 3258 471 3272 ,
497 3235 550 3269 sed
571 3234 606 3267 &
626 3234 727 3276 ipsam
736 3232 911 3272 Theodori
923 3236 1091 3278 personam
1103 3239 1148 3272 so·

269 3282 422 3320 lemniter
446 3283 735 3322 anathematizavit
754 3285 788 3319 in
800 3285 961 3319 Ecclefia.
989 3285 1032 3320 Et
1043 3287 1146 3322 multa

269 3331 531 3376 adversusipsum
542 3333 628 3371 mala
640 3331 786 3370 diffudit.
814 3335 949 3372 Hocest
973 3359 984 3376 ,
1011 3336 1146 3374 adduxit

270 3384 389 3422 multas
411 3382 553 3418 rationes
579 3381 629 3421 sui
649 3381 882 3420 anathematis.
910 3385 1048 3429 Tertio,
1072 3399 1149 3428 ana·

720 210 1055 255 VARIORUM
1092 205 1340 249 PArRuM
1374 203 1699 266 Eum-rote,

733 290 835 337 Qod
857 291 961 333 ipsum
980 289 1014 322 in
1034 285 1173 327 secunda
1224 283 1466 322 'thematizavit
1485 288 1585 324 etiam
1607 301 1722 325 omnes
1735 313 1748 332 ,
1772 289 1829 335 qui
1847 289 1999 336 deinceps
2009 289 2125 330 Theo-

1239 336 1313 370 dori
1335 336 1437 371 libros
1457 338 1614 382 legerint.
1640 339 1773 391 Qarto
1792 341 2124 381 anathematizavit&

1240 386 1348 427 illos,
1375 390 1430 432 qui
1455 386 1683 422 Theodoreti
1700 387 1848 431 Cyrenfis
1867 416 1880 432 ,
1905 401 1962 428 aut
1983 394 2124 428 Andreas

1238 411 1466 472 Samo’sstenfis
1489 438 1644 481 Episcopi
1675 438 1820 486 legerent
1850 442 1973 486 Scripta
2007 455 2124 479 contra

1238 486 1391 531 Capitula
1403 489 1510 522 Sansti
1539 487 1659 531 Cyrilli
1675 513 1682 520 .
1711 488 1867 536 Qinto,
1894 492 1979 528 idem
1990 494 2123 532 anathe-

1237 548 1290 572 ma
1302 538 1425 578 inflixit
1439 538 1502 573 illis
1514 564 1524 580 ‚
1550 539 1607 582 qui
1620 538 1798 580 Theodori
1809 539 1911 580 libros
1921 541 1978 575 fibi
1989 554 2058 580 uon
2067 545 2122 579 de-

1236 588 1356 623 ferrent
1378 589 1634 628 comburendos.
1663 589 1745 624 Non
1773 592 1888 634 quovis
1913 590 2017 629 modo
2037 593 2121 637 ipsos

1234 638 1384 679 comburi
1407 641 1534 681 voluit,
1560 639 1615 674 sed
1639 650 1693 683 per
1706 641 1941 685 semet-ipsum.
1971 638 2119 679 Effem-

1234 697 1287 722 tus
1301 690 1404 724 voluit
1414 715 1422 723 .
1448 690 1539 733 ⁴idem
1552 688 1726 729 anathema
1738 690 1859 726 inflixit
1872 691 1949 733 illis,
1961 692 2018 737 qui
2029 692 2120 728 dein·

1233 749 1307 782 ceps
1330 740 1566 779 recalcitrarent
1588 743 1696 780 Sant‘ti
1719 741 1838 785 Cyrilli
1862 739 2040 786 Capitulis.
2073 744 2118 779 Et

1232 789 1414 824 omnesfibi
1428 802 1495 826 non
1509 791 1701 826 obedituros
1710 793 1856 826 minatus
1866 788 2118 837 est'proscribere

1230 849 1317 873 extra
1349 842 1441 875 suam
1475 841 1715 881 Provinciam.
1743 843 1786 877 Et
1806 842 1967 885 abjuravit
2001 853 2117 883 omnes

1232 890 1420 925 Orientales
1443 891 1642 936 Episcopos.
1669 892 1752 931 Non
1763 893 1951 942 simpliciter
1962 894 1994 928 se
2004 893 2120 933 discret

1231 940 1279 974 vit
1290 939 1331 974 ab
1345 941 1476 977 illorum
1489 942 1744 977 communione.

1280 990 1439 1032 Notanda
1461 994 1533 1027 sunt
1554 991 1622 1027 haec
1647 991 1762 1027 verba:
1790 995 1837 1027 Et
1858 992 1933 1027 mih}
1942 995 2062 1037 quidem
2071 997 2118 1032 vb-

1228 1040 1337 1082 detur,
1362 1044 1441 1084 quod
1460 1048 1492 1076 tn
1513 1043 1764 1084 Constantinopoli
1782 1040 1944 1086 suscipiens
1974 1046 2117 1089 litteras,

1229 1101 1306 1130 quas
1317 1103 1394 1124 nunc
1404 1090 1493 1134 usque
1501 1091 1659 1134 ficstlnuit,
1683 1101 1754 1135 erup
1787 1101 1835 1126 et.
1860 1096 1906 1126 Et
1917 1100 2115 1137 mpietatem,

1229 1149 1318 1179 quam
1342 1140 1410 1172 olim
1431 1149 1626 1182 conceperat,
1651 1142 1753 1181 clartff
1753 1152 1800 1173 me
1815 1144 1988 1186 peperfflt.
2020 1143 2118 1179 Affic-

1228 1198 1296 1222 mat
1320 1189 1409 1233 quod
1435 1190 1603 1225 Rabbulas
1627 1201 1732 1233 neque
1757 1202 1799 1225 ex
1827 1191 1998 1237 semetipso
2022 1193 2116 1236 solo,

1230 1249 1334 1281 neque
1349 1250 1389 1272 ex
1400 1241 1520 1274 recenti
1543 1241 1684 1275 confilio
1701 1240 1760 1274 ista
1784 1241 1915 1280 fecerit,
1910 1255 1919 1263 ·
1944 1237 2047 1287 Qod
2059 1254 2117 1278 an-

1228 1287 1316 1331 tiqua
1338 1289 1488 1330 fomenta
1511 1288 1682 1349 habuerit,
1710 1290 1863 1334 antiquas
1885 1303 1903 1324 a
1925 1290 2117 1327 Constanti·

1230 1337 1345 1381 nopoii
1372 1339 1519 1386 litteras,
1546 1341 1662 1382 utique
1673 1339 1691 1376 ὲ
1702 1340 1914 1378 Maximiano
1926 1341 2117 1385 Episcopo.

1227 1387 1329 1435 Qod
1353 1387 1436 1431 ipsas
1456 1388 1585 1426 dudum
1607 1385 1846 1429 occultaverit,
1872 1400 1911 1425 ac
1931 1400 2021 1424 nunc
2047 1400 2120 1425 tan·

1226 1438 1303 1478 dem
1323 1437 1458 1482 coeperit
1480 1449 1521 1473 ex
1545 1438 1620 1483 ipsis
1638 1438 1782 1485 operari.
1812 1437 1947 1485 Utique
1964 1439 2117 1479 subProte

1225 1488 1303 1528 clo,
1329 1499 1426 1533 quem
1451 1490 1512 1523 suo
1533 1487 1746 1526 Anteceffore
1760 1489 1969 1524 Maximiano
1979 1500 2117 1531 noverat

1225 1538 1326 1583 longe
1335 1540 1565 1574 ferventiorem
1585 1549 1702 1574 contra
1726 1537 1923 1578 Nestoriana
1933 1538 2112 1586 dogmata,

1226 1599 1263 1621 ac
1286 1589 1505 1631 potentiorem
1526 1590 1675 1623 sermone
1686 1589 1721 1623 &
1738 1601 1853 1632 opere.
1884 1591 1988 1638 Qod
2001 1601 2113 1628 tamen

1224 1636 1525 1674 anathematizandi
1542 1638 1740 1673 nominatim
1761 1638 1938 1680 Theodoti
1950 1641 2114 1679 Mandata

1223 1698 1280 1723 aut
1292 1688 1436 1723 fomenta
1449 1688 1468 1722 ὲ
1488 1688 1702 1724 Maximiano
1719 1690 1915 1733 accepisset,
1939 1702 2011 1725 non
2023 1701 2114 1729 earet

1224 1738 1396 1796 scrupulo.
1425 1738 1558 1779 Etenim
1581 1738 1743 1784 Ephefina
1753 1738 1931 1784 synodus,
1957 1751 2028 1784 quar
2038 1741 2113 1780 ΜΛ-

1222 1789 1374 1824 ximiano
1385 1799 1452 1823 erat
1463 1789 1668 1834 agendorum
1679 1789 1790 1835 regula
1799 1812 1810 1832 ‚
1836 1790 1918 1830 dum
1933 1785 2113 1827 Theodori

1221 1838 1389 1872 damnavit
1399 1838 1619 1881 Symbolum,
1645 1839 1755 1876 noluit
1767 1850 1891 1875 nomen
1909 1840 2110 1885 exprimere,

1222 1886 1322 1931 longe
1333 1887 1443 1922 minus
1469 1887 1748 1923 anathematizare
1769 1890 1958 1932 personam.
2084 1907 2101 1924 ..-

1272 1937 1431 1973 Notanda
1457 1940 1532 1976 sunt
1554 1940 1588 1979 ,ὃς
1607 1938 1674 1973 haec
1689 1938 1809 1978 verba.-
1837 1941 2031 1980 Amlclvera,
2056 1944 2111 1983 qul

1216 1986 1444 2031 persecutionem
1458 1986 1621 2031 sustinent,
1648 1994 1832 2031 interrogant
1842 2000 1897 2021 nos
1908 2012 1920 2028 ,
1941 1988 1973 2030 fi
1979 1997 2111 2031 oporteat

1220 2038 1284 2072 iam
1292 2036 1467 2078 secefflonem
1473 2037 1540 2077 fieri
1551 2062 1562 2077 ,
1572 2039 1606 2072 (ς
1619 2037 1726 2078 ostendi
1733 2038 1882 2081 fiduciam.
1911 2038 2110 2083 Respiciunt

1220 2083 1383 2118 Edeffenae
1395 2085 1543 2120 Ecclefiae
1562 2086 1731 2126 Clericos,
1756 2089 1813 2132 qui
1834 2088 2036 2125 damnabant
2047 2091 2109 2125 Fa-

1218 2135 1306 2168 ctum
1328 2136 1377 2169 sui
1400 2135 1554 2183 Episcopi
1574 2161 1585 2177 ‚
1612 2136 1753 2181 ideoque
1788 2137 1945 2181 parabant
1964 2139 2007 2174 ab
2037 2140 2107 2183 ejus

1217 2185 1457 2222 communione
1477 2187 1509 2220 se
1534 2187 1677 2229 separare
1688 2211 1696 2219 .
1722 2187 1768 2221 Et
1780 2186 1822 2225 ab
1839 2187 1974 2227 Andre:
1989 2189 2106 2225 vicinas

1219 2234 1400 2269 Provinciae
1411 2236 1587 2279 Episcopo,
1598 2237 1632 2271 δε
1645 2233 1761 2270 harum
1772 2247 1879 2274 rerum
1892 2237 2104 2281 peritiffimo‚

1219 2285 1422 2329 postularunt
1433 2286 1605 2321 confilium
1618 2310 1625 2322 ‚
1654 2286 1697 2319 Et
1720 2287 1871 2325 Andreas
1892 2287 2104 2330 quaestionem

1217 2346 1359 2370 exmore
1381 2336 1494 2375 retulit
1517 2336 1558 2370 ad
1573 2336 1664 2369 suum
1678 2336 1956 2380 Merropofiram,
1980 2336 2103 2381 abipso

1216 2385 1442 2422 deducendam
1461 2386 1502 2419 ad
1528 2384 1689 2428 judicium
1699 2386 1846 2427 Synodi.
1874 2387 1918 2420 Et
1934 2387 2104 2423 interistos

1218 2434 1366 2473 Clericos
1376 2433 1518 2468 omnino
1529 2434 1590 2468 fuit
1600 2434 1674 2468 lbas
1687 2434 1861 2477 Presbyter
1873 2460 1881 2469 .
1907 2437 2002 2470 Hinc
2012 2438 2104 2477 enirn

1218 2483 1253 2519 in
1276 2485 1330 2519 sua
1358 2485 1480 2520 famosa
1503 2484 1651 2528 Epistola
1674 2483 1861 2522 Rabbulam
1883 2486 2025 2534 appellat
2042 2488 2104 2523 sum

1217 2534 1359 2570 civitatis
1378 2534 1600 2577 Tyrannum.
1630 2534 1682 2566 Ex
1702 2534 1821 2571 eodem
1831 2535 1923 2569 fonte
1939 2536 2103 2575 Leontius

1213 2582 1429 2618 Scholasticus
1449 2583 1654 2625 Byzantinus
1675 2582 1709 2615 in
1722 2582 1808 2616 libro
1819 2583 1860 2616 de
1874 2585 1971 2619 Sectis
1983 2597 2100 2629 propo-

1214 2634 1264 2668 nit
1280 2632 1366 2667 hanc
1380 2632 1611 2677 quaestionem:
1637 2635 1701 2664 Cur
1712 2631 1954 2675 Chalcedonenfir
1970 2635 2098 2674 synodus

1212 2683 1250 2716 ab
1275 2683 1328 2716 Iba
1338 2694 1397 2716 non
1420 2680 1593 2724 requtfivit,
1619 2691 1653 2714 ut
1664 2680 1845 2717 Theodorum
1854 2683 2097 2719 anathematiza-

1210 2741 1256 2769 ret
1270 2733 1285 2765 ?
1312 2737 1377 2768 Cur
1398 2734 1462 2774 ejus
1476 2738 1509 2766 tn
1518 2743 1578 2775 qua
1589 2730 1771 2766 Theodorum
1782 2734 1951 2780 praedicat,
1976 2736 2023 2769 ad
2030 2738 2096 2770 Μφ

1210 2788 1270 2822 rim
1292 2782 1457 2826 Epistolam
1474 2787 1581 2824 recepit
1593 2781 1610 2813 ἒ
1636 2781 1679 2814 Et
1696 2783 1890 2825 respondet:
1916 2788 1978 2822 Hoc
1993 2785 2095 2827 portis

1211 2836 1250 2871 de
1271 2834 1377 2868 Saudo
1396 2834 1504 2872 cyrillo
1526 2837 1620 2874 quaeri
1642 2831 1769 2866 debebat
1781 2857 1793 2874 ,
1818 2845 1910 2880 quam
1920 2836 1958 2870 de
1967 2836 2096 2874 synoda..

1211 2888 1299 2919 Nam
1315 2883 1454 2917 sanctum
1471 2888 1617 2916 memoriae
1629 2882 1768 2921 cyrillum
1779 2907 1790 2927 ‚
1816 2895 1883 2920 cum
1899 2887 2032 2920 nonnulli
2042 2884 2094 2922 hoe

1211 2933 1309 2978 ipsum
1319 2940 1485 2977 quaererent
1495 2957 1505 2974 ,
1525 2942 1558 2967 ut
1566 2932 1733 2966 Theodorus
1742 2933 2093 2978 anathemattsubjtcere·

1210 2995 1284 3025 tur,
1315 2984 1360 3017 ad
1382 2984 1518 3022 Proclum
1529 2981 1665 3029 scripfiffe
1683 2983 1811 3024 constat,
1834 2985 1957 3017 minime
1966 2984 2093 3021 Theodo·

1210 3045 1274 3069 rum
1293 3033 1550 3071 anathematizari
1573 3033 1698 3070 debere.
1725 3038 1812 3067 Nam
1831 3035 2022 3075 orientales,
2047 3040 2094 3075 inq

1210 3090 1276 3129 quit
1285 3109 1296 3126 ,
1320 3082 1453 3130 universi
1459 3083 1638 3120 Theodorum
1643 3093 1703 3126 pro
1718 3096 1824 3128 magno
1834 3084 1957 3122 Doe‘i'ore
1966 3084 2090 3121 babent.

1211 3138 1310 3180 ,Quem
1328 3133 1358 3182 fi
1373 3133 1563 3172 anathemat}
1580 3132 1812 3177 subjecerimus,
1837 3141 1870 3167 in
1891 3135 2091 3174 Orientalium

1210 3184 1335 3228 Ecclefiae
1345 3185 1488 3225 diffidtum
1500 3189 1605 3228 ingens
1617 3184 1815 3218 excitabimus
1826 3210 1833 3217 .
1861 3187 1998 3230 ,Quorum
2011 3195 2091 3223 unus

1207 3235 1247 3277 est
1257 3236 1350 3276 Ibas,
1376 3240 1428 3278 qui
1443 3246 1512 3269 eum
1522 3234 1778 3274 anathematizari
1788 3245 1845 3272 non
1850 3240 2003 3276 patiemr.
2032 3234 2093 3268 Fa·

1208 3295 1278 3321 teor
1288 3285 1379 3324 Ibam
1391 3309 1403 3325 ,
1430 3283 1510 3319 dum
1532 3285 1591 3319 ista
1602 3286 1724 3329 scripfit
1743 3283 1889 3328 Cyrillus
1901 3308 1912 3324 ,
1938 3284 2032 3319 firiffe
2045 3282 2090 3317 Ε·

1207 3335 1400 3380 piscopum‚·
1425 3335 1519 3369 Hinc
1538 3336 1670 3370 interim
1690 3336 1778 3373 lucet
1796 3334 1902 3377 ipsum
1925 3334 2019 3369 fuiffe
2043 3332 2087 3368 vi·

1207 3397 1281 3424 rum
1300 3395 1426 3431 magnae
1445 3384 1655 3423 authoritatis
1682 3411 1690 3423 .
1715 3382 1951 3470 Theodoretuis
1970 3381 2088 3466 ‘scribit

1946 3443 1968 3476 P
1982 3443 2039 3472 um
