2320 3730
625 193 937 249 SCHOLHS,
974 206 1037 236 ET
1071 189 1265 236 NOTIS
1303 200 1693 236 ILLUSTRATAE.

206 286 298 317 tem,
321 276 356 311 δε
376 275 419 308 sic
431 271 629 317 pertinacem
648 274 766 318 reperit
793 273 885 308 illurn
897 298 908 315 ,
935 272 993 316 qui
1007 271 1098 305 restae

205 328 285 363 fidei
307 323 499 368 repugnavit
513 324 530 356 ,ἕ

255 374 427 421 Qoniam
438 373 510 408 vere
522 374 626 416 dicit,
653 376 730 419 quia
752 384 904 420 oporteat
926 374 987 409 soli
1006 372 1098 415 Sym-

204 427 284 463 bolo
305 425 509 464 consentire,
537 425 588 459 vel
610 427 700 461 certe
724 425 921 470 expositioni
944 423 1022 458 fidei
1040 432 1097 456 tre-

202 485 375 510 centorum
397 475 511 509 decem
531 476 649 510 &0610
664 502 675 517 ‚
700 478 811 520 &ego
835 474 876 508 ad
899 474 967 508 haec
994 472 1071 506 dico
1086 495 1097 511 ‚

202 525 281 571 quia
306 525 449 560 intentio
461 527 523 560 suit
546 538 611 561 una
625 528 737 561 sanciae
760 522 980 560 &universali
993 524 1097 564 Syno-

201 575 250 610 do
262 600 272 617 ,
299 588 368 620 quae
389 587 589 621 congregata
611 577 705 611 estin
718 574 879 619 Ephesina
892 571 1072 617 Metropoli
1086 595 1097 611 ‚

202 635 243 661 ut
264 625 462 670 Symbolum
485 627 713 666 confirmaret,
739 624 898 670 quatenus
923 625 957 659 &
980 632 1097 657 omnes

201 677 251 712 ita
273 678 509 712 confiterentur
530 701 541 717 ,
568 677 603 711 ἀ
624 676 790 711 crederent
812 699 822 715 ,
857 687 895 709 ac
921 675 1095 708 docerent:

203 728 328 771 Neque
349 726 476 771 adjecto
497 726 668 772 quolibet,
696 737 802 771 neque
822 725 985 759 detratsto.
1012 723 1095 756 Non

203 778 298 812 enim
320 778 365 812 est
387 777 525 822 adjicere
546 778 638 819 super
651 776 734 812 illud
748 802 759 818 ,
785 788 846 811 nec
860 776 906 810 est
918 776 1042 810 auferre
1056 770 1098 806 ab

205 839 266 863 eo.
292 828 430 873 Propter
451 827 517 861 hoc
538 827 629 860 enim
650 827 810 862 &contra
830 826 1024 861 Nestorium
1046 822 1098 857 de-

207 877 330 912 crevit:
357 879 448 912 Sicut
462 877 519 922 qui
533 887 602 911 non
614 876 861 917 suaseritillud,
889 877 970 921 quin
989 872 1099 918 potius

207 927 384 963 removerit
397 936 494 971 atque
513 926 749 962 oblitteraverit
759 953 769 969 ‚
795 929 827 961 &
840 925 1019 960 secundum
1031 923 1099 957 nul-

208 978 280 1013 lum
290 978 425 1022 quidem
448 976 585 1011 modum
597 978 722 1011 secutus
735 978 771 1011 sit
782 977 885 1017 illud,
913 977 1011 1010 altera
1023 971 1101 1007 vero

208 1028 357 1072 quandam
377 1027 644 1070 &Dogmatibus
665 1026 815 1060 Ecclefiae
837 1025 1007 1072 peregrina
1022 1024 1100 1057 insa·

209 1077 253 1111 ne
263 1076 394 1112 auribus
406 1075 588 1110 insonuerit
611 1076 808 1119 populorum
820 1101 827 1111 .

257 1125 383 1161 Actum
404 1125 451 1159 est
477 1125 580 1170 igitur
601 1125 638 1158 in
669 1125 800 1169 Epheso
828 1127 921 1170 super
944 1123 1010 1160 hoc
1034 1135 1104 1168 pro·

207 1176 318 1221 prium
330 1175 571 1210 Commeatum
596 1175 794 1216 Gestorum,
820 1176 1037 1211 confirmante
1049 1175 1106 1218 Sy-

208 1224 302 1261 nodo
316 1227 498 1270 expositam
518 1225 701 1260 &trecentis
725 1226 840 1261 decem
859 1226 979 1260 &octo
1003 1223 1105 1258 Patri-

210 1276 272 1311 bus
284 1277 401 1310 nostris
411 1299 422 1316 ‚
449 1276 505 1320 qui
515 1276 601 1310 circa
612 1276 707 1309 suum
717 1285 845 1320 tempus
856 1275 890 1309 in
903 1275 1013 1308 Nicaea
1027 1286 1102 1308 con-

205 1325 336 1371 gregati
347 1328 435 1360 sunt.
465 1326 509 1359 Et
521 1325 626 1360 direxi
641 1324 706 1360 hoc
721 1351 732 1367 ,
759 1336 796 1360 ut
820 1336 875 1360 tua
888 1326 1045 1359 Sanctitas
1055 1324 1107 1358 be-

208 1387 254 1410 ne
272 1377 453 1421 cognoscat
467 1401 475 1408 .
506 1376 596 1422 Qia
618 1377 708 1410 enim
725 1376 808 1410 reae
818 1378 849 1410 se
863 1386 960 1419 atque
976 1375 1108 1419 irrepre-

207 1424 414 1460 hensibiliter
427 1424 524 1460 habet
537 1450 549 1466 ‚
574 1426 660 1460 clare
682 1426 748 1470 ipsa
760 1426 855 1461 lessio
868 1426 982 1460 docet.
1012 1425 1109 1468 Adje-

208 1474 319 1511 cimus
332 1475 409 1510 vero
421 1476 455 1509 &
468 1476 649 1509 sanctorum
662 1475 865 1520 beatorumq3
878 1477 1014 1511 Patrum
1027 1475 1111 1509 testi-

209 1526 349 1567 monia,
375 1534 412 1560 ut
426 1524 506 1559 sciat
519 1525 713 1567 Adeuntes,
738 1525 909 1568 quomodo
943 1527 1110 1561 intellexe-

209 1577 282 1610 rint
295 1575 345 1610 illi
360 1575 439 1609 fidei
451 1575 649 1618 Symbolum
662 1600 673 1615 ,
700 1577 804 1619 qui&
816 1587 876 1610 nos
888 1578 974 1619 ipsos
985 1576 1112 1618 Myste-

210 1626 269 1660 riis
294 1625 503 1659 imbuerunt.
529 1626 636 1670 Igitur
646 1625 730 1659 olim
746 1636 812 1660 tam
828 1625 891 1660 hoc
905 1626 947 1660 ab
957 1625 1111 1660 omnibus

210 1677 301 1710 fatto
316 1699 328 1716 ,
354 1686 453 1717 quare
475 1686 543 1708 non
563 1675 669 1721 magis
692 1675 794 1720 &ipsi
807 1677 1020 1711 consentiunt
1033 1676 1049 1708 ἓ
1077 1675 1110 1710 Si

211 1726 304 1761 enim
329 1726 418 1769 quod
441 1725 596 1759 omnibus
619 1726 742 1769 placuit
765 1726 808 1761 ab
818 1727 977 1761 omnibus
995 1726 1110 1761 confir-

212 1784 323 1811 metur
335 1800 348 1816 ,
373 1775 539 1810 obtinebit
562 1775 705 1810 omnino
718 1788 780 1820 pax
794 1791 804 1811 :
832 1777 924 1811 Dum
938 1776 1080 1811 omnino
1091 1777 1108 1809 a

211 1825 309 1861 nullo
333 1826 366 1859 ei
390 1826 487 1860 fuerit
510 1827 750 1860 contradictum
774 1852 781 1858 .
807 1827 911 1870 Igitur
934 1827 991 1861 etsi
1013 1827 1111 1859 nimis

215 1876 330 1920 plura,
354 1875 390 1909 &
410 1875 506 1909 valde
529 1876 659 1919 pessima
678 1884 791 1910 contra
814 1887 875 1910 nos
899 1877 940 1910 ab
961 1877 1007 1910 eis
1031 1877 1111 1909 fasta

214 1926 293 1959 sunt
307 1948 319 1966 ‚
344 1924 500 1958 &omnis
511 1925 631 1969 species
642 1925 772 1961 adversa
788 1924 988 1960 humanitati
1011 1936 1114 1960 tenta-

214 1983 249 2010 ta
264 1974 334 2015 est,
361 1973 413 2007 sed
434 1975 673 2009 considerantes
693 1978 768 2020 quia
792 1977 891 2015 Deo,
915 1989 953 2011 ac
972 1977 1112 2019 piissimo

213 2025 394 2066 amicoque
414 2022 538 2058 Christi
563 2025 755 2068 Imperatori
765 2028 935 2067 placitum,
962 2027 1112 2068 &ipsum

215 2075 295 2110 vero
308 2073 399 2119 quod
419 2074 569 2109 Ecclesiis
604 2075 686 2108 utile
706 2075 752 2108 est
765 2098 776 2113 ‚
802 2076 907 2108 &tuae
929 2074 1113 2108 Sanffltatis

214 2124 466 2160 admonitiones
476 2125 569 2158 omni
582 2123 781 2159 Reverentia
804 2125 922 2169 dignas
937 2124 1111 2165 habentes,

215 2175 456 2218 consequenter
476 2185 514 2210 ut.
535 2174 687 2209 fratribus
713 2173 911 2209 dimittimus
923 2175 1038 2218 quaein
1052 2185 1113 2209 nos

215 2225 475 2260 commiserunt.

267 2273 358 2308 lllud
371 2284 481 2308 autem
504 2275 616 2318 potius
636 2274 826 2319 quaerimus,
859 2274 947 2320 quod
958 2274 1114 2310 omnibus

218 2324 350 2360 videtur
362 2322 445 2358 bene
456 2326 602 2369 resteque
614 2326 644 2358 se
657 2325 775 2359 habere
787 2350 794 2358 .
823 2325 1021 2369 Complacet
1038 2325 1115 2359 vero

218 2375 321 2409 etiam
342 2374 420 2408 Deo
444 2375 654 2408 Amiciffimo
674 2376 863 2418 Imperatori
885 2401 896 2416 ,
920 2385 957 2408 ut
980 2377 1115 2409 consen-

218 2426 307 2459 tiant
317 2423 514 2466 depositioni
527 2424 674 2457 Nestorii
687 2448 698 2464 ‚
724 2424 1037 2458 anathematizantes
1049 2423 1116 2464 ejus

220 2470 439 2516 blasphemias
459 2473 630 2515 &polluta
654 2474 842 2518 Dogmata.
871 2474 915 2508 Et
929 2473 1013 2508 nihil
1033 2475 1117 2508 ultra

220 2523 387 2558 residuum
411 2521 478 2563 est,
503 2531 541 2555 ut
560 2524 734 2557 contentio
755 2524 796 2557 de
810 2524 921 2557 medio
934 2524 1115 2557 auferatur.

220 2572 399 2615 Recipient
424 2572 513 2606 enim
541 2573 725 2614 semetipsas
763 2573 914 2606 Ecclesiae
948 2575 1116 2613 invicem,

220 2622 358 2658 Christo
382 2622 429 2656 eis
448 2622 595 2656 donante
618 2621 784 2664 praemium
808 2623 914 2665 pacis.
942 2623 1016 2657 Nec
1042 2624 1117 2658 vero

219 2672 413 2716 simpliciter
432 2672 565 2716 quidam
579 2671 796 2706 alienantium
819 2673 853 2706 δε
867 2672 1117 2707 inconsiderato-

222 2734 294 2758 rum
306 2733 421 2757 contra
430 2734 490 2756 nos
500 2732 654 2756 evomant
665 2721 759 2756 verba
772 2747 782 2763 ‚
796 2733 833 2757 ea
844 2735 916 2767 quae
928 2725 1002 2758 sunt
1015 2723 1116 2767 Apol-

222 2773 333 2808 linarii
356 2773 408 2806 vel
421 2773 516 2812 Arii,
543 2773 606 2805 sive
630 2772 808 2813 Eunomii,
836 2785 890 2807 me
908 2774 1015 2817 sapere
1026 2774 1117 2809 diffa-

222 2831 353 2858 mantes
364 2847 375 2863 ,
402 2824 482 2855 sicut
496 2822 530 2855 in
543 2820 674 2866 Epheso
685 2825 944 2867 conscripserunt
955 2850 962 2857 .
974 2824 1049 2869 Ego
1060 2836 1115 2868 per

223 2873 363 2920 gratiam
385 2872 561 2907 salvatoris
592 2873 714 2915 semper
734 2873 782 2907 fui
816 2874 850 2907 &
872 2874 1115 2915 Orthodoxus,

224 2924 371 2959 nutritus
383 2922 458 2957 vero
480 2924 550 2956 sum
571 2923 699 2956 &inter
710 2934 825 2958 manus
838 2924 1113 2959 Orthodoxorum

224 2974 383 3011 Panum,
409 2974 444 3007 ὅ(
467 2973 640 3015 nequeilla
651 2984 722 3017 quae
732 2975 1010 3018 suntApollinarii
1025 2977 1112 3018 sapui

226 3034 393 3066 unquam:
422 3023 531 3057 Absit.
560 3023 634 3056 Nec
654 3034 691 3058 ea
711 3025 920 3067 quaealtetius
942 3026 1114 3069 cujuslibet

226 3071 371 3108 haeretici
386 3097 394 3105 .
424 3071 531 3106 Immo
544 3072 620 3106 vero
633 3073 871 3110 anathematizo
895 3076 987 3110 illos.

280 3122 399 3166 Neque
410 3123 499 3156 enim
512 3123 729 3159 inanimatum
742 3124 818 3160 dico
832 3125 953 3161 Christi
965 3127 1112 3171 Corpus.

229 3172 405 3207 Confiteor
426 3171 524 3210 vero,
548 3174 636 3215 quod
656 3176 836 3210 animatum
850 3177 887 3211 fit
899 3179 1008 3212 anima
1019 3178 1114 3211 ratio-

230 3223 316 3257 nali.
342 3222 385 3256 Et
408 3233 514 3266 neque
538 3224 782 3267 confusionem,
809 3227 859 3260 vel
879 3229 1115 3262 confermenta-

230 3274 381 3312 tionem,
408 3273 459 3305 vel
485 3273 679 3308 refusionem
699 3276 814 3310 fastam
826 3277 1009 3318 confirmo,
1036 3279 1115 3311 ficut

229 3324 334 3367 aliqui
354 3323 489 3365 dicunt;
516 3323 802 3360 inconvertibilem
824 3328 901 3361 vero
922 3329 1118 3362 &immuta-

232 3373 338 3412 bilem
359 3372 519 3407 subsistere
543 3373 722 3411 secundum
745 3385 894 3412 naturam
906 3378 972 3414 Dei
992 3380 1117 3414 Sermo-

332 3422 438 3463 Christ.
453 3426 534 3468 Lupi
546 3429 646 3468 Opera
657 3428 768 3460 1:711.

1892 193 1981 240 181

1161 281 1235 304 nem
1248 269 1349 310 novi,
1374 269 1528 304 &omnis
1541 270 1694 312 paffionis
1715 271 1986 318 insusceptibilem
2001 276 2046 310 se-

1160 321 1305 355 cundum
1318 321 1481 364 propriam
1492 329 1641 354 naturam
1657 346 1663 352 .
1692 320 1886 364 Impasfibile
1898 326 1987 359 enim
1998 325 2044 360 est

1161 372 1248 414 quod
1262 370 1423 404 Divinum
1443 370 1509 412 est,
1536 370 1804 405 &conversionis
1826 372 2047 410 obumbratio·

1162 433 1237 455 nem
1259 420 1396 455 minime
1416 421 1541 456 suffert.
1570 420 1664 468 Qin
1688 420 1799 464 potius
1819 424 1987 464 requiescit
2009 426 2045 458 in

1162 472 1299 515 propriis
1310 471 1422 506 bonis.
1450 472 1532 506 Haec
1554 470 1650 505 habet
1674 471 1751 505 vero
1773 472 2021 507 inconvertibile
2035 497 2047 513 ,

1162 522 1195 554 in
1218 522 1335 566 quibus
1359 523 1402 556 est
1423 524 1490 564 ejus
1512 521 1685 557 existentia
1709 547 1716 554 .
1746 522 1871 557 Unum
1885 521 1962 555 vero
1972 533 2049 556 eun-

1161 572 1235 604 dem
1250 571 1416 606 Christum
1428 573 1461 606 &
1471 573 1659 607 Dominum
1673 572 1907 618 Unigenitum
1919 573 1984 605 Dei
1998 573 2050 605 Fi-

1161 621 1242 656 lium
1254 646 1264 662 ‚
1291 622 1394 664 ipsum
1415 623 1492 657 dico
1505 624 1626 667 passum
1654 634 1713 667 pro
1726 622 1825 657 nobis
1832 633 1929 657 carne
1941 623 2053 656 secun-

1160 670 1240 704 dum
1260 671 1456 714 Scripturas,
1483 674 1547 708 five
1565 672 1745 708 secundum
1769 673 1860 709 Beati
1886 671 1976 706 Petri
2000 683 2054 706 vo-

1161 732 1250 755 cem.

1212 769 1445 813 Capitulorum
1466 773 1545 807 vero
1568 774 1668 810 virtus
1689 783 1804 810 contra
1834 772 2055 809 solaNestorii

1162 821 1334 866 Dogmata
1345 820 1460 864 scripta
1471 822 1516 855 est
1528 848 1536 854 .
1565 825 1647 870 Qae
1659 827 1750 860 enim
1766 825 1822 859 ille
1833 835 1902 859 non
1914 824 1999 858 reste
2008 823 2059 857 di-

1161 872 1212 904 xit
1232 883 1270 905 ac
1293 871 1435 915 scripsit,
1466 871 1533 916 ipsa
1555 872 1691 915 ejiciunt
1704 901 1712 908 .
1739 874 1811 922 Qi
1831 874 1910 910 vero
1923 872 2058 909 anathe-

1163 921 1320 956 matizant
1346 931 1444 964 atque
1456 932 1581 967 negant
1601 921 1669 965 ejus
1684 926 1864 967 vesaniam,
1891 924 2059 960 cessabunt

1166 971 1234 1006 haec
1246 996 1258 1012 ,
1283 982 1353 1014 quae
1375 972 1393 1004 ὲ
1409 971 1508 1006 nobis
1527 974 1643 1016 scripta
1659 974 1735 1006 sunt
1747 996 1759 1013 ,
1785 976 1950 1018 increpare
1962 988 1973 1008 .-
1999 974 2060 1008 Vi-

1165 1022 1292 1057 debunt
1311 1024 1404 1056 enim
1416 1021 1647 1066 Capitulorum
1671 1023 1770 1057 Sensa
1795 1023 1870 1056 solis
1884 1025 1970 1059 illius
1982 1035 2062 1059 con-

1168 1074 1264 1107 traire
1277 1070 1490 1116 blasphemiis
1501 1097 1508 1104 .
1538 1072 1685 1106 Reddita
1709 1073 1787 1106 vero
1800 1076 2038 1108 communione
2051 1097 2062 1113 ,

1167 1123 1313 1167 factaque
1340 1123 1425 1156 inter
1438 1122 1597 1158 Ecclesias
1618 1133 1715 1166 pace,
1744 1120 1879 1167 quando
1891 1123 2063 1156 rescribere

1169 1174 1291 1218 absque
1313 1173 1516 1216 suspectione
1537 1173 1687 1213 licuerit,
1717 1169 1769 1207 vel
1779 1173 1825 1207 eis
1836 1173 1893 1215 qui
1907 1172 1975 1206 illic
1988 1173 2061 1206 sunt

1169 1224 1210 1257 ad
1224 1234 1284 1257 nos
1300 1248 1311 1264 ‚
1337 1223 1389 1257 vel
1401 1223 1500 1257 nobis
1511 1222 1617 1258 rursus
1641 1221 1681 1256 ad
1693 1234 1767 1263 eos,
1794 1233 1874 1257 tunc
1896 1223 1931 1257 ὅ(
1944 1223 2063 1257 satisfa-

1171 1274 1294 1307 ciemus
1321 1272 1499 1308 facillime.
1526 1275 1752 1322 Qaecumque
1771 1274 1915 1308 omnino
1926 1284 2063 1311 eorum,

1171 1323 1268 1369 quaea
1284 1321 1380 1356 nobis
1392 1323 1508 1368 scripta
1523 1325 1621 1364 sunt,
1647 1324 1732 1358 reste
1753 1335 1822 1358 non
1834 1324 2066 1368 intelliguntur

1169 1375 1188 1407 a
1203 1373 1406 1416 quibusdam
1417 1399 1429 1415 ,
1457 1374 1491 1409 &
1504 1373 1572 1409 haec
1585 1374 1894 1410 excandidabuntur
1904 1400 1911 1407 .
1940 1374 2072 1409 Satisfa-

1171 1424 1296 1459 ciemus
1320 1424 1410 1458 enim
1425 1449 1436 1465 ,
1464 1425 1542 1460 Deo
1553 1426 1702 1466 favente,
1729 1436 1798 1461 non
1810 1425 1875 1469 jam
1884 1424 1964 1459 sicut
1977 1435 2071 1467 repu-

1173 1473 1352 1520 gnantibus
1362 1499 1374 1515 ‚
1401 1474 1455 1510 sed
1468 1476 1548 1509 sicut
1562 1473 1747 1515 Fratribus,
1774 1477 1851 1519 quia
1862 1476 1975 1509 omnia
1988 1473 2070 1508 reste

1175 1524 1318 1559 habeant
1331 1548 1339 1557 .
1368 1525 1412 1559 Et
1426 1537 1540 1560 eorum
1553 1550 1564 1567 ‚
1576 1537 1646 1570 quae
1658 1526 1836 1569 scripsimus
1847 1536 1910 1560 nos
1920 1550 1929 1565 ‚
1953 1525 2074 1559 Nesto·

1173 1577 1213 1609 rii
1224 1575 1394 1619 Dogmata
1406 1575 1638 1621 impugnantes
1652 1600 1663 1616 ,
1674 1574 1758 1609 nihil
1768 1575 1814 1609 est
1827 1573 1969 1609 omnino
1981 1570 2070 1617 quod

1174 1626 1316 1659 dissonet
1329 1626 1379 1659 vel
1398 1626 1524 1659 sanctis
1537 1625 1709 1668 Scripturis
1726 1649 1737 1664 ,
1765 1625 1815 1658 vel
1829 1626 1916 1658 certe
1926 1624 2004 1657 fidei
2020 1623 2074 1656 de-

1174 1675 1321 1709 finitioni
1346 1700 1357 1716 ‚
1383 1685 1452 1717 quae
1476 1675 1622 1718 exposita
1650 1674 1696 1707 est
1718 1675 1737 1708 a
1760 1675 1881 1708 sanctis
1901 1673 2072 1707 Patribus.

1175 1727 1265 1761 Dico
1278 1733 1388 1759 autem
1406 1726 1471 1759 illis
1483 1749 1494 1766 ,
1520 1725 1578 1769 qui
1590 1726 1626 1759 in
1639 1723 1753 1760 Nicaea
1766 1725 1825 1759 suo
1836 1735 1983 1769 tempore
1995 1735 2074 1758 conv

1179 1775 1310 1821 gregati
1332 1777 1424 1809 sunt.

1225 1825 1346 1859 Nostra
1359 1827 1460 1869 igitur
1472 1825 1615 1859 intentio
1632 1823 1672 1858 ad
1683 1836 1797 1869 pacem
1812 1827 1843 1859 se
1856 1823 1975 1866 habet,
2004 1836 2073 1858 non

1179 1876 1333 1917 impetere
1348 1885 1418 1918 quae
1434 1876 1510 1908 sunt
1522 1874 1657 1909 definita
1672 1900 1680 1908 .
1710 1875 1760 1909 Ita
1776 1876 1926 1910 videlicet
1938 1900 1948 1916 ‚
1976 1875 1996 1908 fi
2009 1874 2077 1907 Ne-

1175 1925 1267 1958 storii
1290 1925 1490 1968 depositioni
1513 1926 1698 1959 consentire
1720 1925 1885 1960 voluerint
1909 1950 1920 1966 ‚
1947 1926 1981 1959 &
2001 1936 2075 1958 ana-

1176 1974 1385 2009 thematizare
1399 1975 1625 2009 contaminata
1637 1975 1808 2019 Dogmata
1819 1976 1889 2018 ejus
1901 2000 1911 2014 ,
1939 1976 1973 2008 &
1984 1986 2077 2008 com-

1176 2025 1345 2058 municare
1356 2050 1366 2064 ,
1392 2025 1427 2057 ὅ(
1442 2025 1482 2058 ad
1494 2024 1708 2058 concordiam
1724 2026 1831 2058 venire
1844 2049 1855 2065 ,
1880 2023 2016 2058 Christo
2027 2025 2076 2068 ju-

1176 2082 1271 2107 vante
1283 2074 1321 2107 ad
1335 2073 1423 2107 idern
1434 2099 1444 2114 ‚
1471 2074 1527 2116 qui
1539 2073 1583 2106 est
1597 2086 1658 2116 pax
1672 2074 1780 2109 nostra
1803 2075 1978 2109 secundum
1993 2075 2077 2110 Scri-

1178 2134 1303 2168 pturas.
1333 2123 1390 2156 Eis
1413 2124 1490 2159 vero
1506 2123 1563 2167 qui
1590 2124 1730 2165 dicunt,
1756 2126 1833 2168 quia
1859 2135 1990 2169 oportet
2002 2125 2078 2168 ejici

1174 2186 1212 2209 ea
1224 2198 1235 2214 ,
1261 2185 1332 2216 quae
1342 2183 1456 2207 contra
1474 2174 1600 2217 polluta
1612 2174 1759 2208 Nestorii
1779 2177 1949 2220 Dogmata
1960 2176 2078 2219 scripsi-

1175 2235 1249 2258 mus
1261 2249 1271 2263 ,
1299 2223 1408 2256 nullus
1421 2224 1601 2265 acquiescet
1615 2248 1622 2254 .
1651 2222 1862 2266 Apertiffime
1886 2226 1976 2259 enim
1994 2226 2077 2258 elin-

1175 2284 1254 2318 gues
1277 2283 1337 2306 nos
1356 2274 1419 2306 esse
1444 2268 1562 2306 volunt
1590 2273 1679 2307 illius
1695 2273 1921 2318 blasphemiis,
1947 2277 2078 2309 cuncto-

1176 2333 1250 2357 rum
1261 2322 1484 2357 nundinantes
1499 2323 1759 2358 taciturnitatem
1771 2349 1778 2356 .
1806 2324 1877 2359 Aut
1891 2325 1997 2358 forsan
2011 2336 2078 2359 ma-

1178 2374 1227 2418 gis
1250 2374 1283 2406 &
1297 2384 1357 2406 nos
1371 2373 1607 2416 persuadendos
1620 2383 1773 2417 reputant
1785 2398 1796 2414 ,
1824 2384 1861 2408 ut
1872 2387 1908 2409 ea
1921 2387 1989 2418 quae
2000 2376 2077 2409 sunt

1178 2423 1267 2457 illius
1289 2423 1471 2465 sapiamus,
1500 2424 1522 2455 fi
1545 2434 1615 2466 quae
1638 2424 1745 2457 nostra
1766 2426 1840 2458 sunt
1854 2424 2077 2468 abnegemus,

1179 2472 1263 2507 reste
1274 2474 1304 2506 se
1316 2483 1414 2515 atque
1437 2473 1648 2508 immaculate
1669 2472 1818 2509 habentia
1831 2496 1842 2513 ,
1866 2475 2023 2509 &contra
2037 2475 2076 2510 il-

1181 2523 1244 2556 lius
1270 2533 1388 2556 vocum
1408 2524 1573 2558 novitates
1585 2524 1701 2559 stantia
1715 2550 1722 2558 .

1232 2572 1264 2606 Si
1277 2572 1353 2607 vero
1366 2572 1499 2606 illorum
1515 2597 1525 2612 ‚
1536 2575 1593 2616 qui
1608 2574 1675 2608 illic
1688 2577 1761 2610 sunt
1774 2598 1784 2615 ‚
1810 2576 1944 2620 quidam
1955 2578 2074 2613 secun·-

1181 2621 1260 2657 dum
1280 2622 1370 2666 quod
1395 2623 1441 2656 eis
1453 2623 1603 2664 videtur,
1629 2624 1804 2661 detrahunt
1817 2628 2003 2672 aliquibus,
2030 2628 2072 2664 ad

1181 2685 1217 2708 ea
1228 2685 1299 2717 quae
1312 2684 1372 2707 nec
1383 2674 1542 2708 convenit
1554 2676 1803 2710 transvertentes
1818 2679 1923 2711 sensus
1935 2690 2048 2713 eorum
2058 2703 2071 2720 ‚

1181 2724 1283 2757 sciant
1306 2725 1381 2767 quia
1396 2732 1504 2767 praeter
1514 2736 1630 2759 omnes
1643 2750 1654 2767 ‚
1681 2727 1737 2770 qui
1752 2727 1788 2760 in
1802 2737 1877 2762 toto
1887 2728 1965 2763 orbe
1975 2730 2049 2763 sunt
2061 2754 2074 2770 ,

1183 2773 1518 2818 solihiperpetrantes
1543 2776 1687 2819 sapiunt.
1717 2777 1962 2812 Consenserunt
1981 2779 2071 2813 enim

1181 2824 1233 2858 his
1254 2836 1325 2867 quae
1346 2825 1363 2858 a
1386 2825 1480 2860 nobis
1503 2826 1584 2860 fasta
1610 2828 1688 2860 sunt*
1706 2852 1717 2867 ,
1744 2836 1839 2871 atque
1862 2829 2071 2863 consentiunt

1180 2875 1339 2914 universi,
1367 2875 1493 2910 &reete
1511 2877 1542 2911 se
1566 2876 1782 2917 habentibus,
1810 2878 1844 2911 ὃ(
1868 2878 1960 2912 dictis
1980 2902 1991 2918 ,
2012 2880 2069 2920 qui

1181 2924 1265 2959 certe
1278 2925 1411 2959 subtiles
1435 2927 1683 2970 perscrutatores
1704 2927 1994 2971 suntDogmatum
2009 2929 2072 2962 Di-

1183 2976 1336 3010 vinorum
1347 3001 1354 3008 .
1384 2976 1428 3011 Et
1439 2977 1522 3011 illud
1535 2989 1642 3012 autem
1656 2979 1746 3020 super
1767 2976 1834 3011 haec
1849 2990 1903 3012 tua
1917 2977 2069 3023 Religio-

1181 3026 1252 3060 sitas
1272 3027 1396 3070 cogitet
1415 3050 1426 3066 ,
1451 3028 1528 3071 quia
1551 3036 1680 3070 oportet
1706 3026 1751 3060 ita
1774 3030 1932 3071 componi
1953 3040 2064 3071 pacem

1180 3077 1256 3111 Deo
1275 3077 1556 3112 Amiciffimorum
1577 3078 1835 3121 Episcoporum‚
1863 3088 1899 3112 ut
1924 3090 1991 3113 non
2005 3079 2065 3113 ulli

1182 3127 1349 3170 displiceat
1369 3139 1482 3162 eorum
1496 3152 1507 3167 ‚
1532 3129 1589 3170 qui
1614 3138 1668 3170 per
1688 3138 1823 3162 omnem
1836 3128 2066 3163 Romanorum

1179 3178 1251 3212 sunt
1265 3177 1505 3222 Principatum.
1534 3178 1578 3211 Et
1589 3177 1775 3212 universalis
1795 3179 1852 3213 fiat
1863 3193 1875 3213 .-
1903 3179 1958 3213 Ne
1972 3180 2067 3213 mini-

1183 3239 1234 3261 ma
1248 3229 1535 3273 sciffuraingentes
1556 3227 1659 3271 plures
1669 3227 1747 3262 alias
1767 3229 1866 3263 faciat
1879 3253 1887 3261 .
1914 3228 2067 3264 Omnino

1182 3278 1271 3312 enim
1293 3289 1362 3312 non
1385 3280 1616 3318 consentient,
1642 3279 1663 3312 si
1686 3279 1751 3312 tale
1767 3279 1891 3322 aliquid
1915 3280 2071 3314 fueritfa·

1183 3329 1287 3367 dium,
1314 3329 1403 3373 quod
1426 3339 1495 3362 non
1517 3329 1652 3372 sequens
1669 3327 1832 3367 videatur.
1859 3330 1904 3367 Et
1925 3326 2066 3364 maxime

1184 3376 1246 3412 hoc
1255 3380 1395 3424 cogitari
1419 3388 1550 3424 oportet
1562 3404 1570 3413 .

1684 3431 1744 3478 Q
1930 3428 2019 3463 Cun-
