2320 3730
388 193 410 227 ἴ
426 188 487 237 56

314 265 366 300 vel
379 264 546 307 modicam
556 262 770 302 *serenitatem
787 265 891 300 donet
913 262 1079 299 Ecclefiis.

670 210 672 214 .
729 178 1064 226 Vaaroaun
1099 176 1344 222 Parnon
1379 176 1708 242 Enrsrrem,

1107 262 1192 309 Qae
1249 260 1343 295 daret
1353 261 1440 296 ludos
1453 288 1461 295 .
1488 264 1617 308 Nempe
1626 267 1676 301 uti
1687 264 1825 309 Laicus,
1847 262 1984 305 &nulla
1993 267 2124 309 rationi

313 313 392 348 vero
411 315 445 358 ὃς
462 324 576 354 contra
616 315 693 350 Deo
719 316 963 351 Amiciffimum
989 312 1188 357 Episcopum
1251 311 1450 357 Episcopus.
1479 313 1524 347 Et
1544 315 1656 348 omnis
1677 314 1887 358 Thyanenfis
1906 318 2052 364 Populus
2071 333 2123 356 ac·

310 364 523 405 Dorotheum
573 365 932 409 Martianopolitanum
980 371 1188 400 tentaverunt

308 414 495 451 Adversarii
509 416 655 451 veritatis
667 416 793 449 efficere
803 438 815 455 ,
841 415 875 449 δε
886 427 927 450 ex
946 415 955 446 i
960 411 1017 456 pfis
1030 417 1185 457 agnosces

308 464 480 507 Domine,
507 479 577 510 quae
596 466 638 499 ab
656 476 696 500 eo
716 463 756 499 ad
779 465 970 499 Amatorem
984 460 1104 498 Christi
1124 465 1187 502 Re·

306 515 369 559 giae
379 516 489 551 Urbis
512 516 676 559 Populum
705 527 761 560 per
784 514 964 559 Epistolam
987 511 1070 549 dicta
1091 516 1183 555 sunt,

305 565 418 609 Hujus
437 567 527 601 enim
542 566 586 599 rei
600 566 703 611 gratia
715 590 727 606 ‚
748 564 844 599 nobis
864 562 906 596 ab
917 564 989 597 aliis
1003 562 1160 602 dii-edium
1173 593 1185 609 ,

303 617 470 660 exemplar
483 616 661 661 earundem
678 615 859 661 litterarum
883 622 946 649 ture
954 616 1125 660 Sanstirati
1137 619 1186 654 di·

303 676 396 709 text.-

485 820 979 874 Scnozron.

295 962 457 1049 Hoc
471 965 781 1011 Hypomnysticum
792 967 838 1002 est
850 970 970 1004 factum
982 970 1015 1006 &
1025 972 1177 1016 scriptum

296 1050 301 1055 ,
429 1014 505 1050 ante
540 1018 667 1051 unitam
698 1019 846 1054 Eccleliae
867 1017 986 1055 Pacem
1005 1047 1013 1054 .
1056 1021 1179 1056 Euthe-

291 1065 359 1103 rius
371 1064 579 1108 Thyanenfis
592 1066 771 1113 Episcopus
781 1078 849 1104 erat
863 1081 948 1104 unus
959 1071 1090 1105 illorum
1104 1071 1180 1114 Epi-

290 1114 464 1158 scoporum
484 1139 495 1155 ,
523 1127 607 1159 quos
630 1118 859 1162 degradaverat
879 1119 1049 1163 Ephefina
1073 1120 1180 1163 Syno-

288 1163 350 1198 dus
372 1189 382 1205 ,
408 1166 441 1199 ὃς
464 1175 547 1209 quos
572 1165 775 1202 Maximiani
805 1168 1175 1214 Constantinopolitani

287 1213 458 1249 Antistitis
470 1214 665 1250 Concilium
686 1218 869 1253 decreverat
891 1220 957 1253 suis
968 1218 1120 1255 Thronis
1141 1222 1174 1256 δε

285 1265 476 1299 civitatibus
507 1265 728 1303 exturbandos
751 1295 758 1302 .
801 1268 896 1303 Hinc
917 1270 1047 1305 Firmus
1071 1271 1175 1306 Caesa-

282 1316 405 1351 raeenfis
419 1316 600 1360 Episcopus
614 1342 624 1358 ,
651 1320 762 1362 primae
772 1319 990 1363 Cappadociae
1003 1321 1172 1365 Metropo-

282 1364 342 1399 lita
355 1389 365 1406 ‚
393 1365 542 1401 Ponticae
555 1367 744 1404 Dioeceseos
758 1369 930 1405 Exarchus
942 1395 954 1412 ‚
965 1371 1173 1407 zelofiffimus

282 1415 392 1448 Sancti
417 1417 542 1458 Cyrilli
561 1417 692 1459 adjutor
718 1420 753 1453 in
767 1419 927 1463 Ephesina
949 1420 1088 1463 Synodo
1103 1446 1114 1462 ‚
1138 1421 1172 1455 ὃς

281 1463 318 1496 in
332 1463 392 1498 ista
404 1465 775 1511 Constantinopolitana
800 1469 945 1505 Affeffor
964 1471 1170 1514 praefatiMa-

281 1514 424 1549 ximiani
440 1539 451 1555 ,
477 1527 553 1550 cum
586 1529 710 1554 armata
735 1531 837 1554 manu
857 1520 949 1556 venit
961 1519 1170 1565 Thy-anam,

281 1563 384 1599 alium
407 1566 607 1601 consecravit
630 1568 831 1613 Episcopum
857 1594 868 1610 ,
894 1571 929 1605 ὅ(
953 1581 1091 1606 conatus
1122 1571 1168 1606 est

280 1613 691 1658 constantinopolitanam
728 1620 926 1654 sententiam
951 1622 1070 1666 exequi
1092 1644 1104 1661 ,
1135 1622 1169 1655 &

281 1663 401 1707 ejicere
411 1663 606 1710 Eutherium
620 1692 627 1699 .
656 1667 705 1701 At
716 1666 806 1706 hunc
817 1669 944 1713 adjuvit
957 1671 1168 1714 Thyanenfis

279 1712 447 1758 Populus,
466 1727 525 1750 nec
540 1728 608 1751 non
621 1718 654 1752 δε
670 1717 814 1755 Comitis
827 1719 979 1766 Longras
988 1721 1166 1757 Isauricum
1193 1733 1196 1741 ¹

276 1765 467 1807 auxilium,
493 1775 590 1810 atque
610 1764 655 1803 ita
679 1768 786 1811 ipsum
811 1770 962 1809 Firmum
983 1783 1059 1806 cum
1073 1773 1166 1806 omni

277 1815 334 1852 sua
349 1825 458 1849 turma
481 1815 597 1858 ejecit.
626 1815 679 1849 Ex
690 1827 758 1860 quo
784 1818 955 1853 lucethaec
964 1820 1041 1854 ante
1053 1832 1166 1864 pacem

275 1866 451 1910 contigisse
461 1890 468 1897 .
498 1864 569 1899 Pax
579 1865 670 1899 enim
682 1867 747 1901 fuit
761 1868 901 1913 sigillata
923 1870 958 1903 ὃς
970 1870 1096 1905 firmata
1110 1883 1165 1915 per

275 1916 379 1949 sacras
403 1914 557 1958 Juffiones
574 1914 741 1959 Principis
760 1942 771 1958 ,
798 1918 944 1962 ideoque
965 1931 1026 1958 nec
1050 1920 1167 1964 Thya-

274 1965 383 1998 nensis
395 1963 543 2008 Populus
556 1988 567 2004 ‚
594 1976 655 1998 nec
677 1963 847 2009 praesertim
873 1968 999 2004 Comes
1015 1970 1167 2015 Longras

275 2014 516 2058 praesumpfiffet
530 2013 563 2047 in
577 2014 676 2058 ipsam
691 2015 889 2060 impingere.
918 2017 1024 2050 Porro
1035 2019 1165 2052 Firmus

275 2064 320 2100 ad
343 2063 430 2098 hanc
451 2064 658 2098 occasionem
703 2065 766 2098 fuit
790 2076 859 2099 non
881 2076 996 2108 parum
1016 2067 1163 2111 gavisus.

276 2114 414 2149 Etenim
436 2113 652 2157 spectantium
676 2114 718 2148 ad
742 2115 847 2158 ipsum
869 2116 1163 2160 Metropolitarum

276 2164 559 2199 consecrationem
575 2162 943 2208 Constantinopolitani
966 2166 1164 2202 Patriarchae

276 2214 342 2257 jam
357 2223 521 2258 coeperant
545 2213 699 2248 invadere
714 2226 727 2249 .·
751 2214 829 2249 Hac
844 2216 1015 2251 occasione
1025 2217 1162 2261 speravit

276 2264 336 2299 fibi
363 2277 401 2299 ac
414 2265 477 2298 suae
487 2262 564 2298 sedi
584 2274 731 2307 reparare
753 2265 807 2299 sua
819 2265 1019 2311 privilegia.
1048 2266 1162 2302 Theo-

277 2314 377 2349 dorus
388 2314 564 2348 Balsamon
586 2314 621 2347 in
633 2312 770 2349 Scholio
793 2313 833 2348 ad
846 2316 974 2350 sextum
997 2315 1165 2351 Sardicen-

278 2366 346 2399 sem
358 2388 369 2404 ‚
392 2365 427 2399 ὅ(
440 2367 473 2398 in
484 2362 621 2400 Scholio
632 2364 672 2398 ad
687 2364 868 2398 secundum
881 2365 1164 2410 Constantinopo-

280 2414 443 2455 liranum,
469 2414 548 2448 &in
570 2412 709 2448 Scholio
729 2413 770 2447 ad
794 2414 988 2458 vigesimum
1011 2417 1162 2450 o&avum

279 2463 588 2499 Chalcedonensem
600 2463 774 2498 Canonem
784 2463 923 2498 affirmat
943 2464 1042 2499 trium
1057 2464 1165 2501 Auto-

280 2514 492 2558 cephalarum
502 2514 701 2548 Dioeceseon
714 2513 951 2556 Metropolitas
974 2513 1050 2548 ante
1071 2514 1162 2551 hunc

280 2564 492 2609 posteriorem
514 2563 690 2598 Canonem
716 2562 811 2597 fixisse
837 2564 1044 2598 consecratos
1062 2565 1081 2598 ὲ
1101 2567 1165 2601 suis

280 2614 426 2658 Synodis
440 2638 447 2645 .
474 2612 619 2646 Videtur
638 2610 722 2645 labi.
751 2610 918 2647 Videntur
939 2613 1033 2647 fuiffe
1053 2617 1164 2650 conse-

281 2665 363 2698 crati
374 2662 394 2696 a
406 2662 470 2696 suis
483 2659 661 2695 Exarchis.
687 2660 778 2695 Nam
791 2660 856 2697 hoc
868 2662 1002 2696 istorum
1013 2662 1063 2706 jus
1076 2665 1161 2700 inva-

282 2711 323 2749 fit
336 2713 452 2758 Regiae
476 2709 617 2745 civitatis
628 2711 830 2755 Episcopus,
856 2712 957 2758 &per
977 2713 1060 2748 istud
1076 2715 1164 2750 ince-

284 2763 336 2809 pit
356 2763 388 2798 se
400 2762 561 2797 ostentare
573 2760 796 2796 Patriarcham
808 2786 816 2794 .

335 2812 404 2847 Hic
424 2811 527 2846 Firmi
551 2822 609 2855 pro
636 2810 797 2855 Ephefina
824 2813 962 2856 synodo
993 2816 1079 2850 zelus
1100 2816 1164 2852 fuit

285 2861 429 2900 omnino
454 2861 636 2897 laudandus
667 2885 674 2893 .
716 2860 872 2896 Attamen
896 2863 958 2897 fuit
976 2866 1041 2900 fine
1078 2867 1162 2902 sale.

286 2914 421 2948 Etenim
431 2921 545 2947 eontra
557 2911 757 2947 Sardicenses
768 2912 922 2946 Canones
929 2925 967 2948 ac
987 2917 1089 2950 totius
1103 2917 1165 2950 Ca-

287 2962 421 3000 tholicae
434 2962 584 2999 Ecclefiae
594 2955 865 2997 consuetudinem
888 2964 1051 3000 ordinavit
1060 2964 1165 3000 homi-

288 3025 365 3048 nem
386 3012 620 3057 neophytum,
646 3013 681 3047 dc
710 3012 851 3047 invitum
875 3037 883 3046 .
911 3012 954 3047 Et
976 3013 1055 3049 hinc
1078 3016 1165 3051 lucet

275 3063 420 3098 -homini
446 3063 539 3108 plene
563 3063 671 3098 invito
685 3075 723 3097 ac
735 3062 895 3097 voluntati
907 3065 1104 3109 repugnanti
1116 3066 1163 3100 in-

291 3112 403 3155 jectam
425 3114 720 3148 Consecrationem
740 3115 804 3148 effe
825 3113 952 3156 penitus
974 3126 1108 3150 vacuam
1130 3116 1165 3150 δε

292 3163 417 3195 nullam
429 3187 436 3194 .
466 3163 600 3198 Etenim
619 3161 674 3198 hic
695 3175 799 3198 novus
810 3162 1021 3206 Thyanenlis
1033 3165 1166 3209 Episco-

293 3221 373 3254 pus,
399 3211 476 3244 dum
489 3214 521 3246 se
534 3212 620 3246 vidit
639 3213 772 3249 civitate
792 3212 989 3256 ejiciendum
1004 3238 1015 3254 ,
1041 3222 1167 3259 negavit

294 3262 519 3294 ominationem
535 3260 623 3303 suam
633 3263 733 3296 dicens
743 3287 755 3303 ‚
780 3265 816 3298 (θ’
827 3271 928 3297 contra
937 3266 1123 3300 voluntatem
1131 3265 1165 3309 se

295 3311 465 3345 ordinatum
474 3352 476 3354 Ι
476 3309 566 3351 fuiffe
579 3333 591 3351 ‚
614 3312 649 3344 &
669 3322 727 3345 non
748 3314 917 3358 acquievtffe
938 3337 950 3353 ‚
974 3319 1020 3348 ita
1041 3325 1074 3349 ut
1097 3329 1166 3351 mox

295 3361 432 3397 indueret
452 3360 609 3401 clamem
619 3383 634 3404 ‚
656 3362 733 3396 &in
747 3363 912 3399 Theatrum
926 3366 1043 3401 vadens
1064 3366 1168 3411 exspe-

1248 363 1372 405 quievit
1383 388 1390 395 .
1418 363 1500 398 Non
1511 362 1607 407 ejecit
1619 361 1789 400 hominem
1799 388 1811 405 ‚
1820 367 1874 402 sed
1883 369 2025 413 permifit
2035 370 2124 406 ades-

1247 413 1279 451 se
1289 413 1482 456 spectaculis.
1508 413 1544 447 N
1545 425 1597 449 em
1601 412 1641 458 pe
1650 423 1744 454 norat
1753 413 1936 454 istiusmodi
1948 420 2122 465 impreffio-

1247 473 1323 497 nem
1345 465 1409 498 effe
1421 463 1520 499 inane
1533 463 1761 500 Attentatum.
1788 465 1946 502 Notanda
1963 472 2040 506 sunt
2055 483 2122 507 ver·

1247 512 1286 547 ba
1298 528 1309 548 .·
1333 517 1445 548 Dicens
1466 523 1570 549 contra
1592 517 1777 550 voluntatem
1785 514 1818 559 se
1831 516 1920 561 ficffe
1928 519 2097 555 ordinatum
2108 545 2122 563 ,

1244 564 1278 597 Θ
1287 574 1345 596 non
1354 564 1527 611 acquieviffe
1537 591 1544 598 .
1572 565 1750 602 Affirmant
1764 577 1825 601 nos
1835 591 1848 609 ‚
1874 567 1951 602 licet
1962 569 2122 604 invitior-

1245 614 1396 648 dinemur
1409 639 1421 656 ,
1446 616 1481 650 in
1504 616 1743 660 suscipiendam
1754 641 1766 658 ‚
1795 626 1833 652 ut
1853 618 1964 653 valida
1973 619 2011 653 fit
2021 643 2033 660 ‚
2059 621 2121 655 Or-

1246 664 1454 700 dinationem
1477 666 1596 702 debere
1607 668 1739 702 tandem
1751 667 1951 712 acquiescere
1962 692 1970 700 .
1996 667 2122 704 Lucida

1243 726 1281 749 ac
1294 715 1464 759 insigniter
1472 715 1538 752 hoc
1545 717 1642 753 docet
1653 719 1788 753 Sanctus
1798 717 2006 763 Augustinus
2022 718 2058 753 in
2070 719 2122 754 lit-

1244 765 1320 800 teris
1331 766 1371 800 ad
1385 767 1559 802 Donatum
1571 792 1584 809 ‚
1609 768 1643 801 in
1654 769 1782 803 Donati
1797 767 1976 804 Schismate
1984 768 2122 815 Presby-

1242 825 1346 850 terum
1360 840 1372 858 ‚
1399 817 1569 852 nolentem
1587 829 1643 862 per
1662 818 1807 862 poenales
1818 818 2048 854 Romanorum
2059 819 2122 853 Im-

1241 876 1423 909 peratorum
1443 868 1531 913 leges
1541 869 1620 913 cogi
1641 868 1682 902 ad
1694 869 1852 904 unitatem
1863 868 2048 904 Catholicae
2059 869 2123 904 Ec-

1240 916 1340 951 clesrae
1353 941 1364 958 ,
1391 929 1430 952 ac
1453 918 1684 962 sempiternam
1702 918 1839 954 salutem
1862 931 1870 951 :
1897 921 2026 954 Attende
2043 920 2125 963 quid
2143 921 2297 962 Epist-204.

1240 966 1386 1009 Apostolus
1411 969 1524 1002 dixerit
1543 993 1555 1010 ‚
1580 969 1653 1016 Qi
1678 969 1913 1013 Episcopatum
1940 969 2121 1012 desiderat,

1240 1016 1366 1052 bonum
1385 1030 1468 1062 opus
1489 1018 1665 1058 defiderat,
1689 1019 1837 1052 &tamen
1861 1027 1927 1052 tam
1947 1020 2036 1054 multa*
2046 1044 2059 1060 ‚
2084 1027 2122 1053 ut

1239 1066 1451 1110 Episcopatum
1456 1067 1621 1110 sus‘cipiant
1634 1092 1646 1108 ,
1657 1076 1797 1102 tenentur
1806 1073 1903 1102 inviti
1915 1093 1927 1109 ,
1950 1071 2118 1111 perducun-

1239 1124 1288 1148 tur
1312 1138 1324 1156 ‚
1346 1117 1540 1150 includuntur
1560 1140 1571 1156 ,
1597 1116 1817 1158 custodiuntur,
1837 1124 1999 1159 patiuntur
2026 1127 2119 1153 tanta

1239 1176 1306 1208 quae
1325 1166 1430 1199 nolunt
1442 1190 1454 1207 ‚
1481 1167 1570 1200 donec
1589 1170 1632 1205 eis
1655 1164 1730 1207 adfit
1752 1166 2011 1209 voluntasoperis·
2024 1169 2092 1203 bom·
2108 1194 2117 1204 .

1238 1216 1350 1250 Palam
1373 1216 1512 1250 affirmat
1536 1217 1623 1260 ipsos
1645 1227 1714 1250 nou
1736 1217 1937 1259 consecrari,
1964 1218 2024 1252 uili
2043 1217 2119 1252 talis

1239 1266 1390 1300 voluntas
1400 1267 1471 1310 ipsis
1491 1277 1588 1301 antea
1599 1275 1849 1310 extorqueatur.
1881 1267 1926 1302 Et
1937 1267 1982 1302 ita
1993 1269 2116 1304 facium

1239 1315 1302 1350 fuit
1326 1316 1442 1350 Sancto
1466 1315 1629 1358 Paulino,
1656 1316 1775 1350 Sansto
1787 1315 2012 1358 Pauliniano,
2037 1319 2118 1353 San·

1237 1367 1290 1400 &o
1300 1363 1512 1409 Epiphanio,
1538 1364 1674 1408 allisque
1696 1375 1766 1399 non
1785 1366 1917 1408 paucis,
1941 1377 2025 1409 quos
2036 1366 2118 1402 invi·

1237 1426 1288 1450 tos
1307 1416 1425 1450 scimus
1447 1415 1542 1450 fuisse
1562 1413 1781 1459 apprehensos
1803 1439 1815 1456 ,
1839 1416 1875 1451 dc
1895 1416 2120 1453 consecratos.

1236 1467 1332 1501 Hinc
1353 1467 1386 1500 ἀ
1399 1466 1568 1499 Baffianus
1588 1463 1771 1508 Ephefinus
1794 1465 1976 1510 Episcopus
1994 1466 2037 1502 de
2055 1468 2118 1503 suo

1235 1515 1446 1551 Antecefl'ore
1467 1515 1654 1551 Memnone
1674 1514 1762 1550 dixit
1784 1515 1825 1550 ad
1845 1514 2118 1554 Chalcedonense

1235 1566 1428 1601 Concilium
1453 1579 1463 1598 .·
1490 1569 1629 1599 Memnon
1655 1566 1807 1599 invidiam
1831 1565 1947 1601 babens
1965 1571 2000 1600 in
2029 1565 2115 1609 istis,

1232 1622 1371 1660 quoniam
1381 1615 1525 1659 diligebar
1546 1616 1585 1649 ab
1605 1615 1761 1654 omnibus,
1786 1614 1867 1650 nibil
1888 1627 1948 1650 non
1967 1621 2028 1660 egit
2041 1640 2054 1658 ,
2078 1625 2114 1651 ut

1232 1670 1394 1710 expellerer
1405 1670 1425 1699 ἃ
1436 1671 1560 1700 civitate
1571 1691 1578 1699 .
1606 1669 1655 1700 Et
1665 1664 1784 1706 immisit
1795 1676 1919 1700 manum
1935 1664 2025 1708 suam
2035 1690 2048 1707 ,
2073 1673 2110 1700 ut

1233 1729 1278 1754 me
1298 1720 1452 1751 ordinaret
1461 1718 1642 1760 Episcopum
1660 1719 1859 1750 Evazorum.
1886 1718 1934 1748 Et
1953 1714 2005 1750 boc
2017 1713 2119 1758 fecit.⁴

1233 1772 1298 1813 Ego
1307 1777 1407 1803 autem
1419 1778 1476 1801 non
1494 1765 1730 1810 acquiescebam,
1752 1765 1811 1810 sed
1828 1765 1868 1799 ab
1883 1764 1958 1799 bora
1965 1771 2056 1801 tertia
2066 1763 2115 1809 uf-

1231 1829 1286 1861 que
1295 1819 1339 1850 ad
1347 1816 1470 1860 J'extam
1498 1828 1596 1851 coram
1606 1819 1703 1850 :litari
1725 1827 1772 1851 me
1779 1817 1881 1859 plagis
1902 1815 2039 1857 afflixit:
2064 1817 2114 1850 Ee
2164 1820 2168 1826 “

1231 1867 1373 1902 Sam‘lum
1394 1867 1598 1910 Evangelium
1617 1868 1652 1901 Θ
1665 1867 1768 1900 Altare
1788 1864 1935 1909 sanguine
1958 1865 2114 1907 impletam

1231 1919 1286 1959 est.
1316 1917 1653 1960 Baffianisanguine,
1678 1917 1786 1951 donec
1806 1914 2114 1951 inordinationem
2168 1954 2170 1956 ,

1231 1968 1431 2002 consentiret
1444 1992 1451 1999 .
1480 1966 1680 2010 Episcopalis
1692 1965 1869 1999 Ordinatio
1890 1964 1961 1998 fieri
1972 1963 2112 2000 debebat

1229 2018 1427 2049 continuato
1441 2016 1483 2048 ab
1496 2015 1565 2050 heri
1581 2018 1680 2059 usque
1690 2013 1789 2050 hodie
1800 2014 1924 2058 jejunio
1934 2039 1946 2055 ,
1971 2013 2113 2059 ideoque

1229 2065 1347 2099 differri
1362 2075 1431 2097 non
1446 2073 1575 2108 poterat
1584 2065 1667 2097 ultra
1680 2065 1854 2107 prandium
1867 2078 1879 2100 ‚v
1889 2064 1983 2100 Hinc
1994 2064 2113 2101 Baffia·

1229 2126 1291 2150 nus
1316 2114 1359 2149 ab
1372 2113 1453 2148 hora
1474 2114 1568 2148 tertia
1589 2115 1691 2157 usque
1707 2114 1749 2148 ad
1772 2116 1897 2148 sextam
1919 2115 2060 2157 permifit
2078 2115 2113 2149 se

1228 2164 1352 2210 percuti
1377 2165 1411 2198 δε
1436 2163 1719 2208 sanguinolentari
1740 2188 1748 2196 .
1786 2163 1831 2198 Et
1851 2163 1985 2198 tandem
2007 2187 2019 2204 ,
2043 2161 2113 2208 quo

1230 2215 1343 2260 plagas
1354 2211 1507 2248 evaderet
1524 2238 1536 2254 ,
1563 2213 1738 2247 consensit.

1275 2264 1400 2300 Eadem
1421 2264 1462 2298 de
1484 2275 1518 2298 re
1539 2263 1648 2297 scribit
1660 2263 1693 2297 in
1714 2262 1844 2297 funebri
1858 2262 1906 2296 sui
1916 2260 2023 2296 Patris
2033 2262 2113 2297 Gre-

1225 2315 1313 2361 gorii
1333 2314 1471 2359 elogio,
1497 2323 1596 2358 agens
1617 2313 1659 2346 de
1682 2313 1814 2347 Eusebii
1828 2311 2040 2347 Caesaraeenfis
2051 2313 2113 2345 Ar-

1226 2364 1452 2407 chi-Episcopi
1462 2363 1621 2398 electione
1631 2363 1666 2397 &
1682 2363 1930 2396 consecratione
1939 2385 1951 2401 ‚
1977 2361 2113 2396 Sanctus

1227 2415 1409 2458 Gregorius
1428 2411 1679 2446 Nazianzenus:
1706 2410 1866 2454 Caefitraeae
1885 2415 1980 2444 Cives
2004 2412 2042 2444 de
2059 2414 2113 2444 Ar-

1225 2461 1422 2507 chi-Episcopi
1442 2468 1585 2497 creatione
1607 2467 1686 2496 inter
1704 2459 1738 2504 se
1760 2461 2001 2500 contendebant,
2025 2458 2112 2504 acris:
2131 2446 2159 2475 0

1226 2526 1282 2558 que
1294 2513 1403 2557 seditio
1421 2521 1485 2545 erat
1501 2536 1513 2552 ,
1540 2513 1574 2545 ὡ·
1595 2523 1663 2553 quae
1683 2522 1743 2543 non
1756 2511 1853 2551 facil?
1863 2515 2016 2552 comprimi
2026 2521 2060 2543 ac
2066 2509 2113 2554 [ξ.

1226 2566 1297 2598 dari
1315 2562 1405 2605 posset
1416 2585 1424 2592 .
1451 2560 1599 2593 Nonnulli
1619 2557 1763 2601 Episcopi
1781 2562 1908 2593 aderant
1922 2584 1933 2599 ‚
1958 2567 1990 2592 ut
2009 2559 2114 2594 Archa.

1226 2610 1406 2655 Eplsbopum
1425 2609 1536 2642 darent
1557 2633 1565 2641 .
1592 2610 1651 2641 Sod
1683 2619 1748 2641 cum
1771 2614 1804 2642 in
1819 2609 1923 2650 plures
1939 2607 2110 2650 sententias

1302 2666 1308 2672 ·
1329 2660 1377 2694 “do
1387 2658 1599 2699 distraheretur
1607 2682 1618 2699 ,
1647 2660 1771 2692 tandem
1785 2658 1875 2692 Plebs
1887 2667 1951 2692 tota
1961 2669 2018 2692 uno
2041 2670 2108 2693 con·

1220 2710 1306 2757 ftnfic
1325 2713 1466 2753 primarii
1491 2709 1603 2741 ordinis
1616 2713 1717 2741 virum
1727 2733 1738 2749 ‚
1764 2715 1834 2742 viia
1843 2706 1966 2752 quidem
1977 2710 2012 2742 Θ
2023 2713 2109 2743 mori-

1226 2764 1281 2797 bus
1302 2764 1443 2796 eximium
1463 2783 1474 2800 ,
1500 2762 1614 2792 Divino
1634 2768 1735 2792 tamen
1762 2758 1955 2802 Baptismate
1983 2760 2109 2793 necdum

1226 2812 1420 2856 configuratum
1436 2833 1447 2849 ‚
1471 2814 1606 2842 invitum
1629 2810 1886 2853 &repugnantem
1896 2813 2108 2851 corripientes,

1220 2863 1359 2907 fimulque
1375 2859 1555 2894 militaribus
1567 2864 1657 2901 copiis
1668 2883 1679 2899 ‚
1706 2870 1772 2902 quae
1784 2868 1855 2893 tunc
1864 2865 1896 2894 in
1914 2858 1985 2891 urbe
1995 2867 2083 2892 erant
2093 2882 2107 2900 ,

1226 2921 1307 2955 opem
1328 2909 1535 2952 adferentibus
1549 2934 1560 2950 ‚
1586 2915 1619 2942 in
1641 2911 1775 2942 sacrario
1793 2910 1990 2948 collocarunt,
2016 2909 2108 2942 &E-

1222 2961 1346 3007 piscopis
1372 2960 1539 2994 obtulerunt
1553 2984 1564 3001 ,
1591 2959 1631 2993 ab
1653 2957 1749 3002 eisque
1766 2968 1869 3002 petere
1887 2958 2053 2997 institerunt
2071 2965 2107 2991 ut

1227 3024 1290 3048 eum
1302 3016 1457 3045 initiarent
1471 3034 1482 3051 ,
1508 3010 1542 3044 ὁ·
1556 3009 1723 3049 Antistitem
1737 3010 1959 3052 proclamarent
1970 3030 1981 3047 ,
2002 3006 2107 3050 suafio·

1227 3069 1260 3098 nt
1279 3066 1399 3096 interim
1418 3065 1483 3093 vim
1503 3058 1719 3103 admiscentes:
1745 3064 1818 3094 Non
1835 3061 1869 3092 id
1876 3061 1996 3103 quidem
2008 3059 2105 3092 admo-

1228 3115 1299 3148 dum
1319 3110 1442 3151 modeste*
1462 3118 1549 3154 atque
1569 3109 1715 3152 compost‘te*
1727 3133 1738 3151 ,
1763 3112 1924 3145 admodum
1946 3118 2046 3143 tamen
2052 3109 2105 3150 pl?

1227 3171 1313 3207 atque
1334 3162 1473 3195 ardenter
1485 3187 1492 3193 .
1520 3162 1610 3204 ,Quid
1624 3160 1682 3202 fit,
1709 3162 1744 3194 Θ
1763 3164 1820 3203 quo
1838 3160 1944 3203 seditio
1956 3157 2104 3202 progreffae

1228 3214 1291 3254 est?
1316 3211 1417 3246 Coac‘ii
1440 3212 1483 3244 illi
1503 3222 1569 3244 eum
1579 3210 1778 3253 purificatum
1789 3234 1802 3251 ,
1828 3210 1991 3249 Antistitcm
2000 3217 2103 3242 renun-

1228 3269 1344 3297 tiarunt
1354 3286 1366 3302 ,
1392 3267 1424 3294 in
1434 3260 1547 3295 Throno
1556 3262 1729 3295 collocarunt
1739 3284 1750 3300 ,
1776 3270 1866 3293 manu
1881 3267 1983 3294 tamen
1990 3262 2102 3301 potius,

1229 3325 1320 3357 quam
1331 3313 1504 3351 voluntate,
1530 3310 1681 3355 animique
1691 3309 1799 3351 affircqu
1811 3333 1823 3351 ‚
1848 3312 1931 3351 velut
1946 3308 2043 3353 postea
2053 3306 2103 3340 de·

1229 3365 1372 3399 claratum
1396 3361 1454 3403 est.
1483 3361 1662 3399 Eusebium
1687 3358 1888 3405 baptizarunt
1905 3385 1918 3407 ,
1942 3356 2102 3395 consecra-

1956 3414 2054 3451 [unta

2161 2451 2216 2476 rat.
2238 2453 2283 2482 ¹9·
