2320 3730
619 182 1029 237 SCHOL115‚ET
1064 177 1258 224 Nous
1295 190 1686 225 ILLUSTRATAE.

239 264 376 303 fecimus
395 262 540 305 alienos,
565 262 620 298 sed
641 274 709 297 non
720 263 763 298 ob
788 261 853 298 hoc
873 262 1118 301 communicare

238 313 445 356 eiscredendi
456 314 619 349 ullatenus
629 314 736 348 sumus
749 338 761 354 ,
785 313 893 349 donec
903 313 1033 349 illorum
1045 322 1117 355 per—

236 365 400 403 ditionem
423 364 539 399 nostris
563 364 680 399 animis
693 363 903 399 inducamus.
931 364 974 397 Et
985 361 1118 408 quidem

234 413 371 452 miseriae
391 425 468 448 meae
492 426 546 459 per
567 415 708 460 gratiam
720 415 785 450 Dei
810 414 869 448 ista
888 414 1041 448 voluntas
1054 411 1117 446 est.

235 466 270 501 si
283 463 359 499 vero
372 466 513 510 Joannes
524 464 847 500 anathematizaverit
870 463 928 497 ista
941 461 1094 507 Capitula
1108 486 1119 502 ‚

234 526 378 559 cumque
398 516 444 550 eis
455 515 640 560 Cyrillum‚
667 515 724 559 qui
746 526 784 549 ea
795 513 967 559 exposuit,
993 513 1028 547 ‹Sc
1050 511 1119 556 agit

234 575 294 610 pro
304 566 368 605 eis,
395 566 429 600 δε
441 577 510 600 non
522 564 738 609 subscripserit
750 564 1007 601 Ordinationem
1030 562 1115 595 Pro-

234 616 279 650 cli
289 641 301 658 ,
328 627 383 658 per
394 614 459 650 hoc
471 626 648 659 utcumque
660 615 875 659 compensans
884 625 922 648 ea
934 638 944 654 ‚
957 624 1026 656 quae
1040 622 1119 646 con-

235 675 285 700 tra
295 665 372 700 Deo
391 665 635 702 Amicisiimum
647 663 847 708 Episcopum
859 662 1048 698 Nestorium
1060 661 1118 697 ini·

237 715 302 759 que
312 715 505 760 praesumpfit
523 741 530 748 .
552 716 684 751 Etenim
695 714 832 750 Proclus
841 713 1040 757 amplectitur
1050 723 1119 756 pro·

235 766 291 800 cul
316 764 420 799 dubio
444 766 564 810 Cyrilli
601 765 637 799 ὃς
658 765 795 809 Ioannis
815 764 1088 799 communionem
1111 786 1118 793 .

237 814 346 851 Unde
372 816 406 851 &
418 816 459 850 de
470 827 508 850 ea
520 839 530 855 ,
556 827 627 859 quae
649 814 771 849 dicitur
782 839 794 856 ,
819 814 887 859 ejus
896 811 1119 850 confirmatio-

235 875 278 899 ne
289 863 487 908 synodicam
500 866 644 909 utrisque
657 865 829 902 transmisit
839 891 847 899 .
873 865 906 900 Si
919 863 1000 908 ergo
1025 863 1119 906 Joan-

235 924 292 949 nes
303 913 370 951 haec
382 915 512 956 fecerit,
542 916 576 952 ὃ(
586 916 664 951 Deo
674 914 916 951 Amiciffimum
928 911 1118 950 Nestorium

234 964 436 1008 Episcopum
460 965 557 999 fuerit
575 967 607 1000 se
627 964 744 1001 habere
766 964 950 1002 confessus,
978 973 1048 995 non
1072 961 1119 994 di-

235 1016 321 1048 etum
332 1014 565 1051 tantummodo
575 1036 587 1054 ‚
612 1014 664 1047 sed
677 1023 714 1047 ut
724 1024 801 1049 eum
821 1012 857 1046 in
872 1011 1049 1048 Ecclesiam
1071 1011 1119 1044 in-

233 1063 406 1102 troducat,
430 1063 465 1096 &
490 1073 567 1095 cum
590 1073 632 1096 eo
653 1060 784 1103 sedeat,
809 1071 890 1097 tunc
912 1073 987 1097 cum
1011 1060 1117 1095 nostra

233 1112 376 1154 ipsorum
387 1111 577 1152 securitate,
604 1113 658 1147 seu
679 1112 867 1149 munitione
889 1112 1118 1155 amplectemur

234 1161 304 1205 ejus
324 1162 597 1198 communionem
615 1187 623 1196 .
650 1160 768 1196 Praeter
790 1160 858 1198 haec
878 1171 989 1196 autem
1011 1162 1119 1196 decies

232 1211 354 1247 millies
364 1211 406 1245 ab
418 1211 559 1248 Ecclesia
571 1211 651 1254 pelli
662 1223 796 1246 exorem
809 1235 821 1252 ,
846 1211 880 1245 δε
891 1223 946 1255 per
967 1213 1117 1246 universa

233 1263 351 1295 mortis
361 1272 480 1306 genera
492 1261 625 1296 transire
635 1286 646 1303 ,
658 1261 756 1308 quam
768 1261 1040 1297 communionem
1053 1261 1120 1305 ejus

232 1311 390 1355 amplecti.
419 1310 553 1346 Etiamsi
566 1311 674 1347 nullus
686 1311 704 1346 ὲ
715 1312 814 1346 Clero
825 1311 877 1346 vel
890 1311 1021 1355 Populo
1034 1310 1121 1348 hanc

235 1359 364 1396 beatam
377 1360 463 1396 viam
475 1372 662 1406 carpentem
683 1373 737 1398 me
750 1362 838 1409 sequi
860 1361 1018 1399 voluerit.

428 1516 917 1563 Scuoi10N.

343 1659 413 1694 AEc
427 1658 563 1704 epistola
575 1670 636 1694 nos
647 1658 744 1695 docet
755 1685 765 1701 ,
787 1660 878 1705 quod
889 1670 945 1703 per
956 1668 1120 1704 acceptam

366 1721 443 1745 cum
455 1709 608 1752 adjuncto
618 1710 772 1744 faciendae
794 1710 998 1753 professionis
1012 1709 1122 1745 Libel-

233 1761 270 1795 lo
289 1761 416 1795 Sacram
436 1785 447 1801 ,
475 1759 682 1795 Maximinus
707 1758 875 1794 Anazarbi
919 1760 1123 1804 Episcopus,

233 1810 382 1845 secunda:
392 1809 521 1845 Ciliciae
531 1809 747 1853 Metropolita
761 1834 772 1850 ,
798 1812 932 1846 cunt‘tos
955 1811 1029 1845 suos
1054 1811 1124 1845 Suf-

233 1860 406 1905 fraganeos
419 1860 458 1894 ad
471 1870 582 1903 pacem
608 1871 646 1894 ac
659 1859 883 1895 obedientiam
907 1861 1002 1894 fuerit
1016 1859 1123 1895 horta-

234 1918 288 1944 tus
297 1935 308 1951 ,
336 1910 369 1944 &
381 1908 471 1953 quod
483 1909 568 1953 apud
584 1909 875 1954 Mopsuestiensem
885 1909 1062 1946 Meletium
1075 1910 1123 1945 ni-

235 1958 286 1994 hil
299 1960 486 2004 profecerit.
512 1960 645 2003 Scriptae
669 1960 824 2004 Epistolae
849 1970 975 2004 tempus
1000 1961 1120 1996 docent

238 2008 307 2043 haec
324 2009 420 2044 verba
433 2023 440 2044 :
466 2013 562 2054 Igitur
575 2021 626 2044 nec
637 2008 812 2053 respondebo
822 2011 972 2045 ullatenus
984 2015 1024 2050 ei,
1034 2022 1122 2053 quem

235 2061 406 2094 direxerint
416 2083 428 2101 ‚
447 2058 476 2101 fi
482 2068 582 2093 tamen
593 2070 700 2093 revera
711 2065 828 2094 venerit
839 2062 949 2102 aliquis
959 2072 969 2102 5
996 2063 1017 2092 5
1017 2061 1059 2092 ed
1079 2060 1125 2091 ad

239 2108 402 2142 DireHores
418 2108 486 2152 suos
512 2108 719 2142 inhonoratum
753 2114 906 2142 remittam
929 2133 936 2140 .
975 2107 1120 2142 Edicunt

236 2159 388 2202 scriptam
400 2157 471 2202 post
484 2158 636 2193 traditam
653 2170 691 2192 ac
704 2158 895 2193 insinuatam
908 2159 1036 2192 Sacram
1049 2157 1119 2192 Me-

236 2197 418 2251 tiopolita33
444 2215 620 2249 antequam
647 2208 860 2240 insinuaretur
886 2208 1119 2251 Suffraganeis.

236 2256 396 2291 Notanda
407 2256 480 2289 sunt
492 2254 605 2289 Verba
617 2267 626 2287 z
651 2257 682 2288 sa·
695 2264 795 2288 tamen
821 2266 929 2288 revera
939 2259 1057 2288 venerit
1067 2256 1120 2288 ali-

236 2311 314 2350 quis.
342 2304 516 2340 Affirmant
524 2304 655 2339 Meletii
668 2304 923 2340 Contumaciam
933 2305 1027 2339 fuisse
1038 2304 1120 2338 adeo

236 2356 375 2397 duram,
401 2355 551 2398 adeoque
562 2353 765 2390 manifestam
789 2364 825 2388 ut
847 2354 983 2398 ipsemet
1006 2355 1038 2389 se
1058 2364 1121 2388 cre·

236 2405 327 2440 deret
346 2416 415 2439 non
437 2404 684 2439 admonendum
695 2405 712 2438 a
723 2404 875 2446 Principe
900 2414 957 2438 aut
971 2403 1115 2438 Patriar-

236 2454 298 2488 cha
309 2454 351 2488 ad
364 2465 475 2497 pacem
487 2478 498 2495 ,
525 2454 579 2488 sed
594 2453 693 2488 instar
702 2453 858 2496 desperati
870 2452 1116 2497 negligendum.

236 2503 341 2540 Porro
354 2504 514 2539 Meletius
525 2514 580 2547 per
590 2502 677 2538 hanc
688 2502 861 2546 epistolam
874 2502 992 2538 refutat
1002 2514 1119 2538 omnes

236 2555 380 2590 rationes
398 2579 410 2595 ,
435 2554 555 2598 quibus
576 2552 676 2595 aliqui
700 2551 877 2587 suadebant
900 2552 1058 2588 unionem
1084 2554 1119 2587 &

235 2614 348 2648 pacem
363 2629 369 2637 .
396 2604 506 2638 Prima
516 2612 582 2637 erat
593 2603 728 2646 antiqua
739 2602 860 2647 Magni
883 2601 993 2636 Basilii
1010 2603 1095 2637 ratio
1106 2627 1118 2644 ,

235 2663 334 2697 quam
361 2653 427 2696 ipse
462 2652 603 2696 exponit
629 2652 664 2684 in
691 2651 808 2685 litteris
841 2650 881 2685 ad
907 2649 1118 2695 Presbyteros

62 2725 132 2754 203·
150 2725 219 2752 204·
235 2702 430 2737 Tharsensis
441 2702 591 2736 Ecclesiae
605 2713 612 2733 ε
640 2704 755 2744 Magna
766 2700 802 2741 est
813 2702 965 2734 inclinatio
975 2708 1115 2744 temporis

236 2754 280 2786 ad
291 2751 484 2793 Ecclefiarum
493 2749 664 2792 everfionem
675 2774 683 2782 .
711 2749 887 2792 AEdificatio
896 2760 996 2785 autem
1017 2753 1115 2786 Eccle-

229 2802 282 2845 fiae
301 2801 341 2843 est
362 2810 527 2836 erratorum
547 2798 697 2834 corredio.
725 2803 852 2834 Omnino
867 2800 972 2843 fimilis
982 2803 1054 2842 jam
1074 2802 1113 2842 eli

235 2850 373 2894 Ecclefiae
395 2852 489 2893 status
514 2856 610 2885 veteri
630 2849 820 2892 vestimento,
845 2853 927 2894 quod
935 2852 986 2885 vel
994 2852 1056 2885 levi
1076 2853 1113 2885 de

236 2900 422 2945 causafacile
441 2900 639 2945 discinditur,
661 2899 820 2942 pristinam
841 2905 913 2935 vero
932 2900 1113 2945 soliditatem

237 2961 407 2994 recuperare
419 2954 497 2986 nullo
504 2951 592 2994 padio
599 2949 691 2993 potest
703 2976 710 2983 .
739 2954 833 2994 Igitur
854 2957 887 2985 in
907 2953 964 2985 tali
985 2959 1112 2994 tempore

237 3013 380 3045 magnum
395 3002 523 3042 studium
540 3028 550 3042 ,
577 3011 744 3045 magnaque
763 3001 916 3043 diligentia
936 3003 1008 3045 opus
1021 3002 1058 3044 est
1079 3009 1111 3035 in

236 3050 413 3095 quibusdam
430 3051 562 3094 Ecclefiis
577 3052 732 3093 juvandis
745 3073 753 3082 .
771 3054 802 3096 J
805 3051 976 3088 uvabuntur
993 3059 1111 3093 autem,

232 3099 335 3143 fiquae
356 3113 433 3136 nunc
459 3100 578 3145 divulsa
594 3098 691 3143 sunt,
715 3104 945 3145 conjungantur.
973 3105 1111 3145 Conjun-

233 3154 364 3194 gentur,
383 3151 431 3194 fi,
458 3152 565 3194 quibus
577 3157 609 3184 in
618 3151 703 3185 rebus
715 3153 826 3186 nullum
842 3153 997 3187 animabus
1022 3155 1110 3187 detri-

238 3210 370 3236 mentum
380 3201 533 3242 afferimus
545 3225 556 3242 ,
583 3204 761 3236 voluerimus
773 3212 826 3235 nos
837 3203 1046 3247 infirmioribus
1058 3214 1110 3238 ac·-

238 3254 437 3294 commodare,
465 3250 640 3295 &obsequh
670 3254 822 3296 ,Quoniam
842 3258 932 3296 igitur
954 3256 1110 3288 multorum

238 3310 292 3334 ora
317 3301 380 3345 sese
398 3303 549 3338 adversus
578 3304 724 3345 Spiritum
745 3302 886 3336 Sanc‘Ium
910 3313 1084 3348 aperuerunt
1099 3328 1109 3344 ,

1880 198 1900 240 3
1917 198 1933 227 1
1944 198 1976 237 9

1178 266 1256 295 mias
1270 259 1305 303 se
1320 269 1481 301 acuerunt,
1505 266 1648 303 optimum
1665 264 1749 305 faHu
1763 267 1813 311 effe
1823 267 1987 310 duximus,
2014 278 2047 302 ut

1180 320 1323 355 quantum
1336 316 1368 343 in
1380 310 1463 346 vobis
1475 309 1534 352 est,
1561 310 1802 356 Blaspbemorum
1822 329 1972 351 numerum
1993 323 2048 351 mi-

1180 368 1280 395 nuatis
1292 386 1303 402 ‚
1329 363 1363 395 (τ
1380 363 1423 394 ad
1428 369 1534 403 paucos
1545 363 1689 406 redigatis
1700 386 1711 402 ,
1736 373 1822 405 atque
1833 377 1878 398 eos
1890 391 1900 406 ,
1924 374 1975 408 qui
1985 370 2048 411 Spi-

1179 418 1270 446 ritum
1289 411 1427 446 Sachum
1437 415 1612 446 creaturam
1621 412 1673 455 effe
1686 420 1814 456 negant,
1839 420 1871 446 in
1881 425 2050 451 communio·

1183 473 1249 496 nem
1261 473 1371 495 omnem
1387 467 1537 504 recipiatis
1548 486 1558 501 ‚
1583 470 1616 496 ut
1622 460 1678 507 soli
1695 463 1900 505 relinquamur
1911 464 2052 507 Blasphe.

1181 518 1223 544 mi
1235 537 1245 552 ‚
1271 521 1362 556 atque
1372 518 1418 546 ita
1429 514 1482 547 vel
1486 513 1599 555 pudore
1608 514 1653 545 ad
1661 518 1820 548 veritatem
1843 515 2031 547 adducantur
2043 539 2054 556 ,

1180 564 1232 595 vel
1235 561 1264 604 fi
1272 568 1304 595 in
1311 571 1431 605 peccato
1442 571 1583 598 maneant
1595 587 1605 603 ,
1630 562 1664 595 ob
1671 569 1854 604 paucitatem
1864 564 1980 606 indigni
1998 572 2054 606 pu·

1181 621 1280 647 tentur
1299 635 1310 651 ,
1334 613 1438 654 quibus
1466 612 1612 647 habeatur
1627 612 1705 656 fides
1726 638 1733 644 .
1773 616 1855 656 Ergo
1878 612 1956 647 nihil
1978 613 2062 647 ultra.

1181 673 1353 703 quaeramus
1368 686 1378 702 ,
1401 661 1458 705 sed
1476 662 1639 698 Fratribus
1660 687 1671 703 ,
1697 668 1748 706 qui
1771 660 1917 706 nobiscum
1937 666 2059 697 societa-

1183 720 1240 744 tem
1266 718 1340 745 inire
1362 714 1487 753 volunt,
1508 714 1621 756 fidem,
1648 725 1714 758 quae
1735 717 1852 748 Nicaeae
1870 712 1986 756 sancita
1999 712 2059 753 est,

1182 769 1404 803 proponamus,
1429 774 1463 795 ac
1476 762 1506 803 fi
1521 770 1553 796 in
1573 774 1608 797 ea
1628 769 1827 802 conveniant,
1851 763 1927 796 iilud
1949 774 2059 807 quoque

1182 817 1336 855 exigamus
1348 837 1358 853 ,
1383 814 1528 854 spiritum
1550 813 1690 847 sancium
1711 825 1800 856 neque
1820 822 1985 847 creaturam
1999 815 2059 848 dici

1182 869 1332 903 oportere,
1357 873 1447 905 neque
1457 873 1503 896 eos
1517 886 1528 903 ‚
1554 867 1604 904 qui
1628 864 1732 896 dicunt
1747 888 1757 904 ,
1783 870 1815 898 in
1832 868 2060 899 communionem

1181 909 1259 954 ipsos
1271 912 1322 956 effe
1334 914 1536 955 recipiendos.
1564 911 1658 945 Nihil
1676 914 1762 946 aliud
1772 914 1831 954 est,
1857 915 1936 958 quod
1953 921 2062 957 praete·

1181 973 1232 995 rea
1242 963 1325 994 nobit
1337 964 1547 1004 inquirendum
1567 960 1715 1006 censemus
1730 986 1738 996 .
1764 963 1863 998 Arius
1876 989 1887 1005 ,
1913 964 1991 998 licet
2014 971 2062 999 et·

1183 1011 1247 1045 iarn
1266 1012 1406 1056 Spiritus
1427 1012 1534 1045 Sancti
1554 1011 1863 1048 consubstantialem
1886 1013 2061 1048 Divinita-

1184 1072 1250 1096 tem
1262 1071 1393 1107 negaret
1404 1084 1415 1102 ‚
1440 1073 1510 1095 non
1532 1071 1643 1096 tamen
1656 1072 1725 1094 non
1737 1072 1851 1095 contra
1872 1060 1957 1096 hanc
1968 1087 1979 1104 ,
2007 1062 2063 1097 sed

1184 1121 1298 1146 contra
1310 1111 1418 1145 solum
1441 1112 1552 1146 Deum
1566 1109 1689 1145 Filium
1713 1108 1898 1153 blaspheme
1909 1111 2036 1145 latravit
2052 1137 2065 1152 ‚

1186 1162 1326 1206 ideoque
1338 1161 1543 1196 Sacrosaneta
1555 1159 1690 1195 Nicaena
1702 1159 1856 1202 Synodus
1866 1159 1906 1193 de
1925 1160 1985 1196 illo
1998 1161 2068 1194 sim-

1186 1212 1312 1255 pliciter
1321 1211 1428 1245 dixit:
1457 1209 1630 1245 Credimus
1640 1209 1674 1244 oc
1686 1209 1721 1244 in
1734 1209 1890 1252 Spiritum
1903 1211 2066 1245 Sanstum.

1187 1260 1343 1305 Expresse
1365 1271 1434 1295 non
1455 1260 1541 1295 dixit
1553 1260 1666 1295 Deum
1688 1259 1728 1295 de
1738 1259 1836 1300 Deo,
1865 1272 1925 1295 nec
1938 1261 2069 1295 Lumen

1186 1311 1229 1347 de
1240 1311 1384 1346 Lumine
1395 1335 1406 1352 ‚
1434 1323 1495 1345 nec
1506 1311 1618 1345 Deum
1631 1322 1742 1345 verum
1753 1310 1794 1345 de
1807 1310 1884 1345 Deo
1895 1321 1973 1345 vero
1987 1336 1997 1351 ,
2011 1322 2070 1345 nec

1187 1360 1275 1398 Patri
1289 1374 1326 1397 ac
1337 1361 1424 1396 Filio
1436 1360 1763 1397 consubstantialem.
1793 1361 1836 1394 Et
1860 1358 1941 1397 hinc
1958 1362 2071 1395 Mace-

1187 1412 1308 1448 donius
1330 1412 1463 1456 sumpsit
1486 1413 1596 1447 ansam
1620 1411 1681 1446 suae
1700 1409 1913 1456 Blasphemiae
1932 1437 1939 1446 .
1967 1409 2073 1446 Porro

1187 1463 1255 1507 ejus
1275 1462 1363 1497 Setia
1381 1471 1450 1497 erat
1474 1462 1645 1498 numerosa
1677 1473 1716 1496 ac
1734 1472 1851 1506 potens
1873 1462 1908 1496 in
1936 1471 2072 1504 utraque

1189 1512 1347 1546 Armenia
1358 1536 1370 1552 ,
1395 1524 1432 1546 ac
1444 1512 1478 1546 in
1490 1513 1583 1547 omni
1597 1511 1738 1547 Dioecefi
1749 1511 1890 1546 Pontica
1899 1537 1906 1544 .
1936 1511 2071 1555 Propter

1189 1562 1374 1596 Eustatium
1397 1561 1617 1597 Sebastensem
1638 1587 1646 1596 .
1674 1563 1754 1595 Erat
1770 1560 1892 1595 divisa.
1918 1561 2071 1608 Qidam

1187 1612 1299 1646 Deum
1325 1611 1490 1656 negabant
1502 1636 1513 1653 ,
1538 1623 1576 1646 ac
1596 1610 1751 1647 dicebant
1768 1611 1958 1644 Creaturam
1970 1632 1980 1649 ,
2003 1610 2074 1652 qui·

1186 1661 1262 1696 dam
1273 1661 1441 1697 molliores
1451 1661 1547 1695 illum
1558 1660 1715 1695 volebant
1728 1672 1789 1694 nec
1800 1659 1865 1694 hoc
1877 1660 1944 1694 dici
1963 1671 2023 1694 nec
2036 1659 2073 1694 il·

1187 1711 1243 1746 lud
1254 1737 1266 1753 ,
1292 1710 1345 1746 sed
1357 1711 1544 1755 simpliciter
1554 1711 1755 1755 acquiescere
1775 1710 1915 1745 Nicaeno
1933 1709 2073 1753 Symbo-

1187 1760 1228 1796 lo.
1258 1763 1303 1797 Et
1317 1761 1475 1805 quoniam
1488 1773 1543 1804 per
1554 1760 1708 1796 Valentis
1718 1761 1925 1803 Imperatoris
1935 1760 2073 1794 assisten-

1185 1812 1265 1846 tiam
1285 1821 1377 1846 erant
1399 1809 1519 1850 validi,
1546 1811 1681 1845 cunitos
1701 1809 1760 1844 fibi
1785 1810 1985 1844 adversantes
1997 1810 2072 1853 Epi-

1187 1862 1301 1905 scopos
1314 1860 1524 1895 minabantur
1545 1858 1718 1894 exturbare
1741 1860 1805 1894 suis
1818 1859 2012 1901 Cathedris,
2038 1860 2072 1894 ὃς

1186 1912 1260 1946 suos
1285 1911 1516 1955 Congerrones
1539 1910 1726 1945 intrudere.
1755 1909 1833 1944 Erat
1856 1910 1979 1955 grande
2006 1921 2072 1945 ma·

1185 1962 1265 1996 lum.
1293 1961 1388 1995 Hinc
1402 1959 1537 1994 Basilius
1547 1959 1671 1994 censuit
1688 1959 1925 2003 Evangelicum
1937 1959 2072 2001 quidem

1185 2011 1308 2056 dogma
1337 2022 1404 2044 non
1433 2009 1706 2053 praevaricandum
1728 2034 1738 2049 ,
1773 2009 1933 2043 utendum
1961 2018 2073 2042 tamen

1183 2059 1425 2102 dispensatione
1436 2081 1446 2097 ,
1475 2059 1510 2092 &
1524 2059 1686 2092 sermones
1695 2058 1918 2100 disponendos
1940 2059 1974 2092 in
1986 2058 2073 2101 Judi-

1182 2110 1240 2142 cio
1259 2120 1268 2140 z
1297 2107 1438 2143 Censuit
1458 2118 1574 2142 omnes
1598 2108 1673 2142 illos
1694 2131 1705 2148 ,
1731 2108 1788 2152 qui
1814 2109 1970 2152 Spiritum
1993 2109 2073 2144 San-

1183 2160 1271 2192 stum
1294 2182 1305 2197 ,
1330 2158 1407 2192 licet
1435 2157 1547 2191 Deum
1570 2170 1639 2191 non
1669 2158 1900 2199 profiterentur
1920 2184 1932 2199 ,
1958 2170 2070 2194 tamen

1184 2208 1376 2240 Creaturam
1396 2215 1464 2237 non
1486 2205 1632 2240 dicerent
1655 2228 1667 2243 ‚
1693 2205 1726 2237 δε
1746 2205 1922 2240 Nicaenum
1942 2210 2070 2251 profite-

1183 2264 1293 2289 rentur
1315 2251 1530 2295 Symbolum,
1556 2251 1700 2298 gratiose
1719 2253 1930 2298 tolerandos,
1956 2257 1990 2291 &
2015 2258 2070 2292 ad·

1183 2302 1362 2338 mittendos
1373 2302 1414 2337 ad
1428 2303 1676 2338 communionis
1691 2304 1891 2339 consortium
1902 2332 1909 2339 .
1938 2307 1991 2342 Sic
2003 2320 2069 2343 cre-

1182 2353 1267 2388 didit
1281 2353 1357 2387 illos
1373 2377 1384 2394 ,
1410 2351 1467 2394 qui
1479 2353 1586 2395 palam
1607 2354 1759 2388 Haeretici
1777 2354 2042 2399 blasphemarunt
2055 2382 2067 2398 ,

1183 2403 1380 2448 redigendos
1406 2402 1446 2436 ad
1458 2403 1653 2446 paucitatem
1665 2427 1676 2443 ,
1701 2403 1917 2440 Orthodoxos
1934 2407 2066 2450 Episco-

1182 2464 1240 2496 pos
1256 2452 1463 2488 stabiliendos
1477 2454 1511 2487 in
1523 2452 1585 2487 suis
1596 2452 1752 2494 Sedibus,
1778 2465 1875 2497 atque
1887 2457 1931 2490 ita
1953 2458 2066 2492 fideles

1181 2502 1327 2546 Populos
1354 2502 1539 2539 liberandos
1561 2502 1601 2538 ab
1621 2504 1792 2539 Haereticis
1805 2505 2002 2542 Do&0ribus
2028 2518 2065 2541 ac

1182 2553 1243 2596 Epi
1250 2553 1353 2596 scopis
1365 2577 1372 2585 .

1231 2601 1353 2638 Eadem
1376 2602 1502 2637 ratione
1525 2601 1659 2646 quidam
1683 2606 1837 2641 Secundae
1849 2606 1975 2642 Ciliciae
1989 2607 2069 2651 Epi·

1177 2653 1268 2697 scopi
1280 2651 1454 2688 censebant
1466 2653 1506 2687 de
1522 2651 1582 2688 hac
1595 2664 1672 2698 pace
1683 2680 1690 2687 .
1718 2656 1826 2691 Sanni
1839 2657 1958 2702 Cyrilli
1969 2658 2067 2701 Capi·

1178 2703 1245 2737 tula
1266 2703 1440 2738 censebant
1461 2702 1638 2748 Haeretica;
1667 2705 1745 2739 item
1769 2705 1915 2741 Nestorii
1933 2707 2068 2742 damna·

1179 2753 1304 2787 tionem
1315 2753 1491 2788 censebant
1505 2754 1652 2798 iniquam
1665 2767 1674 2797 ;
1702 2756 1792 2803 Qia
1809 2767 1916 2792 tamen
1929 2759 2063 2801 pacifica

1176 2803 1296 2846 Cyrilli
1318 2803 1454 2846 epistola
1474 2814 1544 2837 erat
1563 2804 1761 2840 Orthodoxa
1775 2831 1784 2845 ,
1811 2807 1984 2841 censebant
2011 2806 2060 2840 illi

1177 2852 1490 2887 communicandum
1504 2877 1515 2893 ,
1540 2864 1637 2898 atqua
1652 2856 1696 2889 ita
1715 2855 1967 2897 pacificandam,
1993 2856 2059 2890 im-

1178 2902 1287 2937 moab
1311 2903 1474 2938 eversione
1484 2903 1683 2939 liberandam
1698 2904 1892 2939 Ecclesiam.
1921 2906 2059 2949 Dispen-

1174 2953 1305 2987 satorie.
1336 2953 1390 2987 Ne
1411 2953 1466 2996 ipfi
1488 2952 1677 2995 ejicerentur
1698 2953 1716 2986 ὲ
1738 2955 1801 2988 suis
1823 2955 1997 2996 liederus,
2023 2957 2057 2990 δε

1174 3003 1328 3038 Haeretici
1350 3003 1578 3046 capitulorum
1603 3002 1828 3038 praedicatores
1848 3005 2056 3040 intruderen-

1174 3063 1245 3096 tur,
1271 3063 1367 3098 atque
1388 3054 1433 3088 ita
1454 3064 1695 3096 corrumperent
1720 3064 1854 3088 omnem
1869 3053 2054 3100 Populum.

1174 3102 1218 3138 Et
1236 3102 1299 3139 hac
1319 3104 1443 3138 ratione
1466 3103 1670 3137 Maximinus
1683 3105 1896 3148 Metropolita
1916 3107 2054 3140 tentavit

1174 3164 1357 3198 permovere
1378 3153 1551 3187 Meletium
1575 3178 1582 3187 .
1608 3154 1700 3188 Hinc
1729 3154 1772 3189 ad
1803 3156 1896 3190 illum
1932 3155 2054 3201 legavit

1171 3205 1356 3249 quempiam
1378 3204 1437 3238 suae
1464 3202 1609 3237 Ecclefiae
1622 3203 1793 3239 Lectorem
1806 3216 1880 3240 cum
1896 3205 2055 3251 Anagno·

1172 3253 1253 3290 stico
1273 3279 1281 3287 .
1309 3254 1421 3289 Etiam
1443 3251 1593 3287 adhibuit
1619 3253 1812 3290 Helladium
1834 3255 2053 3291 Tharsensem

1176 3305 1370 3350 Episcopum
1386 3328 1396 3344 ,
1409 3303 1660 3348 Metropolitam
1672 3305 1780 3347 primae
1793 3305 1934 3340 Ciliciae:
1966 3307 2051 3340 Eum

236 3351 451 3397 multorumque
477 3354 586 3398 linguae
605 3354 813 3397 adjaciendas
835 3355 960 3391 inillam
977 3353 1110 3399 blasphe-
1175 3354 1306 3391 induxit
1324 3355 1365 3390 ad
1393 3352 1597 3389 scribendum
1621 3354 1781 3391 Meletio.
1808 3356 1862 3391 Ex
1882 3368 1948 3400 quo
1958 3355 2051 3389 disci·

1929 3413 2001 3441 mus
