2320 3730
354 217 449 264 342

426 367 694 423 CAPUT
730 365 983 414 CLXXXI.
1021 375 1165 419 --269

273 510 466 568 Domino,
502 506 673 571 inquit,
709 523 785 551 meo
810 499 1078 569 fhnfflſjlmo,
1111 506 1171 549 (9⁴

267 596 271 598 “
346 583 426 627 Deo
437 572 674 641 Amiczffi'mo
688 578 801 624 Patri
812 578 851 621 E
877 571 997 642 ifiopo
1010 571 1100 625 Ale.-

527 642 677 704 xandro
704 590 924 710 Βὶογηψξσ.

278 797 281 799 ·
372 786 464 819 Ivina
489 785 523 819 ἀ
538 785 732 825 immortalis
754 784 888 821 Veritas
912 795 1024 828 pacem
1046 781 1163 818 defide-

309 871 316 873 ,
396 846 443 869 rat
468 859 479 876 ,
503 834 639 870 adhibet
659 837 736 870 vero
761 835 936 879 plurimam
960 845 1072 868 curam
1095 857 1106 874 ‚
1131 834 1164 873 dt

268 888 332 920 suae
354 885 476 920 Pietati
499 885 671 924 decentem
684 888 771 926 circa
793 887 881 925 restae
901 885 997 920 Fidei
1008 885 1136 922 cultum
1154 909 1160 915 -

268 937 414 970 Scientes
427 936 530 983 igitur
549 937 770 973 intentionem
786 936 830 980 pii
851 935 1011 978 Principis
1038 935 1138 970 nostri
1153 957 1164 974 ‚

266 985 357 1030 prins
367 998 423 1030 pet
434 988 493 1023 has
504 987 628 1022 litteras
640 988 766 1022 nostras
784 997 875 1027 tuam
899 985 1161 1031 Religiofitatem

265 1037 423 1075 duximus
435 1037 640 1078 salutandam
654 1061 666 1079 ,
691 1038 727 1071 ἀ
747 1036 1009 1076 adhortandam,
1034 1044 1074 1071 ut
1091 1044 1162 1077 quae

263 1085 385 1126 decent
405 1088 525 1127 saciat:
553 1088 644 1127 inter
665 1087 729 1121 haec
754 1089 831 1120 vero
855 1087 888 1119 ὅ(
920 1085 1002 1121 illud
1025 1083 1071 1116 est
1086 1106 1098 1123 ,
1124 1093 1160 1122 ut

261 1138 491 1175 communicet
513 1137 672 1171 Sanctitas
694 1145 753 1173 tua
763 1135 840 1169 Deo
860 1133 1056 1174 amicissimo
1083 1132 1159 1180 Epi·

261 1186 362 1231 scopo
374 1187 515 1230 Joanni.
542 1185 626 1225 Haec
636 1195 781 1228 namque
792 1185 887 1224 causa
902 1185 989 1228 pacis
1009 1183 1068 1218 erit
1089 1195 1160 1219 om·

260 1237 359 1275 nibus
371 1235 486 1275 finctis
508 1234 662 1275 Ecclesris
678 1260 685 1268 .
711 1230 787 1273 Nec
809 1235 900 1270 enim
922 1234 1073 1273 volumus
1099 1235 1158 1268 Ec-

262 1285 372 1321 clefias
394 1284 536 1330 amplius
560 1285 766 1329 perturbari,
788 1286 823 1320 &
850 1286 976 1320 animas
989 1285 1169 1329 impetitor:

259 1346 332 1371 tum
349 1337 509 1381 perverti,
536 1332 616 1386 quid
629 1336 754 1371 faciant
767 1337 948 1371 nescientes
961 1360 973 1377 ‚
999 1335 1079 1374 dum
1092 1342 1169 1382 per-¹

259 1386 406 1424 turbatio
419 1387 547 1422 detinet
561 1398 640 1428 vos,
667 1387 723 1432 qui
739 1398 851 1431 pacem
868 1386 1065 1433 praetenditis
1085 1387 1157 1420 uni-

257 1438 372 1471 verfis.
403 1438 553 1484 Dignare
566 1437 691 1482 igitur,
717 1437 846 1472 tantum
873 1447 1000 1471 memor
1025 1437 1059 1471 ἀ
1080 1436 1170 1471 ami-¹

255 1487 410 1525 citiarum
440 1488 624 1522 nostrarum
651 1489 686 1522 ἀ
711 1487 951 1523 adhortationis
974 1511 986 1528 ,
1019 1498 1154 1522 omnem

255 1537 427 1572 tristitiam
441 1540 626 1581 deponere,
653 1539 687 1573 ὅ(
701 1538 881 1574 convenire
903 1538 939 1573 in
957 1538 1045 1577 idem
1069 1537 1156 1571 Reli-

254 1588 437 1633 giofiffimo
450 1589 536 1623 Viro
553 1600 560 1619 :
588 1588 643 1629 Ne
655 1600 816 1634 cogamur
845 1589 972 1623 Divina
997 1588 1032 1629 ὃς
1053 1588 1155 1632 Impe-

254 1638 347 1677 rialia
371 1637 562 1673 Constituta
585 1639 776 1673 executioni
803 1639 959 1673 mandare
980 1663 991 1670 .
1021 1639 1152 1673 Salvam

253 1686 521 1733 Religiofitatem
535 1699 626 1723 tuam
638 1713 649 1729 ,
676 1690 710 1723 &
726 1698 877 1724 orantem
895 1700 953 1732 pro
975 1688 1074 1723 nobis
1097 1690 1155 1729 sal-

254 1748 312 1773 vet
322 1740 476 1778 omnium
501 1740 618 1779 Deus,
646 1738 797 1774 Domine
823 1740 1016 1776 sanstiffime
1033 1739 1151 1774 Pater.

256 1787 435 1833 Ignoscere
460 1787 544 1823 mihi
569 1788 668 1822 habet
697 1789 910 1834 Religiofitas
933 1800 1011 1831 tua,
1037 1790 1057 1822 fi
1073 1790 1152 1834 quid

254 1839 360 1878 facere
380 1838 631 1883 compellendus
657 1840 727 1873 sum
749 1862 761 1879 ‚
788 1839 948 1878 Divinam
975 1839 1151 1875 formulam

254 1891 390 1936 sequens
399 1913 412 1937 ,
437 1891 459 1927 sn
472 1889 550 1925 huic
563 1889 721 1940 Epistola
734 1889 922 1929 consentire
932 1888 1082 1929 nolueris
1093 1914 1101 1923 .

455 2043 944 2103 Senotxott.

369 2187 439 2224 AEc
461 2185 609 2230 Epistola
635 2185 779 2220 ostendit
809 2184 1038 2220 Alexandrum
1058 2185 1165 2230 fuifl‘e

392 2238 498 2272 virum
511 2237 641 2270 summae
654 2234 875 2270 Authoritatis
886 2235 921 2270 &
931 2235 1023 2271 famae
1031 2258 1038 2266 .
1058 2234 1153 2269 Hinc

256 2292 348 2325 enim
374 2300 443 2322 non
464 2287 552 2322 solus
574 2287 695 2320 Comes
718 2285 753 2320 δε
777 2283 928 2320 Vicarius
948 2284 1074 2323 Titus,
1098 2285 1151 2319 sed

257 2342 359 2376 etiam
382 2339 448 2383 ipse
470 2337 630 2383 Magister
655 2335 806 2370 Militum
834 2336 1041 2378 Dionyfius,
1066 2346 1153 2370 ante-

258 2402 356 2436 quam
379 2389 420 2424 ad
443 2388 672 2424 executionem
696 2386 882 2431 procederet
899 2410 910 2426 ,
937 2385 1031 2423 illum
1055 2385 1152 2424 duxit

259 2440 465 2480 monendum
478 2449 555 2474 cum
567 2437 682 2484 grandi
700 2437 881 2475 reverentia
891 2461 899 2469 .

403 2651 448 2698 C
464 2650 611 2696 APU
626 2646 669 2695 T
704 2648 973 2695 CLXXXII.
1008 2662 1150 2709 „270

269 2783 462 2860 Epistola,
497 2788 645 2853 inquit
663 2822 676 2846 ,
713 2791 794 2832 Deo
805 2782 1034 2851 Amicffmi
1057 2790 1154 2856 Epi-

335 2855 446 2931 fiopi
474 2855 710 2917 Alexandri,
748 2874 862 2923 quam
885 2855 997 2922 rescri
1012 2855 1069 2920 fit
1103 2858 1157 2904 ad

341 2930 487 2977 litteras
501 2924 816 2998 fhprafiriptas,
850 2930 887 2974 in
900 2946 966 2972 cau
990 2948 1014 2974 a
1029 2927 1156 2976 eadem

332 2998 453 3068 fidum
477 2998 725 3064 demonstrans
750 2996 980 3067 Propcfitum
995 3033 1009 3048 .

352 3139 579 3175 Enevolentiae
598 3136 733 3183 quidem
755 3136 839 3173 circa
856 3148 963 3174 meam
978 3135 1157 3174 Vilitatem

377 3190 607 3225 retributiones
628 3189 773 3225 clemens
793 3190 886 3224 Deus
907 3186 1029 3232 praestet
1049 3189 1160 3224 vestrae

281 3239 474 3275 Clementiae
486 3265 493 3272 .
519 3242 574 3275 De
584 3241 678 3274 causa
691 3240 792 3280 vero,
817 3251 888 3284 quae
899 3239 1053 3279 vertitur,
1080 3250 1159 3283 quo-

283 3289 374 3323 niam
387 3289 500 3323 nostrae
511 3290 584 3323 vitae
594 3299 692 3331 caput
704 3290 749 3324 est
765 3290 866 3333 pietas
876 3314 887 3331 ‚
913 3299 1022 3324 coram
1037 3289 1161 3323 terribi-

283 3339 310 3377 li
330 3338 509 3373 Tribunali
533 3338 656 3372 Christi
676 3349 809 3373 omnem
829 3340 954 3374 reservo
974 3339 1158 3374 satisfactio-

285 3399 383 3426 nem.
407 3387 464 3426 Ut
474 3387 551 3427 vero
559 3388 660 3425 etiam
670 3388 899 3437 Magnitudini
918 3389 1025 3426 vestre
1045 3389 1080 3424 in
1093 3389 1161 3425 bre·

694 197 1028 248 Vnitlonutr
1064 197 1321 242 Paruum
1356 189 1682 255 Emsmrir,

1239 277 1272 312 vi
1282 278 1516 322 respondeam,
1543 279 1658 314 indico
1666 282 1843 325 quodiue.
1868 284 1926 330 qui
1939 297 2027 321 nunc
2038 297 2117 324 con-

1235 338 1282 363 tra
1297 339 1359 362 nos
1372 340 1512 372 quatuor
1526 328 1713 372 imperiales
1724 330 1781 368 has
1800 333 1922 371 litteras
1936 337 2117 374 rclementer

1232 377 1401 420 obtinuit,
1426 380 1461 417 ὃς
1483 381 1558 413 ante
1579 378 1768 422 Ephesum,
1793 383 1826 419 δε
1848 384 2026 430 inEpheso
2044 413 2057 429 ‚
2081 390 2115 426 ὃς

1224 430 1304 473 rpost
1327 429 1493 474 Ephesum
1526 429 1714 466 haereticum
1738 430 1857 467 sciebat
1884 435 2087 482 AEgyptium
2106 464 2115 474 .

1232 479 1336 526 de
1356 481 1526 517 manifeste
1549 482 1746 526 cognoscere
1758 482 1836 517 licet
1846 494 1888 518 ex
1897 484 2012 522 litteris
2022 489 2089 533 ejus
2102 513 2114 532 ,

1232 540 1300 573 quae
1311 533 1413 575 usque
1424 542 1513 565 nunc
1526 532 1611 574 apud
1624 532 1781 575 plurimos
1796 533 1884 568 salvat
1905 536 1978 570 sunt
1990 560 1997 569 .
2024 538 2115 575 1³0st-

1232 590 1329 623 quam
1353 580 1430 615 vero
1449 581 1585 626 suscepit
1596 583 1905 628 Hypomnysticum
1934 596 1991 629 per
2002 585 2116 623 Admi-

1233 631 1456 667 randiffimum
1470 633 1693 673 Aristolaum‚
1722 635 1802 669 ut&
1817 634 1948 679 Cyrillo
1969 648 2117 674 commu.

1231 680 1376 722 nicaret,
1405 683 1437 717 ὅ(
1451 682 1639 717 Nestorium
1652 684 1830 728 deponeret
1841 710 1852 726 ,
1878 687 1912 720 δι
1929 684 2116 723 anathema-

1207 755 1209 758 ·
1229 730 1345 767 tizanet
1365 732 1433 776 ejus
1457 734 1639 770 doctrinam
1653 758 1665 776 ,
1690 735 1772 769 dum
1782 734 1821 769 fit
1834 735 2065 782 Orthodoxa,
2081 739 2116 772 fi-

1227 791 1283 820 cut
1303 781 1371 826 ipse
1391 794 1449 826 per
1467 785 1558 827 plura
1572 785 1693 829 Scripta
1714 786 1878 820 confessus
1901 787 1948 822 est
1961 810 1973 827 ,
1997 781 2116 823 cedens

1228 830 1490 877 Hypomnystici
1513 834 1635 875 minis,
1662 836 1739 869 fecit
1761 836 1928 872 universa.
1956 838 2001 872 Et
2025 848 2115 873 nune

1206 893 1207 898 ¹
1225 881 1394 922 adversum
1419 896 1481 918 nos
1497 887 1607 929 >‘usque
1617 885 1660 921 ad
1683 885 1875 931 sanguinem
1888 887 2016 933 pugnat
2036 913 2047 931 ,
2072 887 2114 922 ed

1225 932 1314 974 quod
1328 936 1428 979 parati
1441 932 1538 970 simus
1549 947 1603 979 per
1616 935 1769 970 virtutem
1783 937 1848 972 Dei
1860 949 1977 974 contra
1991 938 2114 980 Cyrilli

1225 978 1363 1019 haerefim
1383 995 1565 1029 repugnare
1589 987 1688 1027 usque
1710 987 1744 1021 in
1757 987 1880 1028 finem,
1905 988 1939 1022 &
1954 986 2113 1023 orthodo-

1225 1042 1300 1068 xam
1313 1033 1413 1078 fidem
1440 1034 1559 1078 absque
1571 1035 1779 1078 permistione
1797 1038 1945 1077 servare,
1970 1046 2040 1071 non
2064 1038 2112 1071 in-

1220 1082 1334 1118 eundo
1354 1086 1626 1120 communionem
1646 1108 1658 1124 ‚
1689 1095 1796 1128 neque
1818 1098 1895 1120 cum
1924 1085 2079 1121 haeretico
2097 1111 2109 1128 ,

1221 1141 1328 1175 aeque
1339 1142 1417 1165 cum
1427 1132 1750 1168 communicantibus
1757 1134 1789 1171 ei
1802 1157 1810 1165 .
1837 1134 2009 1170 Habemus
2019 1147 2111 1173 nam·

1221 1192 1285 1225 que
1305 1191 1367 1225 prae
1393 1182 1501 1219 oeulis
1515 1182 1606 1217 illam
1628 1182 1808 1220 terribilem
1830 1195 1944 1219 vocem
1965 1186 2109 1222 Domini

1222 1230 1371 1272 Christi,
1396 1244 1466 1277 quae
1485 1244 1542 1276 per
1562 1231 1762 1276 Apostolum
1783 1234 1946 1270 Gentium
1965 1235 2110 1272 Paulum

1220 1282 1305 1317 dicta
1325 1280 1371 1316 est
1396 1293 1407 1317 ι
1432 1285 1586 1331 ,Quoniam
1604 1281 1632 1324 fi
1648 1294 1699 1321 nos
1719 1308 1730 1325 ,
1754 1294 1811 1318 aut
1834 1288 1962 1329 angela:
1982 1287 2021 1319 de
2042 1287 2111 1321 coelo
2127 1272 2262 1308 Galn'b

1219 1333 1477 1377 evangelizaverit
1490 1333 1576 1367 vobis
1585 1342 1698 1375 praem
1710 1334 1744 1367 dd
1755 1358 1766 1374 ,
1790 1337 1871 1377 quod
1888 1336 2111 1383 evangelizavi-

1210 1394 1311 1426 μα,
1333 1383 1559 1425 anatbmafit.
1589 1383 1696 1420 Unde
1710 1386 1840 1427 quaeso,
1865 1386 2048 1429 utqnauelo
2069 1387 2113 1422 ti-

1220 1432 1252 1468 bi
1267 1433 1424 1478 placuerit
1439 1433 1532 1469 illam
1548 1434 1781 1478 perstcutionis
1793 1459 1804 1475 ,
1830 1445 2029 1477 quaecontra
2049 1447 2111 1472 nm

1219 1483 1362 1524 lataest,
1388 1485 1528 1521 formam
1542 1486 1766 1529 promulgare,
1793 1484 2110 1530 mihivestmjubeat

1219 1533 1424 1579 Magnitudo
1434 1559 1446 1576 ,
1474 1546 1510 1570 ut
1526 1535 1583 1570 sub
1597 1534 1726 1573 mentio
1736 1535 1771 1570 ὅ(
1781 1535 2047 1582 absquestrepim
2054 1536 2110 1572 ab·

1216 1594 1289 1621 eam
1300 1608 1310 1625 ,
1321 1585 1355 1619 &
1367 1583 1433 1619 hoc
1443 1585 1548 1619 modo
1561 1609 1573 1625 .
1586 1596 1659 1629 quae
1677 1586 1798 1620 sancita
1811 1587 1886 1620 sunt
1895 1610 1908 1627 .
1933 1587 2106 1629 implent.

1216 1634 1366 1684 Qando
1394 1635 1484 1671 enim
1504 1635 1547 1670 de
1592 1635 1690 1670 ietate
1713 1637 1909 1679 proponitur
1925 1661 1938 1680 ,
1970 1636 2110 1674 obedire

1216 1694 1346 1734 oportet
1357 1686 1434 1722 Deo
1447 1684 1556 1729 potius
1568 1646 1677 1729 {uam
1696 1683 1903 1721 hominibus.
2091 1700 2097 1718 z

1406 1837 1906 1887 Senottou..

1326 1984 1396 2020 AEc
1421 1984 1558 2029 epistola
1581 1983 1727 2020 ostendit
1758 1984 1892 2020 finalem
1925 1983 2109 2022 Alexandri

1303 2071 1306 2073 ,
1350 2036 1593 2078 contumaciam
1605 2058 1616 2074 ,
1625 2035 1795 2071 fundatam
1807 2035 1843 2070 in
1854 2037 2020 2074 conflictis
2028 2046 2109 2072 con-

1215 2095 1261 2118 tra
1290 2085 1445 2120 Sanctum
1472 2080 1641 2128 G'yff'ri'llum
1659 2095 1695 2119 ac
1706 2084 1930 2119 patriarcham
1942 2087 2106 2128 Ioannem

1215 2133 1434 2177 querimoniis
1455 2157 1462 2164 .
1496 2130 1671 2170 *Ostendit
1689 2132 1911 2175 ,impetratam
1938 2135 1958 2170 ὸ,
1977 2136 2106 2179 Ioanne

1216 2184 1389 2227 specialem
1410 2183 1531 2218 sacram
1564 2181 1658 2217 fuisse
1687 2192 1804 2218 contra
1832 2193 1973 2227 quatuor
1995 2208 2009 2224 ,
2034 2195 2106 2219 non

1216 2234 1388 2267 dumtaxat
1400 2239 1516 2265 contra
1526 2240 1590 2264 tres
1601 2240 1800 2264 memoratos
1812 2231 2002 2277 Episcopos.
2023 2234 2107 2269 Exi-

1217 2282 1314 2317 stimo
1335 2288 1488 2325 quartum
1507 2279 1600 2314 fuiffe
1623 2280 1819 2315 Meletium.
1846 2282 1993 2326 Epistola
2021 2283 2103 2320 item

1216 2332 1361 2370 ostendit
1385 2330 1613 2364 Alexandrum
1635 2330 1728 2365 fuisse
1753 2331 1891 2366 similem
1912 2331 2103 2374 Moabitis,

1215 2392 1356 2428 quorum
1368 2380 1513 2425 superbia
1525 2381 1589 2414 fuit
1601 2379 1704 2424 major
1713 2392 1827 2419 eorum
1839 2382 1962 2417 viribus
1973 2406 1981 2416 .
2004 2382 2100 2418 Hinc

1216 2435 1305 2469 enim
1318 2457 1329 2473 ‚
1355 2432 1412 2476 qui
1436 2440 1528 2465 tanta
1548 2430 1590 2467 de
1614 2431 1707 2467 mille
1728 2431 2103 2476 mortiburtotiesjacta·

1217 2496 1264 2519 rat
1277 2509 1288 2525 ,
1312 2483 1378 2527 jam
1400 2484 1434 2515 in
1452 2492 1600 2517 extremo
1618 2481 1778 2526 supplicat
1792 2494 1859 2517 non
1874 2484 1982 2527 palam
2001 2483 2076 2528 ejici
2086 2506 2102 2527 ,ι

1217 2533 1271 2572 sed
1283 2533 1342 2571 sub
1351 2531 1480 2572 silentio
1490 2557 1502 2576 ,
1526 2543 1564 2568 ac
1573 2531 1641 2570 fine
1653 2531 1788 2580 strepitu
1801 2531 1951 2571 dimitti.

1413 2830 1502 2938 Q
1811 2831 1902 2939 Q

1417 2982 1504 3090 a}
1812 2983 1903 3094 Q

1873 3427 2054 3471 CAPUT
