2320 3730
409 218 507 263 252

748 205 1090 253 Vaarortum
1127 200 1373 247 Primum
1404 196 1726 264 Elusa-ozae,

335 283 446 333 Qod
470 284 588 319 doceat
614 274 749 319 unionem
771 283 930 327 ficundum
956 279 1139 338 hyp-ffl’finf
1177 279 1230 312 Ex
1275 291 1282 340 ἰ
1294 277 1436 322 probata:
1455 277 1520 334 ¹3¹⁴¹⁶
1540 280 1640 324 usque
1653 284 1732 326 paci
1749 283 2009 329 variaopposuit.
2031 280 2162 321 Primo,

335 346 404 376 quo
433 334 523 371 vides
542 332 601 370 has
621 335 850 373 Sacratiffimas
875 333 982 365 Satist!
996 329 1117 371 Cyrilli
1135 340 1229 364 voces
1276 328 1383 372 {quod
1396 327 1539 371 cyrillus
1547 328 1590 364 ad
1599 340 1712 372 pacem
1731 334 2044 371 &communionem
2063 332 2103 367 fit
2113 333 2167 368 ad.

335 385 436 432 etiam
445 383 668 421 Theodoreto
680 386 738 419 diu
751 381 968 426 displicuisse,
999 379 1043 413 Et
1055 378 1152 422 hujus
1162 379 1229 422 epi—

330 434 423 472 {161ae
433 434 630 469 Translator
641 447 700 477 pro
712 443 792 465 voce
803 456 813 472 ,
841 429 1007 473 Hypostafin
1015 430 1130 527 &²131
1136 430 1227 513 ietnriaeg

331 495 407 520 cem
418 509 430 525 ,
455 485 654 524 substanttam
665 507 671 514 .
700 482 782 520 Non
806 480 881 516 [atis
892 480 973 514 reste
987 505 993 512 .

331 532 402 569 haec
414 535 535 569 Latina
548 535 582 567 &
593 535 650 571 ista
666 532 777 566 Graeca
790 543 856 565 vox
870 531 903 564 in
918 529 1133 575 significando
1148 529 1226 562 mul·

330 583 404 620 tum
427 586 600 624 differant,
630 581 760 617 abunde
781 579 879 614 docet
903 576 1038 622 antiqua
1063 580 1101 614 lis
1112 580 1226 613 utrius·

328 645 394 677 que
417 634 570 670 Ecclesiae
595 659 605 674 ,
632 633 764 667 tandem
789 630 958 673 pacificata
992 642 1048 674 per
1069 631 1223 665 Sanctum

328 683 568 719 Athanasium.
595 683 715 723 Latina
740 680 882 719 Ecclesia
909 691 989 715 tunc
1015 681 1148 725 quidem
1171 681 1224 715 ad·

327 735 415 768 mifit
435 732 520 770 hanc
542 732 819 776 propositionem,
845 733 917 765 Tres
943 734 1069 764 DIvinae
1086 729 1221 774 persona

320 782 394 824 sunt
415 792 477 815 tres
499 779 656 823 hypostases
678 805 690 823 ,
718 792 887 825 nunquam
915 780 993 816 vero
1016 779 1124 816 hanc:
1147 783 1219 815 Tres

323 833 441 870 divina
448 830 584 875 persone
599 829 671 874 funt
690 840 751 865 tres
758 829 933 874 substantia
946 857 953 864 .
982 833 1066 867 Eam
1080 831 1125 866 est
1141 832 1217 866 sem·

325 893 380 925 per
402 883 558 917 aversata.
586 881 699 918 Latini
720 880 852 923 Patres,
879 883 937 927 qui
958 883 1024 926 ipsa
1051 881 1156 923 olim,
1183 882 1216 915 &

322 931 458 975 quidem
481 931 659 971 rarissime,
683 932 756 967 sunt
778 933 824 966 usi
839 957 851 974 ,
877 933 1127 967 fueruntlocuti
1141 931 1216 965 libe-

319 983 408 1021 rius.
437 981 494 1019 Ab
513 982 602 1017 illius
621 982 687 1017 litis
710 994 857 1026 tempore
881 994 942 1019 nos
962 983 1077 1020 Latini
1100 984 1214 1016 Graecae

321 1033 419 1072 voci,
447 1031 608 1077 Hypostafir
624 1057 636 1074 ,
660 1034 893 1077 aequiparamus
912 1034 1056 1069 nostram
1078 1043 1188 1069 vocem
1201 1055 1212 1070 ‚

317 1081 505 1124 subsistentia
518 1108 525 1115 .
553 1082 694 1117 Praesens
717 1083 914 1125 Translator
932 1083 974 1117 ab
986 1081 1051 1116 hoc
1065 1092 1155 1115 more
1167 1092 1210 1115 re-

313 1133 424 1166 ceffit.
455 1131 616 1167 Attamen
640 1144 709 1165 non
730 1133 775 1165 est
798 1134 919 1166 mIrum
935 1156 942 1163 .
960 1131 1211 1166 *Nam&Late-

312 1181 454 1223 ‚ranenfis
475 1181 707 1224 SanctiPapae
735 1181 874 1215 Martini
906 1181 1062 1224 Synodus
1091 1179 1210 1215 affidue

313 1232 401 1265 iliud
415 1231 512 1265 facit.
541 1231 743 1276 Frequenter
757 1229 859 1265 dicit:
888 1234 960 1264 Unio
971 1230 1210 1276 secundumfub-

243 1287 245 1291 ⁴
268 1311 270 1313 .
310 1281 475 1326 stantiam.
511 1281 623 1315 Etiam
645 1282 711 1325 ipse
737 1283 869 1316 octavus
890 1280 965 1316 fidei
983 1293 1088 1316 canon
1103 1282 1207 1325 praedi-

310 1342 366 1366 cat
387 1332 546 1372 unionem
566 1331 811 1369 substantialem
835 1357 842 1365 .
869 1332 999 1366 Graecus
1023 1343 1131 1367 textus
1155 1331 1208 1366 ha-

314 1381 391 1416 bet:
420 1384 581 1422 secundum
593 1382 764 1425 hypostcrfin.
794 1383 851 1417 Est
879 1381 1008 1422 Phrasis
1027 1381 1126 1417 hodie
1137 1394 1204 1416 non

308 1432 405 1469 facile
425 1433 602 1467 mutanda.

362 1481 480 1516 ‹Tertia
493 1481 702 1517 Theodoreti
715 1484 799 1517 ratio
812 1484 855 1518 est
872 1493 987 1518 contra
1000 1480 1135 1516 tertium
1147 1482 1210 1516 Ca·

308 1532 451 1575 pituium
466 1546 477 1565 .-
510 1533 613 1578 Quod
625 1533 743 1567 doceat
756 1533 838 1568 inter
849 1534 992 1567 Domini
1007 1541 1136 1567 naturas
1147 1533 1208 1566 effe

309 1592 537 1620 conventum,
565 1584 619 1616 seu
645 1583 832 1617 unitionem
858 1582 1052 1616 naturalem.
1081 1579 1207 1627 Qarta

307 1631 394 1667 ratio
409 1631 454 1664 est
474 1638 589 1665 contra
602 1631 839 1667 duodecimum
859 1633 1073 1676 Capitulum:
1101 1631 1205 1680 Qod

308 1680 427 1719 doceat
440 1682 552 1719 Deum
567 1681 716 1716 Verbum
728 1685 790 1716 effe
815 1693 985 1717 mortuum
995 1707 1005 1724 ,
1031 1694 1068 1716 ac
1083 1682 1209 1717 resusci-

307 1741 415 1766 tatum
438 1731 455 1765 a
485 1731 640 1766 mortuis.
669 1733 799 1779 Qinta
818 1733 902 1767 ratio
926 1734 970 1767 est
993 1741 1107 1768 contra
1119 1743 1210 1775 quar-

307 1791 379 1817 tum
393 1782 608 1824 Capitulumz
636 1781 743 1829 Qod
765 1782 947 1816 interdicat
962 1783 1160 1816 idiomatum
1173 1782 1207 1815 in

312 1830 446 1865 Christo
471 1830 624 1865 Domino
647 1830 941 1866 distributionem.
969 1832 1051 1867 Haec
1073 1833 1106 1866 δε
1128 1842 1207 1875 quae-

307 1881 384 1918 dam
406 1881 470 1914 alia
496 1879 734 1915 Theodoretus
754 1882 880 1928 semper
905 1881 1030 1916 censuit
1050 1882 1157 1916 aliena
1168 1881 1208 1915 ab

311 1931 524 1975 Evangelicis
551 1930 764 1975 dogmatibus
782 1956 793 1971 ‚
818 1943 856 1967 ac
875 1931 1046 1975 desumpta
1060 1943 1100 1965 ex
1112 1930 1208 1966 haere-

307 1981 386 2014 ticis
400 1980 535 2013 zizaniis
548 1980 749 2023 Apollinarii
761 1982 903 2025 ideoque
912 1981 1135 2016 abominanda
1145 1983 1206 2015 esse

312 2030 479 2072 Capitula.
507 2029 553 2062 At
567 2029 656 2073 quod
669 2031 767 2063 fuerit
780 2032 922 2074 graviter
931 2031 1206 2072 circumscriptus,

311 2079 513 2114 demonstrat
538 2089 688 2122 quartum
700 2079 893 2121 Capitulum
905 2103 912 2110 .
938 2078 1113 2112 Hocenim
1125 2078 1206 2111 idio-

308 2141 397 2171 mata
418 2139 517 2174 negat
528 2129 617 2177 posse
627 2127 777 2162 distribui
788 2153 799 2169 ,
826 2127 939 2163 verum
952 2139 1158 2172 nequaquam
1170 2128 1205 2161 in

308 2181 390 2215 duas
404 2189 536 2213 naturas
549 2203 559 2218 ,
588 2178 642 2211 sed
655 2177 828 2213 dumtaxat
842 2179 877 2211 in
888 2178 971 2214 duas
991 2177 1182 2221 hypostases
1194 2202 1204 2218 ‚

307 2231 362 2263 seu
376 2229 525 2272 personas
542 2250 549 2257 .
576 2227 713 2260 Interim
739 2225 977 2261 Theodoretus
995 2226 1135 2262 credidit
1149 2227 1208 2261 ista

309 2280 423 2313 omnia
447 2276 648 2312 circumduci
674 2287 712 2310 ac
742 2274 839 2318 abjici
862 2286 916 2320 per
948 2275 1206 2320 pacificatoriam

309 2329 482 2374 epistolam
499 2353 509 2368 ,
535 2336 632 2370 atque
653 2326 698 2360 ita
723 2327 884 2360 consensit
907 2326 943 2359 in
965 2337 1094 2369 pacem.
1123 2325 1208 2371 Agit

310 2381 444 2415 Divinae
455 2378 650 2414 Clementiae
663 2378 803 2421 gratias,
831 2376 920 2420 quod
932 2376 1069 2421 dignata
1088 2377 1123 2410 sit
1140 2377 1206 2419 Cy-

313 2431 425 2464 rillum
450 2429 492 2463 ad
517 2428 746 2471 poenitentiam
760 2427 934 2470 perducere
957 2427 1046 2468 quod
1059 2425 1132 2460 blesr
1148 2426 1205 2460 lin-

313 2492 413 2526 guam
428 2479 583 2519 solverit,
608 2489 645 2512 ac
658 2479 820 2512 incertum
847 2478 965 2512 sonum
982 2477 1148 2521 perfecerit
1170 2478 1205 2511 in

311 2534 442 2565 suavem
456 2542 493 2564 ac
505 2529 711 2563 articulatam
723 2539 838 2562 vocem
852 2552 860 2560 .

365 2583 467 2625 Supra
479 2578 683 2615 audivimus,
708 2577 798 2618 quod
818 2577 953 2610 sanstus
967 2576 1112 2617 Cyrillus
1137 2576 1206 2611 fim-

312 2632 414 2675 plici,
444 2641 543 2673 quam
572 2628 714 2669 Ioannes
735 2625 967 2660 Antiochenus
991 2637 1045 2670 per
1058 2627 1199 2663 Paulum

311 2681 513 2715 Emesenum
539 2679 682 2715 fecerat,
708 2675 786 2709 fidei
814 2676 1010 2720 professione
1033 2687 1102 2711 non
1125 2688 1207 2712 con-

312 2739 425 2765 tentus
440 2753 450 2770 ‚
476 2726 529 2761 sed
553 2728 687 2760 cunstos
708 2725 725 2758 ἐι
739 2725 895 2770 Principe
906 2726 1104 2771 praescriptos
1116 2727 1204 2771 pacis

313 2779 471 2814 articulos
495 2777 685 2812 constanter
698 2776 812 2809 volens
830 2777 976 2820 expletos
991 2802 1002 2818 ,
1026 2787 1105 2811 cum
1115 2777 1204 2811 disto

314 2830 423 2864 Paulo
446 2840 484 2862 ac
497 2827 665 2862 Aristolao
677 2825 836 2860 Tribuno
858 2827 1014 2871 legaverit
1037 2827 1120 2863 duos
1133 2829 1205 2862 suos

314 2880 465 2914 Clericos
478 2902 489 2918 ‚
517 2877 551 2911 in
572 2887 712 2920 quorum
724 2876 892 2920 praesentia
915 2877 1057 2920 Joannes
1077 2877 1205 2912 deberet

314 2930 486 2965 admittere
510 2925 751 2977 &subscribere
774 2925 1023 2966 damnationem
1035 2927 1205 2969 Nestorii,

316 2982 350 3015 <Sc
365 2980 622 3015 ordinationem
645 2976 871 3018 Maximiani,
898 2988 958 3012 nec
983 2989 1053 3012 non
1074 2978 1110 3014 δε
1130 2990 1205 3014 ana-

316 3031 429 3066 thema
442 3031 478 3064 in
502 3027 648 3066 Nestorii
659 3026 841 3064 dominam
860 3051 868 3059 .
894 3027 1016 3062 Clerici
1039 3026 1205 3064 habebant

319 3082 377 3115 ista
390 3081 617 3116 continentem
630 3077 779 3112 libellum
792 3102 803 3118 ,
830 3078 865 3115 δε
877 3077 994 3121 Ioanni
1005 3100 1015 3116 ‚
1025 3087 1200 3121 antequam

319 3131 531 3165 subscriberet
542 3144 556 3169 ‚·
579 3129 612 3164 &
626 3129 643 3163 a
667 3129 792 3164 cunctis
814 3127 877 3162 suis
887 3127 1055 3171 Episcopis
1071 3128 1202 3167 subscri?

323 3180 469 3214 bendum
482 3179 670 3223 sponderet,
697 3179 943 3216 communicare
954 3189 1022 3212 non
1035 3189 1203 3221 poterant,

321 3240 384 3264 nec
399 3230 521 3264 tradere
544 3229 778 3272 pacificatorias
797 3228 916 3266 litteras
930 3254 937 3261 .
966 3228 1076 3262 Etista
1089 3231 1200 3264 omnia

327 3280 467 3326 Joannes
491 3280 607 3312 fecerat
630 3301 641 3318 ‚
668 3290 706 3312 ac
732 3279 950 3323 spoponderat
971 3303 978 3312 .
1006 3279 1202 3315 Occultabat

322 3339 455 3370 tamen;
482 3329 590 3361 &nec
614 3327 670 3370 ipfi
684 3326 901 3364 Theodoreto
911 3328 1068 3366 credidit.
1096 3330 1203 3366 Arve-

323 3378 364 3418 rr)
373 3376 427 3416 hic
439 3377 570 3416 aliunde
582 3377 784 3415 intellexerat
803 3379 938 3423 omnia,
961 3379 1103 3426 ideoque
1113 3392 1201 3417 com-

1275 377 2167 476 i3²¹:‘5352’032153335‘{22:3122252345:12‘3'313231'25

1275 470 1518 515 ἶοιῑειιωιιῑιηιε
1538 480 1728 526 Episcopis:
1756 481 1861 531 Qod
1885 482 1926 516 ab
1935 484 1991 524 „ejx
2011 483 2166 526 libellos,

1289 529 1499 573 profeffiones
1511 555 1522 571 ,
1548 543 1587 565 ac
1598 531 1847 577 subscriptiones
1868 543 1938 568 non
1957 530 2166 579 poffitexige-

1286 591 1334 614 re.
1362 579 1535 622 Secundo,
1562 582 1653 627 quod
1675 582 1734 618 ista
1755 583 1906 627 professio
1918 593 1988 616 non
1999 583 2060 618 soli
2070 583 2166 628 justi-

1286 630 1337 667 tiae
1356 631 1540 666 adversetur
1559 656 1571 673 ,
1597 630 1651 668 sed
1667 633 1771 670 etiam
1796 632 1990 669 orthodoxae
2015 633 2163 678 veritati.

1288 680 1422 716 Etenim
1436 681 1670 718 Theodoretus
1680 680 1806 720 credere
1817 683 1941 720 dudum
1952 695 2023 718 non
2032 683 2142 727 potuit
2152 707 2166 724 ,

1287 731 1376 772 quod
1397 731 1570 768 Nestorius
1592 733 1751 772 docuisset
1773 733 1851 768 falsa
1873 758 1884 775 ,
1925 731 2069 777 adeoque
2089 734 2167 768 esset

1283 780 1364 823 juste
1374 780 1538 826 depositus
1547 808 1555 816 .
1585 783 1734 820 Credidit
1745 785 1911 828 Cyrillum
1923 782 2084 819 horrende
2095 795 2168 827 pras·

1283 831 1440 866 varicari:
1468 843 1583 876 utpote
1601 836 1658 879 qui
1679 835 1855 886 postularet
1877 833 2052 870 anathema
2075 833 2167 867 istius

1282 882 1444 924 veritatis,
1472 893 1525 927 per
1545 883 1638 927 cujus
1663 885 1892 929 profeffionem
1913 885 1980 929 ipse
1990 883 2032 919 ab
2041 883 2168 927 opposi-

1280 941 1317 965 to
1330 943 1437 967 errore
1456 935 1630 968 conversus
1652 946 1689 969 ac
1712 937 1874 980 poenitens
1896 934 2112 979 recipiebatur
2130 932 2166 967 in

1279 981 1475 1018 Ecclesiam.
1501 983 1624 1020 Tertio
1635 985 1793 1026 affirmat,
1817 985 1909 1030 quod
1933 994 2008 1020 ante
2031 980 2167 1019 inchoa-

1279 1042 1349 1069 tum
1371 1034 1459 1076 pacis
1469 1032 1665 1071 Tractatum
1690 1035 1876 1070 Patriarcha
1887 1035 2030 1078 Joannes
2043 1032 2167 1068 cunstis

1279 1083 1342 1116 suis
1365 1080 1535 1126 Episcopis
1557 1085 1747 1127 promisisset
1768 1085 1936 1120 neminem
1952 1086 1972 1119 a
2000 1086 2031 1119 se
2041 1094 2168 1129 cogen-

1276 1130 1356 1165 dum
1368 1132 1409 1165 ad
1419 1132 1668 1168 subscribendos
1679 1134 1862 1170 istiusmodi
1871 1135 2027 1171 articulos
2038 1160 2047 1170 .
2058 1133 2161 1169 Haud

1278 1179 1375 1215 dubie
1389 1181 1422 1216 id
1435 1182 1624 1225 promiserat
1634 1184 1671 1217 in
1683 1183 1877 1218 Berrhaeensi
1903 1185 1988 1228 apud
1999 1183 2165 1226 Acacium

1277 1231 1437 1275 Synodo.
1464 1231 1559 1266 Hinc
1570 1231 1808 1268 Theodoretus
1834 1234 1962 1277 stupet,
1990 1229 2169 1278 quodmo-

1275 1282 1320 1316 do
1330 1282 1396 1326 ipse
1406 1281 1534 1316 dicatur
1547 1294 1615 1318 non
1629 1281 1841 1319 solummodo
1852 1283 2061 1328 subscripsisse
2071 1284 2093 1322 ,l
2110 1281 2165 1316 sed

1275 1333 1309 1366 ὅ(
1322 1331 1528 1376 spopondisse
1550 1333 1634 1370 istud
1647 1334 1753 1378 ipsum
1774 1333 1963 1370 faciendum
1981 1334 2000 1368 a
2012 1334 2079 1369 suis
2089 1331 2166 1375 Epi-

1276 1383 1380 1426 scopis
1400 1407 1407 1414 .
1445 1382 1540 1417 Hinc
1563 1383 1788 1419 instantissime
1824 1383 1984 1427 supplicat
2007 1395 2015 1414 ε
2051 1381 2165 1428 ..2¹⁶aest

1273 1433 1468 1464 sam‘lteatem
1489 1443 1593 1474 tuam,
1619 1435 1773 1467 &iterum
1796 1431 1894 1476 quaeso
1912 1441 1948 1466 ut
1958 1433 2063 1467 doceas
2084 1442 2163 1471 nos,

1273 1490 1375 1516 utrum
1394 1493 1469 1515 vera
1484 1481 1524 1524 fit
1538 1506 1550 1523 ,
1575 1494 1644 1525 quae
1669 1495 1770 1518 omnes
1789 1495 1842 1516 nos
1858 1482 2056 1525 pertrabavlt
2069 1506 2080 1522 ,
2105 1487 2164 1524 op}-

1273 1538 1321 1567 m‘o
1348 1557 1354 1567 ,
1384 1532 1537 1567 Affirmat
1558 1544 1629 1567 non
1647 1534 1679 1568 se
1700 1534 1805 1568 solum
1829 1557 1840 1573 ‚
1868 1533 1924 1568 sed
1944 1532 2164 1571 cunstossuae

1273 1582 1458 1615 Provincia:
1470 1582 1653 1624 Episcopos
1674 1585 1769 1617 fuisse
1785 1584 1957 1617 concussos
1975 1593 2018 1617 ex
2030 1582 2096 1616 isto
2111 1592 2164 1616 ru-

1273 1642 1377 1665 more.
1405 1631 1450 1664 Et
1460 1631 1634 1676 adjungit:
1664 1639 1725 1672 Hqc
1748 1636 1781 1665 in
1802 1636 1949 1666 communi
1969 1630 2069 1665 cun&
2085 1629 2164 1674 scra·-

1270 1681 1338 1715 bere
1359 1681 1504 1715 voluimus
1530 1706 1541 1721 ,
1561 1679 1618 1723 sed
1637 1681 1869 1716 deliberavimus
1893 1705 1906 1723 ‚
1926 1687 2032 1725 potius
2052 1691 2104 1724 ego
2125 1682 2162 1715 Θ

1272 1733 1409 1765 Andreas
1433 1729 1599 1774 Episcopus
1623 1741 1682 1764 non
1705 1732 1884 1772 Syneclyncls
1906 1754 1918 1772 ,
1942 1728 2002 1774 sed
2020 1729 2164 1764 amicabi-

1271 1782 1350 1815 libus
1371 1783 1483 1814 litteris
1501 1779 1551 1821 hec
1571 1789 1623 1822 tuq
1644 1778 1822 1824 innotescere
1843 1780 2007 1814 sanatura·
2019 1804 2031 1822 ,
2056 1780 2092 1814 Θ
2111 1778 2164 1823 sa-

1266 1831 1424 1873 pientibus
1440 1829 1684 1866 medicaminibus
1702 1837 1761 1864 tuis
1777 1840 1870 1870 eam,
1896 1842 1954 1874 que
1975 1842 2015 1865 ex
2026 1834 2164 1874 opinione

1271 1890 1347 1916 nata
1374 1880 1413 1921 est
1429 1904 1440 1921 ‚
1462 1880 1719 1923 perturbationem
1728 1880 1875 1922 restituere
1883 1880 2036 1924 sanitati.
2062 1879 2162 1915 Affir-

1271 1943 1340 1966 mat
1352 1930 1446 1965 istam
1461 1931 1690 1974 professionem
1711 1944 1748 1966 ac
1762 1931 2036 1976 subscriptionem
2057 1929 2162 1966 nulla-

1272 1983 1366 2016 tenus
1379 1982 1451 2015 fore
1462 1981 1701 2017 admittendam
1713 1982 1730 2016 ὲ
1741 1983 1795 2016 sua
1809 1981 1987 2016 Provincia
1998 2006 2006 2014 .

1321 2030 1481 2065 Notanda
1504 2033 1579 2065 sunt
1605 2032 1717 2067 finalia
1738 2031 1839 2069 verba
1861 2045 1870 2065 ε
1909 2035 1957 2067 De
1974 2043 2039 2068 meo
2059 2041 2161 2067 autem

1271 2082 1420 2117 DomIno,
1447 2080 1626 2118 Sanc‘liffimo
1637 2081 1782 2122 Episcopo
1795 2082 1987 2122 Alexandro,
2011 2093 2152 2124 rogamus

1269 2136 1355 2162 tuum
1366 2127 1507 2160 santium
1519 2131 1621 2169 Caput
1631 2153 1642 2169 ,
1669 2138 1704 2162 ut
1714 2137 1769 2161 tua
1781 2137 1870 2162 utens
1891 2129 2025 2172 consueta
2031 2129 2156 2173 sopien-

1270 2183 1318 2211 ttae
1340 2176 1483 2219 sustineas
1503 2184 1674 2219 patienter.
1705 2180 1863 2212 Credimus
1884 2185 1964 2212 enlm
1983 2204 1995 2222 ‚
2021 2186 2098 2223 quta
2122 2181 2159 2214 ὃ·

1269 2225 1332 2269 ipse
1353 2238 1415 2260 una
1438 2225 1586 2268 nobiscum
1608 2229 1763 2263 voluntate
1783 2226 1964 2271 consentlat:
1991 2228 2062 2270 Etsi
2079 2241 2157 2264 nunc
2189 2267 2199 2272 v

1272 2275 1428 2320 amblgat,
1448 2274 1647 2319 subtilitatem
1660 2282 1811 2311 nominum
1831 2289 1959 2322 querens
1972 2303 1984 2320 ,
2006 2289 2045 2313 ,ac
2066 2284 2158 2314 mini-

1267 2327 1316 2359 m?
1339 2326 1490 2360 intelle&
1511 2326 1676 2370 conf'effione
1701 2336 1855 2362 contentus
1885 2354 1893 2361 .
1922 2329 2058 2365 Doeent
2093 2341 2158 2365 nos

1271 2376 1361 2420 plura
1380 2400 1388 2408 .
1415 2375 1529 2411 Primo
1549 2400 1562 2416 ‚
1587 2377 1678 2419 quod
1711 2377 1922 2422 Euphratesia
1955 2377 2156 2420 Provincia,

1270 2425 1411 2471 acceptis
1423 2426 1559 2469 Joannis
1571 2425 1766 2462 Patriarchae
1784 2427 1903 2462 litteris
1914 2428 2090 2472 synodum
2111 2430 2158 2464 fe-

1270 2477 1349 2511 cerit
1363 2501 1374 2517 ,
1399 2475 1582 2511 deliberans
1593 2475 1634 2511 de
1645 2477 1845 2521 acceptanda
1857 2489 1953 2521 pace.
1980 2477 2156 2518 Secundo,

1272 2525 1362 2570 quod
1386 2526 1490 2569 ipsam
1514 2527 1747 2569 acceptandam
1769 2527 1901 2562 duxerit
1917 2552 1929 2568 ,
1953 2538 2090 2573 excepta
2110 2540 2158 2563 ta-

1269 2588 1346 2611 men
1371 2577 1501 2619 praefata
1526 2577 1722 2618 professione
1749 2588 1787 2611 ac
1814 2577 2055 2621 subscriptione
2077 2603 2090 2620 ,
2115 2577 2156 2612 de

1266 2637 1330 2670 qua
1355 2626 1483 2658 nullam
1507 2625 1714 2659 mentionem
1742 2626 1908 2661 faciebant
1942 2627 2057 2662 litterae
2082 2652 2096 2669 ‚
2121 2630 2156 2663 δε

1266 2685 1369 2718 quam
1381 2674 1450 2708 sola
1465 2674 1550 2707 fama
1566 2674 1735 2719 spargebat
1747 2699 1756 2709 .
1781 2674 1901 2710 Tertio
1912 2699 1923 2715 ‚
1948 2677 2040 2720 quod
2051 2679 2157 2721 Syno-

1266 2727 1327 2761 dus
1341 2724 1427 2760 hanc
1439 2723 1629 2758 relationem
1642 2747 1653 2763 ‚
1679 2724 1798 2759 timens
1808 2727 1880 2760 fore
1896 2725 2058 2771 ingratam
2070 2728 2156 2768 ,Pa-

1267 2773 1416 2812 triarcbae
1428 2775 1486 2808 suo
1506 2770 1610 2808 facere
1624 2774 1767 2809 noluerit
1782 2786 1837 2819 per
1862 2776 2048 2820 Synodales
2067 2778 2153 2813 litte-

1266 2838 1314 2862 ras
1325 2851 1337 2868 ,
1362 2825 1416 2860 sed
1429 2823 1612 2859 faciendam
1625 2824 1822 2870 delegaverit
1836 2837 1890 2870 per
1903 2827 2079 2862 familiares
2100 2828 2153 2862 lit-

1265 2888 1347 2912 teras
1356 2874 1497 2911 duorum
1533 2875 1592 2918 ipsi
1614 2875 1882 2910 amicissimorum
1895 2877 2151 2921 Episcoporum:

1265 2924 1474 2962 Theodoreti
1500 2937 1538 2959 ac
1552 2923 1692 2960 Andreae
1709 2951 1716 2958 .
1744 2924 1896 2972 Quarto,
1925 2925 2015 2970 quod
2026 2927 2153 2963 Metro·

1265 2976 1368 3022 polita
1391 2973 1582 3010 Alexander
1601 2975 1643 3010 de
1663 2974 1725 3010 hac
1749 2987 1827 3019 pace
1840 2987 1882 3011 ne
1894 2976 2028 3021 quidem
2039 2978 2152 3012 audire

1263 3026 1406 3064 voluerit
1428 3052 1436 3059 .
1475 3024 1580 3073 Qd
1604 3024 1820 3069 repudiaverit
1843 3027 1945 3062 etiam
1966 3027 2152 3071 pacificato-

1263 3077 1344 3112 riam
1358 3076 1468 3112 Sancti
1486 3075 1607 3119 Cyrilli
1618 3076 1795 3120 epistolam
1807 3102 1815 3110 .
1842 3077 1978 3113 Interim
1988 3077 2151 3113 Theodo-

1264 3137 1350 3165 retus
1374 3125 1596 3163 patriarcham
1618 3135 1733 3171 rogat,
1760 3127 1914 3170 utipsstm
1938 3129 2098 3171 patienter
2107 3126 2149 3163 ad

1265 3188 1392 3221 tempus
1411 3178 1564 3218 sufferat,
1595 3177 1723 3220 sperans
1754 3177 1897 3212 suaviter
1920 3176 2146 3213 inducendum

1264 3229 1305 3264 ad
1328 3227 1488 3263 saniorem
1515 3228 1644 3262 sensum
1669 3225 1896 3272 pacificatoriae
1916 3229 2082 3277 epistolae,
2105 3237 2144 3262 ac

1261 3279 1304 3315 ad
1314 3277 1499 3321 amplexum
1514 3278 1602 3322 pacis
1613 3303 1620 3311 .

1313 3327 1357 3364 Et
1367 3327 1446 3364 hinc
1468 3329 1574 3364 oritur
1583 3328 1716 3373 quaestio
1726 3351 1738 3369 ‚
1765 3326 1821 3365 An
1832 3327 1892 3363 iste
1901 3324 2087 3364 Alexander
2096 3337 2142 3360 re-

1264 3390 1338 3416 vera
1362 3379 1462 3416 fuerit
1481 3379 1696 3419 Nestorianus
1720 3378 1927 3418 Horeticus?
1945 3375 2146 3421 Respondeo

1977 3436 2099 3474 partem
