2320 3730
340 144 453 198 ‘4³04

268 230 360 256 rante
370 217 475 264 gratia
486 241 497 258 ,
523 214 650 253 Summi
661 214 842 252 Sacerdotis
854 213 1079 250 celsitudinem
1100 209 1157 265 ob·

267 272 412 304 tinemus
430 292 437 300 .
467 266 592 301 Vestris
611 268 713 313 igitur
727 263 961 312 petitionibus,
989 261 1159 295 Dileetissi-

267 322 313 354 mi
335 318 435 358 Filii,
463 318 641 360 clementer
662 323 840 356 minuentes
856 337 868 354 ‚
892 323 934 347 ex
956 310 1156 355 Apostolicae
1195 330 1197 334 ι

266 369 361 404 Sedis
374 369 467 402 solita
481 369 628 414 largitate
652 369 837 404 donamus,
863 362 1100 401 concedimus,
1126 360 1159 394 &

264 419 464 454 remittimus
501 419 594 454 vobis
614 442 625 458 ,
659 428 697 450 ac
720 427 776 458 per
795 425 854 447 vos
888 412 1036 447 Eccleliae
1064 410 1157 444 Beati

263 468 434 504 Laurentii
461 493 473 510 ,
497 468 590 512 eu'jus
611 463 795 500 venerabile
817 464 932 498 Altare
955 461 1071 497 nostris
1102 471 1158 504 per

262 519 328 553 Dei
355 519 492 564 gratiam
515 542 526 557 ‚
566 526 723 559 tanquam
746 515 840 549 Beati
867 513 956 547 Petri
983 509 1156 551 manibus,

252 571 380 606 ›ostavo
409 567 565 603 kalendas
600 566 690 609 Junii
721 590 732 606 ,
770 564 960 600 solemniter
993 561 1155 596 consecra-

262 630 336 655 tum
356 619 401 654 est
423 643 433 659 ‚
470 627 587 651 omnes
610 616 754 652 redditus
778 615 1008 659 poffeffionum
1034 636 1046 654 ‚
1072 623 1154 656 quas

261 672 362 712 usque
377 668 476 701 hodie
486 665 613 702 habetis
626 668 661 701 in
673 666 772 701 maffa
792 665 834 700 de
847 664 999 700 Vestario
1011 688 1022 704 ‚
1049 664 1102 697 seu
1118 663 1151 695 in

261 721 353 763 sylva
366 719 487 762 proba,
511 717 609 752 fitain
619 718 733 752 eadem
745 716 842 751 massa
853 734 865 757 ‚⁴
886 714 1040 750 videlicet
1049 712 1154 752 terris,

258 770 348 810 villa,
359 769 588 812 vineis,pratis‚
604 768 703 812 sylvis
714 768 746 801 δε
758 767 920 811 scrupetis,
933 763 1060 799 Rustici
1074 774 1152 807 quo-

259 830 323 863 que
333 844 344 859 ,
369 818 427 863 qui
452 816 615 853 ineisdem
627 816 874 862 poffeffionibus
887 815 1036 850 habitant
1047 815 1081 848 in
1095 814 1149 848 do·

258 870 365 903 minio
388 870 510 913 semper
530 880 569 903 ac
587 869 718 903 ditione
729 868 828 903 vestra
840 875 1069 911 permaneant,
1095 863 1152 899 sal-

258 931 301 953 vo
310 920 406 953 censu
421 918 562 953 duorum
574 919 855 954 marabolinorum
867 941 878 958 ‚
901 915 993 962 quod
1003 915 1045 950 ad
1057 914 1151 958 hujus

257 970 375 1004 nostrae
398 969 590 1004 donationis
604 970 765 1004 indicium
778 969 812 1003 in
827 966 1062 1003 Anniversario
1073 976 1151 1000 con-

256 1020 448 1054 secrationis
471 1021 605 1064 praefatae
618 1021 751 1064 lingulis
763 1020 861 1053 annis
870 1016 1078 1053 Lateranenfi
1092 1014 1153 1047 Pa·

255 1070 340 1105 latio
369 1071 580 1113 persolvetis.
605 1069 779 1112 Propterea
802 1069 1037 1102 confirmamus
1059 1065 1153 1099 vobis

256 1119 436 1154 Ecclesiam
461 1121 581 1155 Sanstae
605 1118 714 1151 Luciae
745 1118 780 1151 ὅ(
805 1117 911 1152 Sancti
946 1114 1152 1158 Hippolyti,

255 1181 355 1215 quam
379 1170 538 1203 aedificare
559 1166 703 1202 debeatis
717 1192 728 1208 ,
755 1168 790 1201 in
814 1167 935 1201 eisdem
957 1164 1154 1209 poss'effioni·

254 1219 316 1254 bus
328 1218 512 1262 supradictae
523 1219 629 1253 maffae
644 1242 655 1259 ,
682 1218 771 1253 salvo
785 1218 819 1251 in
832 1216 987 1252 omnihus
997 1215 1065 1259 jure
1077 1215 1151 1259 Epi·

255 1270 347 1313 scopi
362 1293 370 1301 .
398 1269 578 1303 Statuimus
598 1269 701 1314 igitur
722 1293 734 1309 ,
760 1277 796 1302 ut
819 1266 907 1303 nulla
929 1266 1149 1302 Ecclesiastica

254 1319 450 1354 saecularisve
463 1320 595 1362 persona
608 1318 694 1353 hanc
707 1318 824 1353 nostrae
841 1317 1087 1353 constitutionis
1101 1327 1147 1358 pa-

257 1373 374 1415 ginam
397 1370 578 1415 infringere
598 1370 784 1413 praesumat3
810 1365 1149 1415 andfipnmsumpse-

252 1421 294 1454 rit
310 1446 322 1461 ‚
349 1420 514 1464 potestatis
542 1418 742 1464 honorisque
765 1419 813 1454 sui
839 1416 1151 1464 dignitategcareat,

251 1480 354 1514 atque
378 1471 411 1504 in
437 1480 585 1504 extremo
599 1472 752 1505 examine
774 1466 1152 1513 distristaef,·ultionisub7

252 1520 374 1566 jaceat.
407 1520 476 1567 Qi
498 1522 574 1555 vero
593 1522 802 1557 conservator
822 1519 983 1555 exstiterit
1008 1542 1023 1559 ,
1046 1517 1151 1551 omni·

253 1571 399 1616 potentis
414 1571 479 1604 Dei
496 1570 734 1614 Apostolorum
746 1569 815 1613 ejus
836 1570 924 1605 Petri
937 1570 971 1604 &
981 1566 1076 1609 Pauli
1087 1578 1151 1601 me-

251 1622 324 1656 ritis
348 1645 359 1661 ,
386 1620 649 1660 benedictionem
688 1623 722 1657 &
750 1622 890 1667 gratiam
913 1622 1152 1663 consequatur.

253 1672 384 1707 Datum
407 1671 493 1715 apud
505 1671 659 1710 Sannum
671 1671 806 1710 Petrum
817 1697 825 1705 .

266 1794 340 1804 ,α-

322 1883 806 1954 EPIsTOLA
855 1885 1079 1934 xxxm.

337 2024 375 2057 T
400 2026 538 2068 antiqua
561 2025 752 2071 Religionis
762 2025 1028 2064 tuaememoria5
1042 2025 1153 2059 &offi-

362 2076 451 2110 ciosa
474 2074 655 2108 probitatis
678 2085 742 2109 tuae
751 2076 882 2108 solertia
905 2086 967 2107 nos
980 2074 1157 2106 faciuntde

256 2133 291 2159 te
317 2125 411 2159 valde
438 2125 625 2162 confidere,
652 2134 689 2158 ut
710 2122 990 2158 sthismaticornm
1011 2122 1045 2156 ἀ
1069 2121 1160 2155 obla·

255 2176 415 2208 trantium
434 2170 626 2214 vaniloquia
648 2182 718 2205 non
734 2171 884 2205 attendas
900 2195 913 2210 ‚
939 2171 993 2203 sed
1017 2171 1050 2202 in
1065 2171 1157 2203 Beati
1223 2189 1248 2199 .-

254 2224 345 2260 Petri
374 2223 530 2263 servitio,
554 2222 588 2255 δε
610 2231 722 2256 amore
733 2219 848 2256 nostro
870 2217 1160 2260 solitafideiconr

258 2273 387 2311 stantia
401 2275 604 2319 perseveres,
630 2272 695 2306 διε.

335 2455 376 2501 Ε
400 2455 436 2500 P
463 2455 484 2500 1
510 2453 537 2499 s
565 2450 608 2498 T
634 2453 680 2499 ο
705 2452 742 2498 L
767 2448 824 2499 A·
858 2435 1156 2511 'xxx1v.'‘fj³

356 2575 384 2608 Β
406 2573 478 2617 ipso
501 2571 618 2606 nostrae
636 2568 871 2610 Ordinationis
891 2568 1074 2616 primordio
1086 2570 1162 2609 Frae

370 2625 555 2658 ternitatem
567 2634 659 2657 tuam
672 2621 983 2665 comperimuscirea
992 2632 1056 2665 nos
1066 2620 1162 2665 devo·

261 2685 334 2709 tam
347 2674 482 2708 existere
495 2698 506 2714 ,
530 2672 813 2707 &oblati-antium
828 2673 1020 2717 ,vaniloquia
1032 2669 1163 2716 sscfilfiz

265 2734 347 2760 tates
371 2723 479 2758 solerti
504 2721 674 2766 prudentia
697 2723 888 2757 confutare.
914 2722 1052 2765 Propter
1072 2719 1162 2765 quod

266 2784 363 2811 tanto
396 2784 485 2807 nunc
509 2772 677 2806 uberiores
698 2771 758 2804 tibi
794 2783 900 2816 grates
936 2771 1163 2815 rependimus,

269 2823 398 2869 quant&
420 2821 584 2857 efficacius
605 2822 638 2855 in
664 2820 856 2856 BeatiPetri
871 2823 1043 2857 servitio&
1056 2831 1164 2855 amore

268 2876 384 2911 nostro
408 2873 544 2918 persistis
557 2896 567 2912 ,
593 2872 626 2906 ὅ(
637 2869 739 2905 hostis
750 2871 851 2915 nostri
875 2872 1052 2916 superbiam
1065 2870 1163 2906 virili·

269 2936 318 2961 ter
340 2925 406 2969 jam
442 2925 634 2967 impugnare
646 2922 768 2966 coepisti
785 2935 798 2956 .·
823 2918 1165 2967 Tantaquecupimus

269 2977 426 3019 deinceps
447 2986 480 3008 te
508 2973 739 3007 benevolentia
766 2972 967 3013 confovere,
993 2983 1029 3007 ut
1040 2974 1103 3007 five
1114 2984 1165 3017 pa-

271 3031 343 3061 cet'n
359 3027 424 3059 five
433 3023 522 3059 aliud
536 3034 594 3067 pro
606 3024 764 3067 temporis
777 3023 963 3068 ingruentia
983 3024 1165 3071 faciamus„

273 3078 338 3110 tuis
350 3077 385 3110 ἀ
399 3075 549 3110 Ecclefiae
560 3085 622 3108 tuae
640 3073 791 3108 comodis
801 3098 812 3115 ,
823 3115 825 3117 ι
838 3084 992 3118 tanquam
1005 3074 1166 3109 nostris&

278 3126 386 3162 Roma
393 3138 438 3159 nae
461 3125 611 3160 Ecclefiae
621 3123 817 3169 profectibus
827 3124 1009 3169 specialiter
1019 3123 1165 3159 intendae

277 3186 370 3214 mus,
395 3177 458 3211 διο.

845 127 1159 180 ἈΝΑειιε-τι
1198 127 1533 175 ΑΝτι-ΡΆιηις

1303 315 1343 361 E
1370 316 1456 367 1³11
1480 313 1573 367 ST
1598 318 1645 362 o
1674 314 1711 362 L
1731 317 2006 384 Aeotxxv.

1281 460 1470 498 Acerdotali
1494 461 1707 500 sollicitudini
1720 472 1804 506 tuae,
1828 463 2101 510 venerabilista-

1305 522 1353 546 ter
1363 537 1375 554 ,
1399 513 1576 557 plurimum
1590 515 1836 561 congaudemus
1850 534 1871 561 ,χ
1888 516 1966 560 quia
1978 510 2100 558 fidut'ng

1217 561 1334 597 litteris
1346 587 1357 605 ,
1383 575 1464 607 quas
1475 564 1582 600 Beatae
1593 564 1933 610 recordationisl’apae
1943 566 2103 601 Honorio

1217 611 1439 648 Praedeceffori
1467 616 1578 650 nostro
1595 627 1651 660 per
1663 617 1780 652 latores
1790 617 1994 660 praesentium
2005 617 2103 651 transi

1216 663 1329 696 mifisti
1342 688 1353 703 ‚
1380 665 1546 700 manifesta
1556 666 1715 702 relatione
1725 667 1944 712 cognovimus
1953 691 1964 708 ,
1985 666 2027 702 de
2039 666 2105 701 Po-

1216 713 1295 756 pulo
1306 713 1366 748 tibi
1378 717 1550 751 commisto
1559 718 1592 752 &
1599 716 1812 753 sacerdotum
1823 717 2005 752 ministerio
2014 717 2104 760 piam

1215 762 1335 797 videris
1346 765 1573 811 vigilantiam,
1597 779 1772 813 curamque
1781 768 1904 812 gestare
1917 792 1925 799 .
1951 766 2103 814 Qaefisti

1214 814 1304 847 enim
1325 816 1390 865 una
1417 827 1493 851 cum
1506 817 1725 868 dilestoFi'lio
1737 819 1848 853 nostro
1862 819 1958 863 Duce
1968 816 2104 854 Hubal-

1213 864 1258 898 do
1267 887 1279 903 ,
1304 865 1383 908 quid
1396 869 1402 877 ·’
1412 865 1474 901 tibi
1494 869 1527 901 su
1531 870 1587 911 p'er
1597 867 1763 903 Parochiae
1774 877 1836 903 tuae
1845 863 2047 912 presbyteris
2057 868 2108 902 es·

1216 916 1260 948 iet
1271 915 1436 959 agendum
1447 941 1459 958 ,
1486 918 1542 962 qui
1565 917 1667 954 libere
1677 929 1817 953 uxorum
1828 918 1955 963 legibus
1966 918 2103 952 servien-

1214 973 1262 997 tes
1272 988 1283 1006 ‚
1299 967 1414 1009 ⁴§acris
1427 968 1545 1010 volunt
1554 968 1725 1005 Altaribus
1734 969 1910 1004 deservire.
1936 968 2049 1013 Atque
2064 975 2103 1002 ut

1214 1011 1274 1057 tibi
1298 1013 1442 1059 breviter
1457 1020 1654 1062 respondisse
1676 1022 1870 1058 noscamur,
1894 1019 1917 1054 fi
1940 1019 2103 1054 sacrorum

1214 1063 1366 1109 volumus
1383 1064 1518 1101 patrum
1538 1070 1679 1112 Regulis
1699 1069 1887 1106 consentire
1907 1079 2048 1104 uxorum
2066 1066 2103 1101 fi-

1213 1114 1327 1148 mul&
1339 1116 1434 1150 Sacra
1447 1117 1481 1150 in
1495 1115 1686 1160 hujusmodi
1703 1116 2102 1154 Sacerdotibus-ministe-

1216 1164 1262 1200 ria
1273 1166 1335 1198 effe
1348 1177 1416 1200 non
1432 1166 1553 1211 poffint
1562 1190 1580 1200 .-
1597 1168 1631 1202 Si
1644 1167 1732 1203 enim
1745 1167 1940 1212 juxta-Beati
1950 1168 2103 1215 Gregorii

1213 1213 1406 1261 Institututn
1426 1241 1439 1259 ,
1467 1217 1578 1252 nullus
1600 1217 1646 1253 est
1680 1218 2104 1254 SubDiaconusordtnan-

1214 1265 1276 1311 dus
1286 1290 1309 1310 ,2
1321 1265 1395 1309 niti,
1412 1266 1471 1311 qui
1492 1269 1523 1303 se
1532 1268 1736 1309 casteAvivere
1748 1269 1919 1304 Canonica
1930 1269 2104 1304 assertione

1218 1316 1422 1360 promiserit,
1449 1316 1575 1361 quant&
1595 1319 1734 1364 amplius
1743 1318 1789 1354 est
1798 1320 1832 1354 in
1843 1319 1911 1354 Dei
1923 1318 2104 1354 Sacerdoti-

1214 1365 1530 1411 busbattendendum
1551 1393 1578 1415 ,7
1592 1370 1648 1412 qui
1664 1371 1804 1405 ‘Sacrum
1828 1368 1950 1404 Christi
1973 1369 2103 1413 Corpus

1214 1416 1271 1462 pio
1292 1428 1350 1460 ore
1370 1417 1576 1460 conficiunt,
1603 1420 1638 1454 δε
1660 1420 1731 1464 ejus
1748 1422 1859 1455 Sacras
1878 1419 2009 1455 ¹Carnes
2019 1420 2105 1455 fide-v

1213 1467 1295 1501 lium
1308 1467 1446 1512 Populis
1461 1469 1533 1513 piis‘
1541 1469 1695 1504 manibus
1704 1471 1912 1515 partiuntur?
1938 1469 1983 1504 Et
1993 1470 2015 1505 fi
2028 1470 2106 1504 Lai-

1213 1517 1260 1551 cis
1269 1517 1362 1560 juxta
1372 1519 1569 1563 praecipuum
1585 1521 1733 1556 Ecclefiae
1743 1520 1942 1566 Magistrum
1962 1519 2105 1555 Beamm

1212 1566 1352 1600 Paulum
1362 1567 1403 1602 ad
1415 1579 1542 1613 tempus
1552 1570 1785 1606 abstinendum
1796 1571 1842 1605 est
1862 1569 1907 1607 ab
1916 1581 2020 1616 uxore
2028 1594 2043 1611 ‚
2067 1578 2106 1605 nt

1212 1627 1328 1652 vacent
1349 1619 1517 1661 orationi,
1543 1620 1623 1664 quid
1645 1631 1739 1663 putas
1749 1619 1871 1655 Christi
1895 1619 1941 1654 est
1953 1619 2108 1655 Sacerdo.

1213 1667 1302 1702 tibus
1315 1669 1522 1709 faciendum,
1551 1669 1669 1712 quibus
1680 1670 1773 1712 juxta
1789 1670 1924 1703 Diviuae
1943 1669 2027 1713 legis
2035 1680 2108 1703 ora-

1213 1718 1325 1752 culum
1347 1718 1393 1752 est
1415 1718 1607 1753 mandatum
1631 1720 1754 1763 semper
1779 1718 1886 1753 essein
1899 1718 2044 1760 sanetis,
2069 1719 2106 1755 dc

1214 1769 1340 1812 semper
1366 1780 1423 1812 pro
1434 1768 1501 1803 Dei
1523 1768 1655 1814 Populo
1676 1769 1839 1805 exorare?
1865 1768 1905 1804 In
1916 1768 1998 1803 Heli
2018 1780 2107 1805 mor·

1216 1829 1277 1853 tuo
1300 1829 1396 1853 vetus
1417 1819 1540 1864 legitur
1554 1819 1788 1855 *Sacerdotium
1807 1820 2019 1854 immutatum
2035 1843 2047 1860 ‚
2072 1820 2107 1854 δε

1217 1870 1251 1903 in
1266 1869 1416 1904 Samuele
1430 1869 1556 1904 Divina
1579 1870 1856 1906 transmutatione
1877 1868 2109 1905 caelitusinno·

1217 1929 1337 1962 vatum(
1352 1944 1360 1952 .
1385 1918 1472 1958 Nos.
1486 1929 1597 1956 tamen
1618 1947 1631 1964 ,
1657 1922 1812 1957 Domino
1830 1921 1990 1966 largiente
2009 1944 2023 1961 ,
2048 1931 2106 1955 no-

1216 1971 1316 2011 strum
1341 1970 1381 2007 ad
1404 1982 1486 2012 vos,
1512 1970 1640 2015 Virum
1664 1970 1839 2015 providum
1860 1968 2107 2012 &honestum,

1217 2021 1385 2065 Legatum
1398 2031 1461 2064 pro
1470 2020 1522 2055 his
1542 2021 1576 2056 &
1587 2022 1662 2058 aliis
1676 2021 1829 2059 Ecclefiae
1847 2019 1992 2068 negotiis
2002 2021 2108 2056 decro-

1217 2071 1325 2103 vimus
1337 2069 1498 2111 destinare
1507 2095 1521 2110 ,
1544 2072 1607 2105 &c-
1778 2093 1780 2098 ·
1867 2083 1890 2108 2²

1224 2250 1226 2252 ·
1278 2230 1390 2308 ΕΡ
1411 2240 1441 2297 ’1
1468 2230 1637 2307 5110,
1663 2238 1777 2300 [Α
1801 2225 2036 2306 xxxvl.

1334 2368 1490 2410 lestionis
1506 2378 1570 2408 ωε
1593 2370 1781 2410 fervorem,
1806 2379 1907 2415 quem
1926 2381 2022 2414 penes
2044 2382 2106 2406 nos

1223 2457 1230 2461 ..
1292 2432 1327 2460 .;J.
1342 2420 1377 2457 δί
1401 2419 1593 2467 Romanam
1613 2421 1794 2457 Ecclesiam
1811 2420 1937 2466 gestare
1962 2421 2103 2462 videris,

1219 2471 1289 2511 etii,-
1302 2470 1485 2511 litterasum
1494 2478 1631 2509 suarum
1655 2471 1750 2505 series
1771 2471 1909 2505 minime
1917 2470 2108 2512 testaretur,

1220 2569 1352 2607 beamus
1373 2570 1554 2609 devotione
1572 2570 1696 2609 [sentire
1709 2596 1717 2606 .
1741 2571 1987 2613 Proindequod
1996 2571 2107 2607 -ldiota

1222 2621 1390 2659 Remenlis
1404 2645 1418 2662 ‚
1442 2621 1743 2660 Tmneusinutilis
1754 2645 1766 2661 ‚
1788 2620 1824 2655 in
1836 2621 2106 2657 mammeam

1221 2681 1310 2706 tuam
1325 2665 1471 2714 nequiter
1499 2665 1753 2713 &impudenter
1773 2670 1870 2714 egisse
1881 2670 2109 2714 dignoscitur,

1224 2732 1427 2766 nequaquam
1447 2730 1480 2754 te
1504 2730 1623 2754 moeror
1643 2719 1761 2764 aliquis
1783 2722 1836 2753 seu
1849 2719 1946 2754 dolor
1966 2721 2108 2762 afficiat,

1223 2772 1394 2816 praesertim
1414 2782 1489 2805 cum
1512 2770 1547 2803 in
1571 2780 1634 2804 nos
1660 2770 1692 2803 δε
1707 2769 1884 2804 Ecclefiam
1899 2769 2111 2812 Romanam,

1223 2823 1275 2857 cui
1291 2824 1324 2866 se
1332 2821 1516 2868 juramento
1529 2819 1702 2855 adstrinxit
1715 2844 1726 2861 ,
1753 2821 1840 2864 quafi
1851 2819 1964 2864 ebrius
1982 2821 2110 2863 &irino

1223 2870 1356 2908 aestu‘ahs
1379 2871 1402 2913 ‚'
1416 2870 1628 2905 Histrion'um
1653 2881 1746 2905 more
1766 2894 1778 2910 ‚
1805 2870 1912 2904 multa'
1932 2871 2110 2905 insolenter

1226 2921 1388 2958 vomuerit
1401 2947 1408 2953 .
1435 2920 1570 2955 Ponens
1591 2920 1726 2966 quidem
1747 2920 1782 2953 in
1803 2920 1921 2954 coelum
1939 2931 1977 2954 os
1990 2921 2109 2962 suum,

1225 2985 1262 3009 ut
1284 2974 1398 3017 lingua
1420 2971 1488 3015 ejus
1507 2971 1650 3008 transeat
1673 2972 1764 3014 super
1785 2975 1924 3009 terram,
1952 2970 2111 3016 ta'nqn'aiq

1226 3024 1306 3060 alter
1318 3023 1501 3060 Dioscorus
1508 3021 1633 3061 Sedent,
1654 3021 1750 3056 nixus
1763 3020 1807 3054 est
1821 3019 2048 3063 Apostolieam
2059 3020 2110 3063 *ju*

1225 3074 1354 3109 dicare.
1384 3073 1542 3116 Dumque
1556 3072 1742 3114 iniquitatis
1763 3071 1828 3104 zeli
1842 3072 2007 3113 quoddam
2023 3077 2110 3110 plana

1227 3124 1346 3163 tarium
1366 3123 1399 3157 in
1416 3122 1480 3156 Dei
1506 3121 1662 3157 Ecclefias
1682 3123 1791 3155 fovere
1813 3122 1963 3155 molitur.
1984 3125 2030 3154 ά
2043 3120 2111 3155 ἧι·-

1227 3184 1318 3208 tuam
1335 3172 1372 3206 in
1398 3184 1516 3216 eampo
1528 3173 1642 3211 Dura,
1668 3173 1756 3206 velut
1779 3170 1860 3215 alter
1883 3171 2112 3211 Babymnits,

1207 3225 1426 3275 *furiosorum
1440 3235 1555 3268 more,
1581 3221 1760 3267 quibusque
1784 3222 1928 3264 fimplnss!
2014 3233 2015 3236 ¹
2041 3233 2110 3256 „se-

1229 3275 1270 3310 rit
1281 3275 1415 3309 adorare
1430 3298 1442 3314 ,
1466 3284 1541 3307 cum
1555 3274 1667 3307 eadem
1679 3297 1690 3314 ,
1715 3271 1769 3305 cui
1791 3273 1821 3304 se
1835 3284 1881 3312 pf..
1896 3276 1927 3303 ‘2-
2067 3299 2073 3301 ,

1229 3324 1432 3370 tuaalapide
1454 3322 1494 3359 de
1507 3335 1624 3360 monte
1636 3322 1779 3365 succiso,
1805 3322 1969 3365 praest-2402„
1992 3331 2105 3354 m

1987 3382 2031 3403 nv
2045 3393 2054 3407 ἶ
