2320 3730
359 233 454 279 340

283 315 353 341 tur.
382 303 426 340 Et
449 310 530 337 tune
551 301 683 342 Saneius
701 301 847 349 ,Cyrinus
861 296 1026 337 succeffit,
1056 292 1170 350 nonin

282 355 380 390 solius
392 352 521 392 Meletii
532 376 543 392 ,
570 352 622 392 sed
638 352 767 394 insuper
781 354 812 383 in
827 357 947 381 nomen
969 342 1144 382 Theodori
1161 369 1167 376 .

280 404 327 442 Et
349 404 428 442 hine
453 403 544 443 vides
563 427 574 444 ,
601 413 698 446 quam
714 396 851 436 'miseras
878 393 1038 434 anchoras
1049 392 1168 433 habent

279 453 494 498 eonjesturae,
518 465 596 497 quas
613 451 697 491 circa
710 447 800 490 ejecti
818 445 1051 487 Theodoriani
1068 445 1169 480 nomi-

279 504 332 541 nis
343 513 469 547 tempus
481 503 613 544 addiscit
627 500 660 537 in
675 497 910 537 Differtatione
923 497 965 531 de
978 497 1093 539 quinta
1107 495 1170 543 Sy-

279 554 373 589 nodo
394 554 533 605 Joannes
555 548 753 589 Garum-ius,
781 546 892 590 Hujus
904 544 1168 587 Meletiinullam

278 602 377 639 habet
405 602 575 641 notitiam:
603 599 722 640 Censet
745 597 919 636 Thomam
944 595 1093 642 proxime
1104 596 1169 629 suc-

277 654 397 691 eeffissit
408 651 596 686 Theodoro
609 675 616 686 ‚
644 650 699 683 Est
713 649 808 686 venia
819 646 957 694 dignus;
973 647 1064 695 Qia
1075 645 1171 697 ignor

277 706 360 743 ravit
373 702 430 743 has
441 701 637 742 Caffinenfis
646 698 799 750 epistolas
808 724 817 736 .
1004 696 1011 702 ”

443 938 657 993 CAPUT
693 939 983 992 CLXXVIII,
1020 946 1165 991 —2266

269 1076 467 1153 Epistola,
504 1078 676 1144 inquit,
714 1083 793 1127 Deo
807 1072 1041 1139 Amicffmz'
1067 1077 1165 1141 Epi-

330 1146 442 1220 7[ἓορί
461 1220 470 1229 0
490 1144 707 1199 Alexandri
733 1144 810 1228 ’ad
844 1143 1048 1198 Meletium
1085 1150 1164 1191 Deo

325 1211 1162 1356 [Ρβάρβῗῒῑὲᾈῐ

336 1373 417 1405 lum
453 1377 528 1428 8]Μὶ
538 1393 551 1405 ο

328 1499 341 1533 1
354 1500 432 1533 esset
457 1497 541 1538 mihi
554 1498 747 1538 desiderium
770 1509 882 1539 meum
894 1497 1075 1543 adimplere
1090 1498 1159 1542 pos-

351 1549 463 1595 sibile,
490 1549 609 1589 litteris
630 1560 780 1584 nouerat
796 1549 901 1593 opus,
929 1549 981 1588 sed
1004 1546 1161 1586 adventus

263 1601 455 1645 praesentia3
482 1599 536 1635 vel
551 1598 662 1643 potitis,
673 1598 764 1644 juxta
784 1598 1013 1645 psalmistam,
1039 1598 1158 1637 colum-

262 1649 312 1686 bae
337 1659 465 1693 pennas
498 1659 708 1693 expeterem,
736 1660 773 1685 ut
784 1650 920 1687 veniens
931 1649 1158 1693 requiescerem

261 1699 355 1747 juxta
371 1697 601 1739 habitaculum
616 1699 803 1740 Coronati,
829 1701 864 1737 ἀ
875 1699 1018 1734 viderem
1035 1723 1046 1740 ,
1071 1698 1158 1742 juxta

265 1748 468 1796 Prophetam
482 1773 494 1791 ,
516 1748 730 1787 Sandiitatem
742 1759 833 1788 tuam
847 1749 968 1788 sreutin
982 1749 1161 1788 solitudine

262 1811 365 1837 uvam
379 1824 390 1844 2
417 1809 474 1834 aut
491 1808 527 1839 ut
537 1798 643 1845 magis
656 1798 785 1846 proprie
808 1799 954 1838 dicatur,
980 1809 1017 1837 ut
1029 1800 1161 1835 acinum

268 1849 356 1885 botri
395 1851 589 1887 cunstorum
629 1848 735 1883 totius
767 1846 896 1887 Ciliciae
925 1848 1140 1887 Sacerdotum
1152 1873 1162 1894 2

262 1912 361 1946 quern
386 1898 688 1940 exterminaverunt
718 1898 831 1943 vulpes
852 1923 864 1940 ,
888 1910 959 1943 quae
985 1910 1162 1944 propemo-

263 1949 344 1987 dum
360 1973 371 1993 2
398 1949 578 1989 secundum
596 1948 793 1990 veritatem,
820 1948 929 1988 vineas
953 1949 1159 1987 deleverunt.

264 2000 349 2037 Non
359 2000 662 2038 exterminaverunt
676 2008 787 2038 autem
802 2023 812 2042 ,
825 2000 866 2034 eo
875 1999 965 2042 quod
978 1998 1162 2038 benediffio

263 2049 410 2087 Domini
423 2049 462 2082 fit
478 2051 510 2084 in
522 2059 582 2083 eo·
610 2047 698 2090 Vere
709 2048 798 2085 enim
819 2049 966 2090 praesenti
978 2049 1013 2086 in
1038 2058 1158 2090 tempo-

264 2111 302 2138 re
333 2099 492 2137 sufficeret
517 2108 577 2131 tuae
601 2097 786 2135 Sansiitatis
809 2095 973 2139 adspeetus
993 2096 1162 2134 adamante

268 2161 333 2186 nos
355 2151 463 2188 facere
485 2146 661 2184 firmiores.
689 2146 780 2183 Nam
801 2146 823 2183 fi
849 2145 1011 2191 cogitatio
1035 2145 1162 2183 tantum

267 2209 331 2235 ωε
346 2223 357 2240 ,
384 2196 563 2235 seeundum
576 2194 719 2232 Domini
751 2194 952 2234 certamina,
979 2195 1165 2232 Sanflitatis

265 2247 424 2287 omnibus
442 2256 503 2280 nos
514 2241 694 2281 circumdat
707 2242 851 2281 Domini
876 2242 973 2281 armis
986 2266 997 2283 ,
1023 2252 1060 2279 ut
1073 2243 1165 2280 nullo

267 2298 373 2337 modo
382 2295 503 2336 erniffis
517 2294 615 2333 variis
635 2292 907 2341 multimodisque
929 2293 1054 2338 sagittis
1066 2303 1164 2330 verta·

269 2360 346 2386 mur
374 2349 407 2386 in
430 2347 564 2391 fugam,
598 2343 771 2388 quomodo
793 2354 861 2381 non
886 2355 946 2381 nos
957 2344 1164 2380 omnimodo

269 2398 449 2439 roborasset
464 2395 538 2435 talis
551 2394 716 2439 adspeeius
730 2418 739 2434 ,
754 2394 809 2437 qui
823 2404 885 2431 nos
898 2405 963 2428 non
979 2405 1033 2440 per
1047 2393 1143 2428 verba
1154 2420 1163 2434 ,

270 2450 326 2489 sed
342 2459 397 2493 per
418 2458 465 2486 res
485 2446 567 2490 ipsas
580 2454 739 2484 armaret,
766 2444 847 2481 &in
869 2445 1056 2486 semetipsos
1068 2455 1163 2488 expo-

270 2509 364 2536 neret
377 2522 389 2542 ,
414 2496 496 2542 quid
509 2497 543 2531 fit
557 2509 568 2530 .·
595 2499 646 2531 Ne
658 2493 818 2543 disperdas
841 2492 994 2535 infinem?
1021 2494 1162 2532 Intendi·

271 2550 313 2585 sti
324 2549 436 2589 enim,
463 2545 614 2587 Domine
635 2557 690 2589 per
713 2545 826 2582 omnia
838 2544 914 2579 Deo
938 2544 1161 2584 Amiciffime‚

272 2596 551 2637 indeclinabiliter
576 2596 611 2634 in
626 2593 813 2631 Authorem
834 2595 930 2633 fidei,
956 2593 1162 2632 &Consum-

274 2659 437 2685 matorem
464 2647 570 2691 jesum
586 2670 597 2686 ‚
623 2644 741 2683 &sunt
764 2645 906 2687 reposita:
929 2644 989 2682 tibi
1016 2657 1162 2682 coronae,

273 2700 363 2738 Non
377 2696 573 2740 expulsionis
583 2692 710 2730 rantum
724 2718 734 2734 ,
762 2705 829 2733 non
842 2695 934 2732 enim
956 2704 988 2732 te
999 2695 1039 2731 ad
1052 2695 1164 2731 defini·

276 2757 352 2787 tum
367 2744 544 2791 praepatasti
557 2754 758 2780 tormentum
773 2768 783 2786 ,
811 2744 864 2778 sed
877 2744 975 2781 claret
989 2745 1077 2789 quod
1092 2756 1163 2787 prae-

278 2807 410 2845 paratus
421 2797 458 2834 fis
470 2794 584 2833 omnia
597 2793 753 2831 sustinere
774 2819 780 2830 .,
808 2795 862 2828 Sic
885 2805 998 2831 contra
1021 2794 1163 2843 impieta-

280 2859 349 2888 tem
378 2846 494 2896 parasti
522 2844 731 2889 temetipsum
753 2868 760 2878 .
799 2843 904 2882 Unde
939 2845 971 2883 &
995 2845 1049 2882 ille
1074 2868 1084 2887 ,
1110 2845 1165 2888 qui

281 2899 382 2935 donis
408 2897 470 2935 suis
484 2893 611 2933 nostros
635 2893 991 2940 supervincitlabores,
1018 2906 1080 2931 ωε
1091 2895 1166 2929 San·
1216 2918 1219 2921 ,

282 2948 388 2987 &irati
412 2956 570 2985 coronam
585 2943 715 2991 justitiae
726 2942 858 2986 reddet,
883 2944 967 2980 eirca
980 2945 1167 2983 varietatem

283 2999 338 3034 tui
362 2997 520 3041 Propositi
547 2994 728 3039 passionum
743 3018 755 3038 ‚
780 2993 969 3037 spiritalium
994 3006 1166 3031 munerum

284 3049 474 3087 Divinitate
497 3045 710 3094 effulgentem
737 3069 745 3080 .-
769 3044 907 3083 Certasti
931 3044 1021 3082 enim
1042 3046 1167 3083 bonum

287 3108 394 3135 revera
415 3107 579 3135 certamen
602 3119 614 3137 ,
639 3093 673 3133 &
696 3095 822 3132 cursum
845 3095 1076 3132 consummasti
1097 3121 1108 3136 ,
1135 3097 1169 3130 fi-

288 3147 432 3192 demque
454 3145 600 3183 servasti.
629 3145 736 3183 Unde
758 3146 791 3183 &
812 3144 901 3192 quod
922 3144 981 3181 ista
1002 3147 1171 3190 consequi-

290 3205 370 3237 tur,
394 3198 485 3234 Deus
504 3196 560 3242 qui
573 3195 716 3232 mendax
739 3207 807 3233 non
826 3196 870 3231 est
883 3221 894 3237 ‚
921 3194 1003 3233 illud
1023 3206 1084 3231 tuae
1096 3197 1172 3231 San-

292 3246 399 3284 ssitati
412 3245 582 3283 retribuett
614 3244 651 3282 ln
663 3246 753 3287 quod
767 3246 820 3281 hic
832 3246 897 3289 jam
910 3245 997 3283 bona
1009 3248 1173 3281 conscien-

294 3297 342 3334 tia
354 3305 410 3329 tua
420 3294 629 3331 intendendo.
637 3294 759 3332 laetatur
771 3321 783 3341 ,
808 3297 841 3334 ἀ
851 3296 975 3346 gaudio
987 3296 1091 3335 Sanffl
1109 3297 1174 3343 Spi-

296 3346 380 3390 ritus
398 3343 596 3387 adimpletur
608 3368 617 3378 .

306 3427 308 3429 ,
348 3392 462 3436 Potest
476 3402 588 3432 autem
609 3393 771 3433 Sanctitas
780 3405 836 3434 tna
864 3396 1007 3434 nostram
1019 3396 1180 3435 consolati

700 214 1032 262 virtuosum
1067 209 1222 257 PATR
1248 221 1324 252 υΜ
1359 208 1681 268 EP1storAE,

1234 290 1412 328 absentiam
1426 293 1654 330 attentioribus
1663 296 1879 340 orationibus,
1889 298 1996 335 donec
2014 298 2116 335 donet

1235 343 1268 381 ἀ
1277 341 1373 381 nobis
1380 354 1435 386 per
1445 343 1654 382 clementiam
1666 344 1754 377 suam
1763 346 1930 384 Dominus
1945 349 2053 384 vestris
2062 362 2118 384 co-

1234 393 1342 431 mitari
1356 393 1498 438 vestigiis
1508 417 1516 428 .
1543 394 1661 431 Certus
1670 393 1760 430 enim
1774 395 1844 432 ,sum
1857 399 2017 441 veraciter,
2026 400 2116 445 quod

1232 442 1527 488 egointentionem
1540 442 1645 481 habeo
1671 444 1780 484 hanc,
1807 456 1843 482 ut
1865 456 1955 482 tuam
1966 450 2118 488 Sanetita.

1231 503 1297 534 tem
1309 494 1421 538 sequar
1435 518 1447 535 ,
1473 495 1506 534 ἀ
1518 495 1582 529 una
1595 506 1653 534 eos
1666 518 1677 536 ,
1705 496 1760 540 qui
1773 495 1861 538 prius
1873 507 2034 533 certarunt
2043 525 2054 540 ‚
2080 502 2116 536 δε

1230 546 1379 581 coronati
1404 546 1497 584 sunt.
1526 544 1627 583 Pauci
1640 546 1798 595 quidem,
1825 545 1877 584 sed
1901 548 1987 590 apud
2004 547 2116 587 Deum

1231 595 1378 637 pretiosi,
1409 594 1533 632 Melior
1555 607 1698 640 namque
1719 596 1764 631 est
1786 607 1871 631 unus
1898 597 2041 634 Domini
2062 610 2118 634 vo-

1232 644 1392 685 luntatem
1418 646 1542 683 faciens
1577 645 1691 686 decem
1718 646 1867 685 millibus
1898 647 2115 692 injustorum.

1230 695 1415 744 Fruensque
1426 698 1545 737 sanctis
1556 696 1762 735 orationibus
1774 699 1838 735 tuis
1861 710 1928 733 non
1942 698 2117 736 desciscam

1230 744 1247 779 a
1274 745 1377 787 vestro
1399 748 1566 783 consortio
1589 760 1597 783 :
1625 748 1700 784 Nec
1720 747 1740 785 ὲ
1766 747 1867 785 vestra
1887 748 2041 792 separabit
2063 761 2117 785 me

1231 791 1390 830 charitate
1411 797 1600 841 tribulatio,
1626 809 1683 836 aut
1707 799 1856 844 angustia
1870 823 1881 842 ‚
1906 810 1962 835 aut
1977 801 2118 842 persecu-

1230 845 1302 887 tio,
1327 856 1383 887 aut
1408 847 1509 887 fames
1524 872 1535 888 ‚
1560 859 1616 882 aut
1637 846 1768 884 nuditas
1793 873 1805 889 ,
1830 860 1885 886 aut
1911 849 2117 895 periculum,

1231 906 1287 929 aut
1301 897 1431 940 gladius
1442 922 1449 931 .
1478 897 1627 937 Maxime
1638 900 1714 945 quia
1726 898 1933 943 Religiofitas
1945 910 2000 934 tua
2014 924 2024 943 ‚
2046 911 2117 944 quae

1232 956 1359 988 portum
1372 947 1440 982 Dei
1457 949 1637 987 voluntatis
1659 948 1832 989 obtinuit,
1857 949 2014 993 majorem
2032 949 2118 985 circa

1233 1006 1292 1034 nos
1316 996 1413 1032 habet
1437 1009 1573 1040 curam,
1600 1009 1757 1042 tanquam
1779 1000 1835 1041 qui
1847 999 1956 1036 adhuc
1981 999 2116 1037 marinis

1230 1045 1326 1085 undis
1347 1046 1554 1089 obsistimus,
1579 1048 1613 1087 ὅ(
1627 1047 1831 1086 omnimodis
1852 1050 2014 1086 malorum
2027 1049 2117 1092 spiri-

1229 1104 1323 1133 tuum
1333 1098 1548 1135 tentamentis
1575 1109 1665 1136 nunc
1677 1098 1808 1142 quidem
1826 1099 2027 1136 tentantium
2053 1109 2114 1136 uos

1229 1146 1351 1185 minis,
1378 1156 1468 1180 nunc
1490 1146 1570 1179 veto
1592 1146 1742 1185 subruere
1772 1147 1970 1185 adulationis
1989 1147 2114 1186 blandi·

1228 1195 1371 1233 mentis.
1399 1195 1507 1233 Unde
1531 1195 1674 1235 &talem
1700 1195 1785 1232 mihi
1805 1198 1898 1243 posui
1921 1198 2051 1243 legem,
2077 1208 2115 1234 nt

1227 1245 1353 1290 fugiam
1379 1247 1597 1288 cunctorum,
1623 1245 1716 1293 loqui
1738 1245 1821 1285 mihi
1847 1249 2054 1289 volentium,
2079 1249 2115 1285 δε

1227 1295 1410 1339 adspectum
1422 1296 1455 1335 t&
1470 1295 1563 1335 verba
1575 1321 1586 1338 ‚
1595 1297 1630 1335 ἀ
1643 1298 1746 1344 ipsam
1756 1309 1888 1342 quoque
1901 1299 2094 1335 memoriam
2105 1323 2112 1332 .

1225 1346 1327 1392 Qod
1340 1356 1408 1381 non
1432 1358 1473 1384 ex
1488 1347 1616 1394 proptia
1640 1349 1787 1394 astumpfi
1800 1349 1979 1389 sententia,
2004 1349 2061 1385 sed
2072 1359 2115 1384 ex

1226 1396 1364 1434 Divinis
1377 1397 1553 1443 Scripturis
1576 1396 1709 1436 edoctus
1719 1423 1739 1433 ,,
1753 1397 1829 1435 Nec
1839 1399 1930 1434 enim
1945 1398 2114 1434 Dominus

1226 1446 1392 1492 respondit
1415 1447 1590 1491 perversiS‚
1615 1459 1691 1485 cum
1716 1446 1935 1492 judicaretur,
1961 1448 2014 1485 sed
2033 1448 2114 1487 fient

1224 1497 1297 1531 ovis
1314 1495 1355 1534 ad
1369 1498 1567 1535 occisionem
1579 1497 1694 1536 duetus
1705 1499 1750 1533 est
1765 1522 1775 1539 ,
1799 1498 1833 1534 ὅτ.
1845 1499 1927 1534 ficut
1948 1509 2052 1543 agnus
2061 1508 2115 1536 co-

1224 1557 1290 1581 ram
1306 1546 1467 1586 tondente
1480 1550 1511 1582 se
1524 1549 1590 1585 sine
1603 1560 1705 1585 voce..
1725 1549 1806 1585 Non
1818 1550 1909 1585 enim
1920 1549 1988 1592 quo
1999 1548 2116 1586 dicant

1223 1596 1348 1640 aliquid
1368 1620 1381 1636 ,
1405 1596 1458 1634 sed
1471 1596 1538 1642 quo
1549 1597 1702 1641 capiant,
1729 1598 1970 1636 collocutiones
1990 1597 2115 1633 &allo-

1223 1647 1298 1691 quia
1313 1645 1484 1685 nobiscum
1499 1648 1649 1686 conferre
1662 1658 1794 1690 captant
1806 1673 1814 1680 .
1843 1650 2014 1687 Docemur
2036 1646 2116 1683 vero

1222 1698 1255 1736 &
1267 1697 1300 1731 in
1322 1695 1488 1733 veteribus
1498 1697 1633 1742 Scriptis
1644 1721 1656 1737 ,
1681 1696 1773 1743 quod
1788 1698 1945 1734 Ezechias
1957 1698 2029 1740 pius
2041 1695 2116 1741 post

1225 1745 1382 1790 Rapsacis
1399 1770 1410 1786 ,
1437 1746 1502 1781 Dei
1515 1744 1724 1787 Adversarii,
1753 1757 1852 1784 voces
1873 1746 2041 1792 Magistris
2057 1746 2117 1783 mi·

1224 1796 1304 1834 litia}
1315 1805 1422 1830 tacere
1433 1796 1617 1844 praeceperit
1629 1819 1639 1836 ‚
1666 1795 1818 1844 nihilque
1833 1797 1900 1835 Dei
1913 1796 2115 1834 Adversariis

1223 1847 1412 1889 responderi
1438 1871 1445 1880 ·
1477 1846 1585 1883 Unde
1616 1845 1651 1883 ὃ(
1671 1857 1733 1885 nos
1751 1871 1763 1890 ,
1789 1848 1981 1892 repellentes
1998 1857 2116 1883 eorum

1223 1896 1391 1945 colloquia
1405 1919 1415 1938 ,
1440 1896 1497 1939 qui
1514 1897 1547 1931 in
1563 1896 1756 1943 AEgyptum
1771 1896 1868 1934 corde
1889 1898 1964 1934 sunt
1977 1896 2089 1934 reversi
2101 1921 2113 1938 ‚

1224 1947 1418 1991 &quinon
1443 1946 1549 1985 solnm
1574 1947 1692 1986 dicunt
1708 1972 1720 1990 ,
1744 1948 1873 1982 Demus
1895 1948 2054 1988 initium,
2080 1947 2116 1983 ἃ

1225 1998 1391 2035 redeamus
1423 1998 1456 2035 in
1481 1997 1674 2043 AEgyptum
1697 2023 1708 2039 ,
1736 1998 1907 2042 sileamus,
1932 1998 1967 2033 ἀ
1987 2006 2115 2035 tantam

1223 2047 1480 2085 misericordiam
1503 2048 1717 2083 sustineamus
1738 2047 1756 2085 ὲ
1783 2050 1859 2086 Deo
1880 2073 1891 2090 ,
1917 2047 2118 2092 qualiacum-

1223 2104 1287 2138 que
1311 2095 1392 2131 saeva
1421 2095 1667 2139 fiiperinducere
1696 2096 1867 2133 adversum
1892 2107 1952 2132 nos
1973 2094 2115 2132 conceffi

1226 2144 1348 2182 suerint
1358 2144 1467 2181 aemuli
1480 2169 1487 2176 .
1513 2144 1598 2191 Qae
1610 2145 1725 2182 omnia
1748 2146 1958 2189 suscipiamus
1970 2156 2045 2180 cum
2059 2145 2115 2182 lx·-

1225 2194 1298 2229 titia
1313 2215 1326 2231 ,
1349 2193 1384 2231 ὃς
1403 2195 1586 2239 cogitemus
1607 2217 1618 2236 ‚
1644 2194 1735 2238 quod
1757 2195 1838 2229 ficut
1863 2195 1982 2230 Beatus
2006 2195 2116 2238 inquit

1227 2241 1346 2278 Paulus
1361 2265 1373 2283 ,
1399 2253 1468 2279 non
1480 2242 1553 2280 sunt
1563 2242 1738 2290 condignae
1749 2243 1906 2287 paffiones
1916 2241 2011 2287 hujus
2024 2254 2110 2281 tem-

1227 2293 1313 2336 poris
1333 2288 1374 2329 ad
1396 2293 1538 2331 futuram
1563 2292 1702 2341 glorIam
1726 2317 1737 2333 ‚
1764 2305 1834 2336 qnae
1854 2292 2049 2330 revelabitur
2069 2295 2111 2331 in.

1226 2354 1306 2383 θος,
1331 2341 1390 2389 qui
1410 2341 1562 2391 stigmata
1581 2341 1702 2378 Christi
1726 2367 1737 2382 ‚
1762 2354 1902 2389 quorum
1927 2354 1962 2380 tu
1983 2343 2105 2388 dignus

1226 2391 1358 2429 effeetus
1378 2415 1389 2431 ,
1416 2392 1448 2428 in
1472 2393 1530 2426 suo
1554 2392 1786 2441 circumferunt
1809 2405 1944 2440 corpore
1964 2417 1971 2424 .
2001 2392 2109 2431 Unde.

1227 2454 1309 2487 rogo
1321 2466 1332 2485 ,
1353 2451 1388 2476 ut
1399 2442 1541 2489 digneris
1552 2454 1612 2477 nos
1624 2453 1679 2487 per
1692 2443 1890 2480 venerabiles
1901 2445 2023 2479 litteras
2033 2455 2105 2480 tuas

1225 2493 1333 2536 juvare
1358 2490 1399 2527 ad
1422 2493 1578 2528 instantia
1600 2494 1775 2529 certamina
1789 2519 1796 2526 .
1825 2494 1994 2532 Dominus
2014 2505 2113 2528 meus.

1226 2544 1300 2579 Deo
1313 2542 1521 2579 amiciffimus
1537 2567 1548 2586 ‚
1574 2543 1607 2577 &
1621 2543 1829 2581 sanstiffimus
1842 2544 1993 2579 Acilinus
2003 2568 2014 2583 ,
2027 2545 2113 2587 qui2=

1224 2602 1331 2629 tecum
1356 2603 1531 2627 coronatur
1544 2616 1556 2633 ‚
1581 2593 1698 2630 salutat
1717 2594 1751 2630 δε
1772 2595 1996 2638 complerentur
2017 2592 2103 2630 Reli·

1224 2644 1408 2692 giofitatem
1436 2652 1544 2680 tuam2

1415 2796 1917 2846 SCHOLION·

1338 2940 1407 2980 AEe
1427 2940 1561 2985 epistola
1588 2941 1685 2978 docet
1697 2940 1823 2985 primo,
1849 2941 1937 2986 quod
1949 2940 1968 2976 ὲ
1987 2941 2113 2978 cunctis

1362 2991 1515 3030 secundae
1535 2991 1660 3030 Ciliciae
1682 2992 1847 3038 Episcopis
1859 2993 1946 3029 solus
1957 2992 2113 3027 Meletius

1231 3042 1381 3080 manserit
1411 3043 1559 3087 pertinax
1590 3042 1740 3080 adversus
1773 3054 1882 3087 pacem
1904 3068 1912 3076 .
1938 3042 2114 3083 Secundo,

1231 3094 1318 3139 quod
1330 3093 1390 3132 hac
1414 3093 1456 3127 de
1477 3094 1572 3130 causa
1587 3093 1723 3137 eiestum
1737 3092 1923 3130 Alexander
1941 3093 2117 3130 crediderit

1233 3153 1425 3181 coronatum
1446 3143 1646 3192 Martyrem.
1676 3143 1735 3179 Per
1756 3143 1964 3181 Coronatum
1974 3142 2121 3178 omnino

1236 3197 1342 3239 ipsum
1364 3194 1518 3239 intelligit
1535 3219 1542 3229 .
1568 3194 1662 3230 Hinc
1682 3194 1762 3229 dicit
1782 3195 1823 3232 de
1840 3195 1944 3239 ejecto
1957 3193 2117 3230 Acilino:

1237 3248 1321 3289 ,Quia
1342 3253 1434 3281 tecum
1460 3254 1630 3281 coronatur.
1657 3244 1803 3289 Tertio,
1830 3256 1890 3280 nos
1899 3245 1997 3283 docet
2009 3250 2118 3278 veram

1239 3294 1430 3331 Christiana:
1440 3296 1558 3332 Gratiae
1567 3295 1763 3332 efficaciam:
1776 3324 1779 3327 .
1790 3295 1946 3336 Intendtffl
1959 3293 2117 3330 indecisa-

1238 3346 1335 3382 br'liter
1347 3351 1380 3378 tn
1392 3345 1546 3379 Authorem
1554 3345 1627 3388 fidei
1637 3370 1644 3379 .
1671 3348 1763 3382 Donis
1771 3344 1834 3388 suis
1848 3342 1953 3386 nostros
1959 3342 2117 3388 supervin-

1239 3402 1280 3435 cit
1300 3394 1429 3434 labores.
1456 3400 1523 3432 Nec
1541 3397 1563 3432 ᾶ
1580 3395 1680 3439 vestm
1694 3394 1849 3445 separabit
1871 3406 1917 3431 me
1936 3391 2091 3475 Cb‘aerxte
2104 3413 2119 3431 ‚

1990 3451 2006 3474 Υ
2054 3455 2065 3461 -
