2320 3730
573 181 882 235 Senotlrs,
922 193 984 223 ετ
1018 173 1207 222 Noa-ts
1244 188 1646 223 ILLUSTRATAE.

401 389 668 447 'CAPUT
701 398 873 449 XCIV,
908 391 1072 446 -182

186 580 369 655 Ejtfiiem
403 564 622 639 Alexandri
650 583 828 655 EpIfiopi
862 582 915 632 ad
947 579 1076 634 Theo-

325 655 493 711 doretum
538 653 768 726 Episcopum
791 652 932 721 similis

522 726 720 801 Epistola.

196 936 199 938 >
271 954 277 959 .
295 919 334 957 lx
344 916 478 956 tandem
489 928 561 961 quae,
572 917 794 962 parturiebant
805 941 817 960 ,
843 914 1076 959 &sculpebant

322 980 403 1003 mox
425 968 497 1011 post
511 967 726 1011 dejectionem
738 966 900 1011 AEgyptii
911 991 922 1007 ‚
949 965 1007 1009 qui
1018 965 1077 999 cir-

185 1030 231 1055 ca
239 1017 558 1056 honorandiffimum
570 1017 712 1053 Paulum
724 1027 801 1052 cum
812 1016 970 1054 Domino
982 1016 1039 1059 Joa
1045 1027 1077 1050 n·

185 1079 234 1104 ne
244 1077 477 1111 parere-nunc,
503 1065 591 1100 &ad
603 1067 710 1103 lucem
721 1065 1077 1105 deducerevaluerunt.
1106 1104 1108 1123 :
1137 1104 1313 1156 *Christano
1361 1115 1395 1153 jd
1405 1115 1456 1151 effi
1502 1114 1651 1154 Cbrfflum
1662 1121 1807 1153 enixam,
1834 1112 2033 1158 humeln&

182 1166 308 1224 ξεῐωῙΞ
331 1167 379 1202 eis
397 1167 646 1250 communicare
666 1167 825 1205 confluo,
854 1168 911 1225 βε
933 1168 1079 1226 Epistoia
1106 1177 1110 1224 ἶ
1139 1147 1142 1152 ’
1323 1139 1335 1155 ⁵
1424 1148 1427 1151 Δ
1461 1140 1473 1156 ’

183 1217 277 1259 ”¹¹¹²’‘
295 1228 368 1261 ‘3¹¹ae
377 1228 452 1260 ³9¹³*
479 1216 646 1261 EFhesum
660 1219 742 1255 f³st²
755 1217 801 1252 est
815 1241 826 1257 ,
855 1228 891 1251 ¹¹¹
913 1218 1081 1262 supe‘fime
1106 1239 1111 1306 ¹'.
1139 1267 1179 1302 ἀ
1196 1278 1278 1302 voce
1300 1265 1362 1301 hac
1386 1267 1570 1312 composita
1591 1267 1812 1305 delectamur,
1837 1276 1896 1299 cur
1911 1265 2039 1308 respue·

186 1117 324 1152 Memor
344 1116 389 1151 est
409 1125 523 1150 autem
545 1116 707 1155 Sanctitas
728 1127 804 1157 tua,
833 1116 911 1162 quia
930 1129 990 1151 nec
1009 1117 1079 1151 ullo

183 1267 324 1312 quidem
342 1268 429 1311 quasi
446 1278 490 1301 ex
503 1267 674 1303 occasione
687 1267 824 1312 Joannis
846 1267 991 1303 Comitis
1002 1269 1082 1302 scri-

182 1327 245 1363 pta
255 1317 326 1358 est,
354 1327 512 1361 tanquam
532 1317 663 1354 dixisset
685 1318 888 1366 Imperator,
914 1328 952 1354 ut
973 1319 1005 1353 ei
1025 1318 1083 1353 ali-

184 1367 270 1411 quid
283 1366 567 1404 indicare-musae
591 1380 674 1403 voce
695 1394 708 1410 ,
733 1381 798 1414 qua
821 1367 943 1405 dicitur
962 1368 1081 1403 Them-

182 1428 258 1458 τοι,
285 1415 320 1450 id
332 1417 378 1451 est
388 1440 400 1457 ,
427 1420 538 1450 Enixa
549 1421 647 1454 Deum
660 1443 672 1458 ,
698 1419 733 1452 in
745 1419 881 1453 veritate
889 1429 1002 1454 autem
1017 1431 1083 1454 vox

183 1465 259 1501 haec
278 1491 290 1508 ‚
315 1475 353 1500 ut
374 1465 575 1509 quaerebatut
600 1469 619 1501 a
644 1467 741 1501 nobis
759 1493 772 1510 ‚
797 1467 840 1504 ad
861 1467 1083 1511 proditionem

178 1517 227 1552 ἃ
238 1516 442 1554 calumniam
454 1516 546 1553 illius
556 1540 568 1558 ,
593 1516 651 1565 qui
668 1516 902 1558 retiam-fidem
922 1517 1063 1556 docebat
1075 1541 1087 1562 ,

187 1566 311 1605 inserta
326 1566 395 1602 est.
824 1590 825 1593 =
864 1588 865 1591 =

244 1615 304 1652 Ut
316 1615 419 1660 igitur
430 1614 515 1649 nihil
526 1626 664 1657 eorum,
690 1628 762 1661 quae
784 1618 914 1662 sentio,
939 1629 1031 1655 tuam
1043 1617 1087 1652 la·

187 1673 264 1702 ⁴teat
274 1666 485 1703 sanititatem
496 1688 507 1705 ,
533 1665 647 1701 indico
658 1666 735 1709 quia
745 1665 871 1704 chartas
882 1693 894 1710 ,
917 1681 988 1715 quae
1000 1670 1089 1703 fastae

193 1719 274 1753 sunt
285 1714 402 1761 Ephefi
416 1740 427 1756 ‚
454 1727 510 1759 per
520 1726 600 1759 quas
610 1717 643 1751 ὅ(
651 1717 926 1755 orthodoxorum
937 1719 1089 1755 constan·
1113 1723 1116 1727 '

193 1767 280 1802 tiam
301 1790 314 1808 ,
350 1768 384 1801 δε
410 1765 635 1802 haereticorum
659 1768 870 1805 receffiouem
891 1771 1025 1815 Scriptis
1046 1780 1090 1804 te-

194 1828 285 1859 neo,
310 1816 481 1860 &Cyrilli
502 1816 657 1852 Haeretici
668 1818 814 1854 Codices
835 1820 877 1854 ad
891 1820 1091 1865 praesentiam

186 1867 389 1902 unanimini
399 1866 533 1901 cuidam
555 1868 809 1904 commendavi.
839 1870 935 1905 Volo
947 1871 1038 1905 enim
1050 1870 1091 1904 ad
1114 1877 1117 1892 ²

193 1918 318 1952 animas
339 1927 419 1951 meae
446 1916 700 1954 satisfactionem
726 1920 763 1954 iu
785 1918 836 1954 his
849 1944 860 1961 ,
887 1919 1046 1966 praecipue
1069 1921 1090 1954 a

197 1968 289 2003 curis
313 1975 460 2002 remotus
479 1990 493 2009 ,
523 1968 673 2003 iterando
693 1968 847 2005 meditari
867 1995 876 2003 .
906 1972 981 2007 Nec
999 1971 1092 2006 enim

197 2019 276 2054 satis
296 2017 338 2052 ad
360 2027 415 2053 me
430 2018 551 2054 attinet
573 2018 614 2053 de
637 2017 759 2054 chartis
780 2021 815 2055 ἀ
837 2020 959 2057 vilibus
979 2021 1094 2061 libris,

196 2067 392 2104 fivedentur
404 2066 490 2102 mihi
502 2092 515 2108 ‚
540 2067 621 2102 dum
633 2069 746 2103 exiero
764 2068 784 2102 ὲ
797 2070 874 2103 loco
896 2082 974 2106 meo
987 2093 1000 2111 ,
1026 2071 1094 2103 five

196 2129 274 2154 non
284 2117 404 2153 dentur
416 2142 424 2152 .
452 2116 536 2152 Haec
548 2124 584 2151 ut
602 2117 638 2152 in
650 2117 740 2154 brevi
754 2117 774 2153 ὲ
784 2129 837 2155 me
847 2119 888 2155 ad
901 2129 994 2155 tuam
1005 2118 1095 2154 Reli-

197 2168 388 2215 giofitatem
423 2167 540 2211 scripta
566 2168 642 2202 sunt
663 2192 676 2209 ,
702 2180 773 2204 non
801 2169 934 2205 volente
959 2169 1094 2215 quidem

197 2228 316 2254 contra
330 2217 510 2263 quemlibet
521 2217 753 2261 quodcumque
764 2230 897 2254 movere
909 2219 951 2254 de
961 2221 1008 2254 eis
1022 2231 1094 2265 quae

198 2277 366 2314 aguntur,
391 2278 453 2302 nec
465 2266 643 2301 sustinente
657 2267 736 2302 vero
749 2270 1026 2303 communionem
1039 2281 1095 2303 eo·

199 2329 297 2359 mm,
323 2317 382 2364 qui
402 2318 449 2351 eis
470 2316 694 2360 adjiciuntur,
721 2327 758 2353 ut
781 2319 1094 2364 fiquiremanserint

196 2369 345 2404 consoni
357 2368 456 2402 nobis
467 2391 479 2407 ,
504 2368 540 2401 δε
551 2367 710 2412 placuerit
730 2368 778 2402 eis
789 2380 977 2413 permanere
989 2371 1024 2404 in
1036 2369 1097 2403 Pa·

198 2418 306 2453 zaeciis
317 2428 399 2456 nos,
424 2415 491 2450 hoc
503 2417 561 2451 fiat
573 2441 580 2448 .
609 2416 774 2460 Alioquin
787 2419 953 2453 continuo
972 2420 1014 2454 de
1030 2430 1097 2453 me-

201 2468 264 2502 dio
285 2476 346 2501 nos
362 2465 541 2506 tollamus,
567 2465 600 2500 &
619 2467 791 2511 segregans
816 2468 963 2503 animam
988 2480 1096 2504 meam

200 2517 343 2553 salvem.
369 2515 436 2551 His
458 2516 549 2549 enim
572 2526 644 2558 quae
662 2516 681 2549 a
699 2515 806 2552 Paulo
828 2517 940 2552 oblata
961 2544 972 2561 ‚
999 2520 1034 2554 δε
1055 2518 1096 2554 ab

203 2564 378 2611 AEgyptio
396 2574 525 2609 recepta
547 2565 644 2606 sunt,
670 2568 856 2601 consentire
875 2579 945 2603 non
971 2570 1075 2612 patiar
1088 2592 1099 2609 ,

201 2617 424 2653 continuante
435 2625 490 2650 me
499 2614 595 2654 Deo,
622 2626 730 2659 neque
741 2616 763 2649 fi
777 2616 860 2650 mihi
873 2619 1098 2662 praecipiantur

201 2666 310 2703 multa
322 2664 429 2700 millia
446 2665 606 2701 mortium
619 2689 625 2696 .
652 2665 718 2701 Sed
729 2677 791 2701 nec
810 2667 832 2701 fi
842 2667 944 2704 Orbis
954 2670 1093 2704 consen-

200 2717 281 2755 serit
303 2715 495 2750 universus.

258 2765 364 2814 Qod
374 2765 510 2809 quidem
530 2764 800 2803 conditionaliter
815 2766 893 2804 dico
908 2794 916 2802 .
943 2769 1036 2819 Qia
1062 2770 1097 2805 &

203 2825 323 2853 metuo
332 2825 409 2852 eum
418 2837 430 2855 ‚
454 2814 513 2860 qui
528 2815 575 2850 ait
585 2817 687 2861 usque
698 2817 740 2853 ad
752 2829 893 2854 mortem
902 2831 960 2864 pro
975 2821 1097 2855 verita-

202 2875 398 2903 oeccrtare.
425 2865 469 2899 Et
491 2866 624 2910 insuper
636 2867 739 2909 novi,
765 2870 854 2911 quod
879 2871 1096 2914 praemeditata

206 2915 231 2951 ὶ
243 2916 352 2952 multo
368 2926 517 2960 tempore
530 2927 620 2951 nunc
640 2918 764 2953 venerit
774 2920 815 2955 ad
825 2922 977 2956 effectum
990 2921 1097 2966 prodi-

208 2966 264 3002 tio
274 2966 458 3002 Catholicae
470 2966 578 3001 vocis.
606 2967 650 3001 Et
662 2967 795 3010 quidem
816 2971 898 3005 utin
920 2970 1096 3007 festivitati-

207 3016 274 3051 bus
293 3041 304 3058 ,
334 3017 401 3052 sive
421 3017 591 3060 praeconiis
610 3027 709 3061 atque
732 3019 899 3056 Doarinis
922 3023 1094 3057 incircum·
1154 3040 1156 3043 v

213 3065 321 3110 :specte
332 3069 389 3101 Dei
400 3070 545 3101 Genimx
560 3090 571 3107 ,
595 3067 658 3102 five
670 3071 768 3103 Deum
780 3076 873 3106 enixa
885 3097 897 3115 ‚
921 3073 963 3109 ab
974 3073 1097 3108 Ortho-

210 3115 311 3150 doxis
321 3116 551 3151 tantummodo
562 3118 630 3152 fine
638 3118 823 3163 adjectione
830 3122 993 3159 diceretur
1005 3148 1017 3164 ,
1044 3123 1095 3158 vel

211 3167 373 3200 Dei-Cidae
387 3170 418 3211 J
422 3168 502 3202 udaer·
520 3192 530 3207 ,
558 3168 611 3202 vel
634 3170 711 3213 quia
737 3169 887 3208 Verbum
906 3176 1096 3219 incrassatum

209 3216 275 3258 est,
300 3217 335 3251 ἀ
350 3227 564 3261 quaecumque
575 3218 650 3253 sunt
661 3220 739 3254 talia
750 3245 761 3261 ‚
791 3234 860 3266 quae
876 3227 982 3270 magis
998 3226 1095 3259 insus-

213 3266 304 3310 pecte
314 3267 398 3301 dieta
408 3266 454 3301 ob
465 3267 673 3304 Otthodoxis
694 3269 880 3308 invenimus
890 3299 903 3317 ‚
929 3275 1003 3310 sane
1024 3275 1096 3310 nul·

210 3316 245 3352 la
257 3318 466 3352 accusatione
487 3318 560 3353 sunt
570 3318 671 3365 digna
687 3344 698 3360 ‚
723 3321 766 3355 eo
777 3325 865 3367 quod
880 3337 941 3360 nec
962 3324 1094 3371 dogma·

210 3367 278 3403 tice
288 3368 348 3402 (int
360 3368 459 3413 pofita
470 3367 528 3404 ista
543 3393 555 3410 ‚
579 3370 658 3407 &ut
670 3370 740 3406 dixi
753 3394 765 3414 ‚
789 3384 857 3410 non
870 3375 1014 3422 maligue
1035 3377 1094 3410 fint

1134 259 1236 299 dietat
1262 261 1397 308 Qippe
1407 270 1479 299 non
1496 258 1656 297 {sordida
1668 259 1857 305 voluntate,
1883 264 1938 300 sed
1949 273 2013 300 nee

1135 312 1195 346 tali
1217 321 1298 346 tunc
1309 309 1486 355 quaestioue
1506 310 1689 358 proposita.
1717 310 1765 344 At
1775 314 1852 348 vero
1863 316 1934 358 post
1945 325 2016 350 eor·
2067 309 2075 314 “

1136 362 1324 406 ruptionem
1343 360 1448 401 totius
1468 359 1568 399 Orbis
1589 386 1601 402 ,
1635 359 1670 398 &
1693 369 1736 392 ex
1760 372 1828 402 quo
1850 365 2015 406 praedicari

1138 423 1227 446 nunc
1248 412 1349 456 coepit
1370 410 1524 455 paflibilis
1533 410 1627 448 Deus
1647 408 1806 453 abimpiis
1817 411 2017 458 CyrillICa-

1139 462 1253 505 pitulis
1264 488 1275 504 ,
1301 460 1579 507 dogmaticeponi
1590 461 1694 496 solam
1703 471 1818 498 vocem
1830 484 1842 500 ‚
1868 474 1940 505 quae
1949 465 2018 498 eni-

1138 524 1214 547 xam
1226 512 1419 556 pronuntiat
1443 512 1580 553 Deum,
1608 510 1721 551 idest,
1745 510 1926 552 Theotocon,
1952 513 2020 548 abs·

1138 573 1203 605 que
1213 563 1270 597 illa
1282 587 1294 604 ,
1321 574 1390 607 quae
1408 562 1602 607 pronuntiat
1624 560 1772 596 hominis
1793 561 1996 600 Genitricem
2010 586 2023 604 ,

1140 612 1175 646 id
1193 611 1239 646 est
1264 637 1275 653 ‚
1303 614 1556 655 Antropotocbon,
1582 610 1670 647 nihil
1693 611 1739 646 est
1761 611 1873 653 aliud,
1901 612 1961 646 nifi
1978 624 2018 647 ea

1133 671 1210 706 ⁴quae
1221 662 1341 706 Cyrilli
1365 664 1440 700 sunt
1461 663 1644 708 praedicari.
1672 661 1855 700 Universas
1865 662 2024 706 siquidem

1101 752 1104 758 .
1141 712 1300 756 paffiones
1318 724 1357 748 ac
1368 724 1511 750 mortem
1536 714 1602 752 hoc
1626 724 1731 749 unum
1744 714 1883 748 Dictum
1907 714 2025 758 pariter

1102 766 1104 809 ᾗ
1143 761 1342 802 introducit,
1369 762 1445 800 licet
1458 764 1628 802 multoties
1640 763 1762 802 millies
1772 765 1873 799 altera
1887 775 1952 798 vox
1966 774 2021 807 pet

1135 812 1306 856 ‚quoslibet
1327 812 1482 848 circuitus
1501 825 1682 857 apponatur
1704 840 1716 856 ,
1742 815 1776 850 &
1800 813 1961 848 subtiliter
1983 813 2028 848 le-

1142 863 1236 907 genti
1249 863 1432 908 Epistolam
1454 873 1561 899 totam
1593 863 1768 911 perspicere
1793 863 1870 900 licet
1892 862 1936 900 ab
1955 863 2027 908 ejus

1142 911 1250 949 haerefi
1261 914 1356 948 nullo
1369 912 1472 949 modo
1492 914 1628 949 liberam
1640 938 1649 946 .

1193 963 1323 1002 Verum
1343 965 1363 997 fi
1385 966 1461 1000 sana
1485 965 1687 1000 conscientia
1710 964 1810 1004 &hh
1838 965 1896 1009 qui
1905 966 2027 1001 offere-

1144 1013 1248 1056 bant,
1273 1013 1487 1055 obtulerunt,
1515 1015 1640 1055 &ille,
1667 1016 1724 1059 qui
1740 1014 1897 1056 suscepit,
1926 1017 2033 1051 susce-

1145 1065 1214 1109 pit,
1240 1065 1319 1108 quid
1343 1065 1448 1103 vetuit
1466 1074 1503 1100 ut
1516 1066 1668 1100 Sanctam
1683 1065 1859 1108 Virginem
1881 1064 2032 1100 dicerent

1138 1166 1258 1215 {Deum
1282 1165 1518 1210 hominemque
1531 1167 1705 1210 perfetium
1717 1163 2031 1202 consubstantialem

1139 1216 1243 1253 mobis
1254 1215 1471 1260 praedicabant
1482 1215 1672 1255 Dominum
1687 1214 1858 1254 Christum
1871 1215 1885 1253 ξ·
1910 1213 2035 1249 sivero

1141 1324 1222 1353 ‘runt
1245 1316 1290 1351 ad
1312 1328 1426 1352 vocem
1443 1342 1453 1359 ,
1470 1313 1551 1362 >quae
1563 1317 1608 1352 est
1620 1316 1774 1352 Theotocos
1786 1340 1797 1356 ,
1824 1315 1858 1353 ἀ
1872 1314 2039 1357 Anthropo-

1142 1365 1222 1405 stocos
1234 1367 1435 1414 adjungere?
1464 1366 1558 1403 Abfit
1569 1368 1659 1402 enim
1682 1378 1718 1404 ut
1737 1366 1884 1410 unquam
1902 1364 2042 1410 quemli-

1141 1414 1358 1462 ibetpiorum
1384 1422 1442 1455 Dei
1454 1422 1616 1453 Gemmas
1637 1429 1760 1454 nornen
1785 1417 1896 1462 pigeat
1907 1416 2042 1451 confite-

1148 1469 1197 1511 ri,
1223 1469 1322 1503 fi-una
1345 1480 1448 1510 ponat
1467 1470 1501 1505 δε
1514 1474 1650 1504 Hominis
1673 1469 1876 1503 Genitricem?
1905 1467 1996 1501 Nam
2008 1467 2042 1500 fi-

1149 1527 1206 1550 cut
1217 1516 1263 1550 est
1276 1515 1415 1561 impium
1430 1521 1570 1553 refutare
1593 1531 1708 1553 vocem
1722 1516 1950 1559 Anthropotocos
1962 1527 2043 1551 cum

1151 1565 1307 1600 Theotocos
1330 1592 1342 1609 ,
1369 1568 1415 1603 ita
1448 1568 1483 1603 &
1504 1567 1658 1603 theotocos
1687 1578 1764 1602 cum
1790 1566 2038 1608 Anthropotocos.

1151 1617 1303 1664 Qando
1327 1616 1406 1652 vero
1429 1627 1576 1661 utraeque
1596 1628 1692 1652 voces
1714 1623 1883 1660 ponuntur
1904 1639 1915 1656 ,
1940 1616 2045 1649 &eo-

1153 1678 1226 1704 rum
1247 1691 1259 1707 ,
1285 1667 1343 1710 qui
1364 1668 1478 1702 Deum
1498 1669 1624 1711 parium
1647 1666 1820 1710 praedicant
1841 1688 1851 1706 ‚
1877 1663 2045 1706 haerefim,

1142 1718 1186 1754 7&
1207 1716 1342 1754 illorum
1362 1718 1421 1762 qui
1444 1729 1563 1761 purum
1584 1717 1702 1755 dicunt
1725 1715 1914 1751 Hominem
1943 1714 2048 1750 Chri-v

1142 1767 1262 1816 stum,
1288 1769 1385 1804 fimul
1405 1768 1574 1812 abjurant.
1603 1767 1811 1804 Manifestati
1834 1775 1945 1803 autem
1968 1767 2048 1800 sunt

1156 1819 1269 1853 Patres
1288 1815 1435 1853 haerefios
1457 1819 1623 1862 utriusque
1641 1843 1652 1860 ,
1680 1818 1759 1853 ficut
1782 1818 1817 1853 δε
1837 1816 1952 1860 magni
1974 1816 2049 1850 Do·

1142 1869 1259 1903 ‘stores
1269 1868 1420 1902 Ecclefiae
1432 1892 1444 1909 ‚
1469 1869 1527 1912 qui
1540 1879 1599 1911 pro
1611 1869 1687 1902 sana
1710 1866 1775 1901 fide
1787 1874 1952 1901 certarunt
1967 1877 2047 1900 con-

1156 1929 1205 1953 tra
1224 1916 1367 1953 haerefitn
1389 1917 1593 1962 Apollinarii
1615 1918 1825 1963 Dogmatum
1843 1916 2047 1955 refistentes,

1157 1969 1331 2012 utriusque
1351 1968 1397 2002 usi
1414 1967 1575 2002 vocibus:
1604 1967 1668 2003 Per
1677 1978 1758 2011 quas
1778 1968 1940 2001 &omnes
1949 1963 2046 1999 haere-

1158 2020 1206 2053 ses
1225 2017 1392 2060 perspicue
1410 2026 1626 2057 notaverunt,
1654 2018 1688 2051 &
1700 2015 1953 2053 orthodoxiam
1973 2015 2048 2054 irte-

1158 2065 1416 2115 prehenfibiliter
1439 2065 1713 2111 praedicaverunt,
1824 2061 1828 2065 ’

1251 2196 1319 2246 hae
1353 2195 1557 2261 Epistolae
1588 2202 1602 2253 3
1651 2199 1696 2243 δε
1730 2212 1829 2261 quae
1862 2194 2051 2262 sequun-

1227 2280 1300 2314 tur
1349 2261 1620 2313 Theodoreti
1674 2263 1882 2333 Cyrenfis
1934 2268 2042 2334 Epi-

1228 2333 1354 2403 scopi
1382 2371 1396 2396 ,
1447 2332 1505 2385 ab
1542 2338 1703 2384 Irenaeo
1753 2334 1850 2387 sunt
1885 2338 1933 2385 in
1968 2353 2047 2398 ea,

1227 2423 1325 2473 quae
1350 2409 1444 2471 ejus
1479 2402 1663 2467 dicitur,
1706 2404 1946 2469 Tragoedia
1969 2425 2048 2474 per

1228 2474 1426 2526 ordinem
1461 2476 1609 2543 pofitae
1640 2512 1653 2525 .
1690 2479 1936 2527 Declarant
1971 2493 2048 2525 au-

1229 2562 1323 2597 tem
1417 2544 1680 2597 sufficienter
1774 2545 2045 2597 differentias

1229 2633 1514 2683 utrorumque
1540 2653 1554 2679 ‚
1589 2620 1632 2665 δε
1669 2620 1747 2685 qui
1783 2618 2043 2678 Catholica,

1230 2690 1311 2756 qui
1347 2703 1495 2737 autem
1530 2686 1759 2739 videantur
1796 2691 1935 2740 altera
1969 2706 2048 2737 vo-

1228 2761 1400 2809 luntate
1434 2760 1601 2810 moveri
1627 2794 1640 2809 .
1680 2761 1726 2810 Si
1761 2760 1860 2811 vere
1897 2774 2045 2809 tamen

1217 2828 1348 2882 sunt.

1135 2200 1216 2299 {Et

1356 3021 1851 3071 Senomon.

1265 3171 1335 3207 AEc
1348 3169 1483 3215 epistola
1496 3168 1605 3213 explet
1614 3167 1810 3203 Promiffum
1822 3192 1834 3212 ,
1859 3167 1951 3215 quod
1965 3166 2043 3204 Ale·

1288 3222 1413 3258 xander
1435 3219 1476 3254 ad
1499 3218 1667 3254 Andream
1692 3220 1810 3256 fecerat
1832 3219 1875 3256 de
1885 3219 2043 3255 omnibus

1154 3265 1436 3309 communicandis
1449 3266 1684 3306 Theodoreto.
1712 3270 1825 3305 Etiam
1836 3270 1932 3315 poffit
1944 3281 2042 3306 com-

1155 3323 1333 3358 munieaffe
1343 3323 1509 3367 praefatum
1526 3319 1834 3356 Commonitorium
1847 3344 1859 3362 ,
1882 3321 1972 3366 quod
1986 3330 2041 3363 pa-

1155 3371 1245 3409 tabat
1265 3371 1459 3410 Patriatchae
1482 3371 1602 3417 Ioanni
1626 3372 1860 3408 transmittere.
1886 3371 2040 3453 Affidrmat

1861 3429 1943 3465 prim
1978 3441 1991 3460 ³
