2320 3730
594 164 898 219 ScfloLns,
937 176 1001 206 ET
1034 157 1228 203 Norls
1264 171 1661 206 urusraarae.

210 254 280 289 lam
299 260 376 287 cum
387 257 483 283 carne
501 246 672 287 animam,
697 244 752 280 sed
774 244 918 281 omnino
939 245 1090 287 importat

211 312 366 340 carnem,
391 298 559 337 animam,
585 296 680 331 fimul
706 297 917 331 &mentem.
943 295 1038 331 Hinc
1058 292 1092 325 in

210 350 324 388 eadem
345 347 481 392 epistola
502 347 608 393 pergit
628 346 863 383 Nazianzenus
873 344 1093 388 Theologus:

211 405 247 437 st
257 404 401 435 Domlnns
411 398 450 442 est
461 404 616 432 animatus
625 398 766 441 quidem,
791 408 895 431 verum
914 400 1024 429 mentis
1046 404 1094 426 ex-

209 459 303 495 pers,
327 459 384 493 quo
405 451 530 484 tandem
553 449 637 482 modo
657 447 785 481 homini:
807 456 911 480 nomen
916 443 1096 488 sustinebit?

211 500 347 535 Praefata
370 499 572 544 propositio,
593 498 621 532 fi
640 497 721 533 reste
731 496 953 544 intelligatur,
978 494 1025 529 est
1046 503 1098 539 pa-

211 550 279 586 lam
291 560 364 585 vera
390 561 427 585 ac
440 547 626 585 orthodoxa
636 574 645 581 .

264 600 388 635 Vitalis
398 599 633 644 Apollinarista
644 609 712 632 non
724 595 854 632 carebat
862 595 1019 630 virtutum
1029 592 1098 627 offi-

212 649 298 692 ciis,
325 650 467 695 ideoque
487 650 592 695 ipsum
613 647 772 693 diligebat
793 646 975 691 Gregorius
999 669 1006 676 .
1033 643 1099 678 Ve-

211 711 289 736 rum
299 709 368 737 erat
388 700 502 735 dolosa
525 700 653 743 vulpes.
678 697 746 732 Sub
757 694 954 733 orthodoxis
964 691 1100 730 vocibus

213 749 387 795 pessimum
412 751 473 785 suae
493 747 694 792 blasphemiae
715 748 823 789 virus,
851 747 900 782 uti
924 744 982 783 sub
993 744 1101 779 ovinis

214 801 304 836 lanis
324 800 438 846 lupum
461 798 635 835 obvelabat
648 822 660 839 ,
683 808 783 843 atque
803 798 848 832 ita
871 796 890 833 a
905 793 1102 832 circumscri-

216 860 278 894 pto
303 851 468 897 Gregorio
497 848 689 884 credebatur
717 846 922 885 orthodoxus
941 871 949 883 .
977 844 1102 880 Eadem

216 900 347 934 vafritie
360 898 580 936 circumduxit
590 900 744 936 Santstum
755 897 878 941 Papam
899 895 1080 934 Damasum
1093 917 1104 933 2

217 960 420 998 omnemque
441 950 629 986 Romanam
665 948 845 984 Ecclesiam
866 972 877 988 ,
903 957 950 993 acy
968 944 1010 984 ab
1030 943 1104 988 ipfis

214 1001 351 1036 extorsit
372 998 684 1035 communicatorias
709 999 832 1032 litteras
850 1021 858 1028 .
885 994 977 1042 Qid
995 993 1105 1029 ortho-

215 1050 343 1084 doxius
367 1048 571 1092 Apostolicis
590 1045 633 1082 ad
654 1045 882 1090 Philippenses
904 1047 946 1080 de
972 1043 1106 1080 Christo

216 1098 373 1133 Domino
387 1095 541 1133 vocibus:
567 1099 633 1141 ⁷Qui
642 1107 707 1132 cum
718 1096 859 1139 informa
870 1098 926 1131 Dei
939 1096 1025 1143 esset,
1049 1105 1107 1127 non

213 1152 362 1190 rapinam
378 1147 547 1182 arbitratus
562 1148 599 1187 est
621 1146 672 1190 effe
677 1145 712 1193 se
726 1148 870 1190 aequalem
880 1148 960 1186 Deo,
990 1143 1106 1187 infimi-

216 1198 376 1232 litudinem
390 1197 542 1234 hominum
556 1197 666 1238 sac‘lus
686 1221 697 1238 ,
722 1198 757 1233 eb·
778 1196 885 1234 babitu
908 1201 1054 1230 inventus
1075 1202 1110 1231 ut

217 1247 326 1283 bomo?
353 1247 414 1281 Ast
437 1258 474 1285 ea
499 1247 622 1284 Vitalis
643 1258 713 1281 non
734 1244 930 1290 Apostolice
944 1245 1110 1288 intellige-

217 1297 277 1332 bat
298 1323 306 1330 .
333 1297 514 1332 Praesertim
537 1296 629 1331 baec:
658 1300 697 1334 1η
716 1296 942 1339 similitudinem
960 1294 1111 1329 hominum

212 1347 324 1390 salius
337 1372 348 1389 ,
373 1349 408 1382 ὁ·
418 1347 521 1383 babitu
531 1352 676 1385 inventus
691 1356 724 1381 ut
736 1346 819 1381 bomo
833 1373 840 1379 .
866 1345 1034 1381 Censebat
1046 1343 1111 1378 illis

218 1408 294 1432 non
307 1397 487 1433 humanam
511 1407 663 1433 naturam
682 1396 860 1443 fignificari
880 1421 892 1438 ,
917 1394 970 1430 sed
992 1393 1112 1429 fallibi-

217 1447 289 1482 lem
309 1447 475 1490 quandam
502 1446 640 1491 speciem
664 1471 675 1488 ,
700 1458 739 1481 ac
765 1447 961 1491 opinionem
985 1470 993 1479 .
1020 1445 1115 1484 Hinc

218 1497 330 1542 pergit
352 1497 535 1542 Gregorius
557 1509 565 1529 ε
592 1499 747 1541 ‚Quoniam
759 1503 852 1543 igitur
874 1498 986 1530 eadem
1007 1505 1115 1535 voces,

213 1546 330 1589 find?
350 1547 581 1592 intelligantur,
606 1558 672 1584 cum
679 1553 798 1589 pietate
809 1546 974 1587 conJunHae
991 1542 1120 1587 sunt,fi

214 1597 383 1640 perperim
404 1605 617 1638 exponantur,
642 1601 799 1639 impietate
822 1607 882 1630 non
893 1603 1017 1633 carent,
1043 1593 1119 1637 quid

218 1650 334 1681 mirum
358 1669 370 1686 ,
389 1644 418 1687 fi
435 1646 548 1681 Vitalis
564 1657 678 1690 quoque
700 1646 795 1680 verba
817 1657 871 1679 nos
895 1646 1017 1688 quidem
1032 1668 1044 1685 ‚
1071 1649 1117 1677 ita

214 1693 366 1740 suadente
401 1697 557 1732 voluntate
576 1721 589 1739 ,
624 1701 657 1729 in
677 1702 764 1741 pium
779 1695 901 1740 sensum
928 1699 1117 1737 accepimus,

219 1747 276 1780 alii
291 1754 393 1781 aurem
414 1747 459 1781 ad
476 1757 596 1788 eorum,
621 1756 689 1791 quae
705 1744 822 1790 scripu
838 1745 937 1791 sunt,
962 1753 1114 1784 mentem,

220 1795 445 1839 exasperantur
454 1807 490 1833 ac
500 1797 727 1839 inflammantur
744 1798 757 1830 .>
783 1798 1015 1840 ,ρκοιίειὶαηιιη
1025 1793 1117 1836 causa

215 1845 309 1889 fuisse
328 1857 392 1880 reor
405 1871 416 1887 ‚
441 1858 492 1882 cur
511 1846 574 1889 ipse
595 1858 710 1889 quoque
732 1844 906 1889 Damasur‚
930 1856 996 1879 cum
1009 1844 1117 1879 remus

219 1895 326 1939 posted
346 1896 462 1929 edodlus
478 1895 582 1940 fuiffet
596 1919 607 1935 ,
628 1895 771 1942 simulque
781 1907 828 1929 eos
841 1901 874 1928 in
880 1894 1018 1938 pristinis
1032 1900 1118 1935 expo-

220 1943 382 1987 strionibus
399 1945 532 1990 perstare
557 1946 714 1989 audiisset,
739 1947 804 1979 illos
825 1945 865 1978 ab
886 1944 1023 1987 Ecclefiae
1043 1953 1118 1977 coetu

224 1994 402 2036 abditam,
423 1995 551 2038 fideique
573 1995 707 2030 labellum
728 2006 794 2029 cum
803 1992 1054 2037 anathematismo
1072 1993 1118 2027 de·

226 2045 360 2079 levarit:
385 2048 462 2079 Tum
486 2050 580 2081 etiam
605 2046 685 2089 quod
696 2045 842 2090 fraudem
853 2046 959 2082 illam,
985 2050 1019 2077 ta
1028 2052 1119 2082 quam

223 2092 511 2136 perfimplicitatem
520 2095 668 2129 inciderat
681 2116 693 2133 ,
702 2089 978 2135 permolesteferret
987 2115 996 2123 .
1023 2087 1116 2125 Fidei

223 2143 380 2179 libelllum
401 2167 413 2184 ,
439 2143 604 2188 variasque
625 2142 714 2178 illius
744 2141 984 2187 propositiones
1002 2163 1013 2179 ‚
1039 2149 1118 2182 quas

223 2192 307 2228 antii
327 2193 476 2237 probarat
493 2216 505 2234 ,
530 2190 739 2227 anathemate
761 2191 934 2228 damnavit
957 2215 963 2222 .
992 2189 1119 2224 Eadem

222 2242 271 2278 est
282 2243 369 2278 ratio
384 2241 545 2285 praesentis
560 2241 815 2285 propositionis:
842 2238 976 2280 Christus
988 2238 1027 2278 est
1036 2237 1120 2271 homo

222 2291 334 2334 Deifitr
346 2316 354 2324 .
382 2292 420 2327 In
435 2290 640 2327 laudatorum
652 2289 787 2327 Patrum
799 2289 914 2334 lingua
926 2312 937 2329 ,
947 2289 980 2322 &
991 2287 1120 2322 calamo

222 2343 288 2377 fuit
312 2339 502 2378 orthodoxa
524 2354 534 2385 ;
562 2341 611 2376 At
634 2341 714 2376 vero
739 2342 777 2375 in
797 2338 947 2374 Nestorii
973 2349 1030 2373 ore
1051 2346 1119 2372 erat

222 2390 437 2437 blasphema·
464 2391 520 2426 Est
532 2391 622 2425 enim
644 2390 807 2425 &ovibus
830 2388 964 2432 &lupis
988 2387 1121 2422 vestien-

225 2441 277 2475 dis
289 2440 413 2475 idonea
426 2438 502 2473 lana
514 2464 523 2474 ‚
550 2440 644 2473 Hinc
654 2438 757 2482 ipsam
770 2439 884 2472 nonin
899 2437 1017 2482 quovis
1027 2460 1039 2477 ,
1066 2435 1121 2470 sed

225 2489 301 2524 solo
330 2488 532 2524 Nestoriano
554 2490 647 2523 sensu
675 2488 823 2532 Cyrillus
845 2487 1026 2531 proscripsit
1053 2498 1064 2519 .-
1090 2488 1122 2519 si

180 2563 182 2566 ψ
226 2545 296 2583 quis
319 2539 417 2574 dicere
439 2539 533 2572 audet
555 2537 705 2578 Christum
725 2549 785 2571 non
804 2538 856 2580 esse
876 2548 984 2572 verum
1006 2539 1122 2575 Deum,

225 2587 287 2632 fid
296 2587 448 2623 bominem
464 2596 583 2621 tantum
603 2587 782 2632 Deiferum,
806 2585 969 2620 anathema
973 2585 1030 2627 fit.
1058 2586 1122 2620 Hae

227 2637 471 2683 prop-ositiones
484 2660 496 2677 ,
521 2635 657 2677 Christus
669 2636 709 2677 est
722 2635 805 2670 homo
815 2635 940 2678 Deifer,
965 2634 1000 2668 ἀ
1010 2659 1020 2675 ,
1034 2634 1120 2669 Chri·

229 2687 289 2724 aas
309 2687 351 2731 ‹2st
363 2686 445 2721 bomo
464 2694 582 2721 tantum
593 2686 717 2729 Deffer,
744 2685 923 2732 plurimum
944 2685 1119 2720 differunt.

228 2737 403 2773 Posterior
413 2737 503 2772 enim
523 2736 672 2772 excludit
686 2736 846 2772 unionem
869 2735 1050 2771 secundum
1062 2734 1119 2779 hy-

230 2788 387 2832 postasim
409 2811 420 2827 ,
453 2787 489 2821 &
508 2786 656 2823 admittit
690 2786 793 2822 solam
819 2785 1119 2827 inhabitationem,

230 2839 288 2873 seu
312 2836 493 2872 habitualis
515 2836 778 2872 sanetificationis
802 2838 968 2883 gratiam,
995 2834 1036 2871 de
1056 2847 1119 2880 qua

231 2886 441 2931 Apostolus:
468 2890 579 2929 Empti
598 2886 664 2928 estis
678 2892 778 2929 pretio
797 2899 905 2933 magno
929 2910 940 2927 ,
958 2886 1119 2933 glorificate

232 2939 268 2973 Θ
285 2945 408 2980 portare
434 2939 531 2970 Deum
552 2942 585 2970 in
609 2946 725 2980 corpore
744 2937 854 2979 vestro.
884 2935 1119 2974 Nihilominus

231 2987 334 3022 etiam
351 2987 437 3030 prior
459 2986 645 3031 Propofitio
667 2997 798 3032 propter
815 2987 1007 3024 Nestorium
1020 2988 1118 3031 coepit

233 3035 321 3071 male
331 3037 440 3072 olere.
468 3036 537 3072 Uti
559 3046 689 3081 propter
709 3037 813 3081 ipsum
829 3040 945 3085 quinta
966 3038 1119 3083 synodus

234 3086 418 3130 proscripsit
431 3084 518 3121 hanc
529 3111 542 3128 ‚
562 3088 691 3122 Domina
701 3088 740 3129 est
752 3087 937 3133 christipara
949 3114 960 3131 ,
987 3090 1032 3124 ita
1045 3089 1119 3122 San-

235 3137 305 3170 etus
317 3135 465 3179 Cyrillus
476 3159 488 3177 ,
514 3137 549 3171 &
562 3137 631 3180 post
653 3139 758 3181 ipsum
775 3141 886 3176 omnis
905 3140 1047 3175 Ecclefia
1058 3149 1118 3173 coe-

236 3186 287 3230 pit
298 3184 458 3229 abjicere:
485 3186 619 3228 christus
639 3186 678 3229 est
687 3188 768 3222 bomo
780 3189 884 3232 Deifer
896 3216 903 3224 .
931 3190 1014 3226 Non
1027 3188 1117 3233 quod

235 3236 314 3271 esset
329 3236 430 3277 falsa,
457 3234 511 3271 sed
531 3236 688 3280 quoniam
710 3239 871 3283 suspesia,
896 3252 935 3277 ac
955 3250 1030 3286 apta
1053 3239 1118 3275 Ne-

236 3286 420 3322 storianum
432 3286 519 3322 virus
529 3286 724 3323 abscondere
738 3313 745 3322 .
771 3290 824 3324 Ex
834 3302 900 3334 quo
911 3291 997 3327 lucet
1006 3316 1018 3333 ,
1028 3289 1117 3335 quod

237 3336 386 3375 Ecclesia
399 3362 411 3380 ,
437 3347 506 3373 non
528 3337 665 3383 quidem
684 3338 876 3378 Sanctorum
895 3341 1029 3378 Patrum
1043 3340 1119 3377 Sen-

1874 178 1968 212 211

1158 240 1211 280 sa,
1235 240 1290 277 sed
1300 250 1411 276 tamen
1435 240 1531 275 verba
1549 242 1644 284 poffit
1653 254 1696 276 ex
1707 243 1889 282 rationibus
1910 249 2041 290 proscri-

1160 291 1234 326 bere
1244 317 1252 326 .
1280 291 1412 336 Nempe
1423 291 1535 326 Patres
1546 315 1558 332 ,
1583 289 1740 327 haereticis
1752 296 1891 332 necdum
1911 297 2043 344 litigan-

1159 341 1271 383 tibus,
1298 342 1485 378 securiusac
1498 341 1630 378 liberius
1641 341 1876 386 loquebantur.
1903 348 2046 383 Haereti-

1160 402 1275 427 corum
1303 393 1376 428 lites
1405 402 1533 438 cogunt
1553 392 1594 427 ad
1617 390 1704 426 hanc
1726 393 1835 427 Sansti
1862 395 2043 441 Augustini

1162 443 1310 487 regulam
1337 455 1348 486 ;

1158 503 1249 537 guam
1260 516 1271 525 ι

1215 543 1361 590 Qaestio
1380 544 1425 579 est
1439 568 1451 586 ,
1478 542 1533 579 An
1555 543 1734 582 Eutherius
1752 555 1790 578 ac
1810 540 2049 583 Theodoretus

1164 592 1198 625 in
1221 594 1358 636 eodem,
1384 606 1450 639 quo
1463 595 1656 637 Nestorius,
1681 595 1774 629 sensu
1795 593 1941 630 dixerint
1952 595 2050 630 Chri-

1164 641 1249 677 stum
1262 645 1451 679 Dominum
1462 645 1525 680 esse
1536 644 1706 682 hominem
1720 645 1917 683 Deiferum?
1941 645 2052 693 Qid-

1165 692 1245 738 quid
1266 693 1305 726 fit
1322 694 1364 728 de
1378 694 1537 730 Eutherio
1549 721 1559 737 ,
1586 696 1628 731 de
1636 695 1856 730 Theodoreto
1868 696 2051 739 respondeo

1166 741 1335 786 negative.
1364 743 1444 786 Ejus
1458 745 1557 780 verba
1580 748 1655 781 sunt
1677 745 1807 780 lucida:
1833 749 1978 782 Vocamus
1999 759 2055 782 au-

1166 803 1228 830 tem
1257 792 1412 836 Deiferum
1446 793 1594 829 bominem
1617 821 1628 837 ,
1655 808 1714 830 non
1732 796 1814 839 quod
1831 797 2053 838 particularem

1165 844 1321 885 quandam
1337 843 1478 877 divinam
1494 849 1632 888 gratiam
1656 851 1817 888 acceperit,
1841 843 1901 889 sed
1909 847 1988 889 quod
1996 857 2056 879 om-

1167 903 1233 926 nem
1246 898 1364 930 unitam
1385 892 1496 932 habeat
1507 893 1583 932 Filii
1602 898 1756 932 Deitatem
1769 922 1776 930 .
1805 896 1911 932 Addit
1933 897 1966 930 se
1990 894 2058 931 haec

1168 943 1313 986 profiteri
1332 955 1374 978 ex
1386 944 1578 988 Apostolica
1594 944 1635 978 ad
1658 945 1878 981 Colloffenses
1889 946 2059 991 Epistola:

1168 997 1205 1031 In
1216 994 1277 1036 ipso
1299 992 1455 1031 inhabitat
1472 1001 1567 1027 omnIs
1587 995 1745 1040 plenitudo
1758 997 1941 1030 Divinitatis
1964 1005 2060 1040 corpo·

1169 1045 1294 1078 taliter.
1321 1044 1426 1092 Qod
1448 1043 1486 1077 T
1488 1043 1705 1083 heodoretus,
1732 1044 1811 1082 licet
1835 1056 1930 1079 voces
1954 1070 1966 1086 ,
1990 1051 2060 1080 unio

1166 1092 1328 1137 secundum
1339 1093 1503 1136 hypostasim
1514 1119 1525 1135 ,
1551 1093 1693 1138 aliasque
1705 1093 1823 1131 slmiles
1832 1094 1850 1126 a
1863 1096 1979 1129 Sancto
1993 1097 2062 1138 Cy-

1167 1139 1252 1179 rillo
1276 1143 1316 1182 ,ad
1340 1144 1639 1189 constringendum
1652 1142 1845 1178 Nestorium
1858 1142 2065 1189 legitimciu-

1174 1194 1284 1232 ductas
1305 1195 1467 1232 aversatus
1488 1194 1527 1229 sit
1549 1218 1561 1235 ,
1587 1195 1712 1238 semper
1734 1202 1844 1229 tamen
1868 1194 1909 1228 de
1934 1194 2066 1229 Divinae

1175 1244 1417 1281 lncarnationis
1431 1245 1598 1289 Mysterio
1621 1244 1703 1282 ,recta
1716 1244 1867 1286 senserit,
1893 1243 1937 1278 est
1947 1245 2064 1279 omni·

1175 1293 1236 1334 bus
1246 1295 1452 1339 exploratum
1464 1319 1471 1328 .
1498 1295 1601 1343 Qod
1614 1296 1749 1339 ipsemet
1773 1296 1908 1329 Sanetus
1919 1294 2068 1339 Cyrillus

1178 1344 1211 1379 in
1225 1345 1295 1388 ipso
1319 1346 1377 1380 suo
1390 1345 1567 1390 Responso
1589 1347 1747 1391 agnovit:
1774 1344 1965 1389 obstupesco,
1989 1345 2070 1388 quod

1177 1394 1372 1432 :theodoretus
1395 1421 1407 1436 ,
1432 1408 1499 1434 cum
1521 1396 1626 1439 ubique
1647 1400 1744 1431 Deum
1767 1397 1819 1440 effe
1842 1396 2069 1432 Emmanuelem

1176 1445 1323 1488 affirmet,
1347 1451 1379 1482 ,in
1390 1445 1438 1483 bis
1448 1446 1689 1489 deprehendatur
1699 1447 1744 1483 illi
1759 1446 1966 1488 Propheticam
1989 1456 2071 1479 men·

1176 1494 1281 1542 suram
1292 1496 1432 1531 tribuere.
1462 1503 1618 1536 Hominem
1629 1504 1708 1531 enim
1718 1496 1875 1542 Dezferum
1887 1508 1954 1531 eum
1963 1496 2014 1539 effe
2025 1496 2071 1528 dl·

1176 1551 1218 1582 cit
1229 1570 1240 1586 ,
1266 1556 1300 1581 ut
1313 1548 1458 1582 videatur
1474 1547 1582 1594 similis
1609 1548 1691 1584 nobis
1702 1573 1713 1589 ‚
1738 1552 1791 1589 qui
1805 1551 1900 1580 Deum
1906 1555 1962 1588 per
1975 1547 2072 1588 spiri·

1175 1604 1238 1631 tum
1249 1597 1391 1633 sanilam
1404 1597 1546 1634 babemus
1569 1603 1602 1629 in
1615 1597 1700 1633 nobis
1722 1597 1912 1631 habitantem
1927 1620 1935 1628 .
1962 1597 2072 1638 ,Quare

1177 1651 1269 1692 igitur
1290 1657 1349 1679 non
1368 1647 1457 1690 ceffat
1478 1647 1591 1680 reblam
1608 1646 1682 1688 fidei
1705 1652 1854 1681 rationem
1872 1643 2070 1679 conturbare?

1179 1696 1347 1738 Aliquando
1367 1701 1448 1735 enim
1472 1707 1566 1734 unum
1585 1697 1658 1730 dicit
1680 1695 1830 1741 Christum
1845 1720 1856 1736 ‚
1883 1697 1918 1730 (5
1933 1695 2047 1728 Filium
2060 1717 2072 1734 ,

1179 1748 1214 1782 ὑ
1236 1749 1399 1782 Dominum
1425 1771 1438 1790 ,
1460 1748 1588 1785 eundem
1610 1751 1707 1784 Deum
1721 1744 1811 1787 simul
1837 1747 1871 1779 Θ
1899 1745 2072 1786 hominem

1182 1798 1353 1838 Aliquando
1377 1800 1450 1834 vero
1486 1797 1696 1839 Propheticam
1715 1796 1888 1839 mensuram
1914 1800 1941 1829 ei
1967 1796 2073 1836 dant,

1388 446 1465 481 Tene
1490 441 1676 491 sententiam
1702 467 1716 488 ,
1747 440 1806 489 sed
1838 451 1948 491 corrige
1981 450 2048 483 lin.

1183 1845 1338 1887 Delferum
1370 1845 1518 1880 bominem
1550 1847 1688 1888 appellat
1708 1869 1719 1885 ,
1745 1851 1887 1890 ignorans
1915 1844 2047 1886 forrafflr
2060 1867 2072 1884 ,

1182 1897 1264 1941 quod
1283 1896 1368 1929 illum
1389 1895 1475 1932 nobis
1500 1898 1648 1939 aqualem
1660 1895 1766 1938 faciat
1787 1921 1795 1929 .
1835 1894 2073 1929 Theodoretus

1182 1942 1320 1980 credidit
1331 1946 1498 1991 Cyrillum
1509 1955 1620 1979 tenere
1632 1946 1769 1990 vestigia
1781 1946 1828 1979 sui
1841 1944 2011 1979 Avunculi
2035 1954 2073 1977 ac

1183 1996 1382 2030 Praecessoris
1403 1993 1592 2039 Theophili
1610 2019 1622 2036 ,
1648 1995 1792 2039 ideoque
1827 1992 2000 2039 quomodo
2017 1990 2074 2027 hic

1183 2046 1337 2077 Sanctum
1367 2045 1529 2091 Joannem
1562 2043 1839 2089 chrysostomum
1867 2068 1879 2086 ,
1909 2044 1954 2077 ita
1978 2042 2074 2078 illum

1181 2091 1328 2136 maligne
1339 2092 1488 2128 infestari
1500 2093 1708 2129 Nestorium.
1736 2093 1953 2134 Nestorium,
1981 2094 2075 2127 suum

1182 2141 1265 2176 olim
1286 2142 1322 2175 in
1343 2141 1558 2178 Antiochena
1593 2143 1737 2177 Ecclesia
1771 2144 1969 2180 familiarem
1995 2143 2076 2178 ami-

1183 2202 1260 2228 cum
1280 2215 1292 2231 ,
1317 2190 1457 2226 credidit
1481 2190 1578 2233 plene
1596 2189 1824 2227 orthodoxum
1844 2216 1856 2231 ‚
1881 2193 1915 2226 &
1937 2203 2074 2228 omnem

1186 2239 1273 2274 hanc
1291 2240 1387 2275 litem
1408 2238 1524 2276 haerere
1542 2239 1576 2273 in
1600 2239 1675 2275 solis
1687 2239 1867 2275 vocabulis.
1896 2241 1991 2275 Hinc
2003 2254 2074 2285 prae-

1187 2289 1295 2324 sertim
1305 2287 1373 2324 duo
1385 2289 1551 2328 intendit,-
1579 2290 1798 2325 Controversa
1816 2290 1963 2325 Nestorii
1975 2291 2073 2327 Dicta

1185 2339 1356 2383 &Scripta
1377 2350 1513 2385 purgare
1527 2363 1539 2383 ‚
1563 2340 1771 2376 &maculare
1791 2341 1912 2384 Cyrilli
1937 2341 2072 2385 Capitu-

1187 2389 1218 2423 la
1230 2413 1238 2422 .
1264 2389 1318 2424 Sic
1327 2390 1518 2433 compulsus
1539 2388 1585 2423 est
1597 2389 1781 2426 Catholicae
1792 2391 1941 2427 Ecclefiae
1952 2392 2048 2426 Sensa
2060 2416 2072 2435 ‚

1187 2450 1225 2475 ac
1236 2438 1382 2472 Nestorii
1398 2437 1493 2475 verba
1504 2438 1559 2473 fibi
1572 2439 1714 2475 invicem
1736 2442 1963 2478 commiscere.
1990 2442 2072 2476 Hoc

1188 2487 1335 2533 Cyrillus
1345 2488 1513 2533 obstupuit
1524 2513 1535 2530 ‚
1561 2490 1596 2525 &
1605 2490 1760 2534 opinatus
1770 2492 1815 2526 est
1830 2492 1936 2527 virum
1950 2491 2071 2526 scribe-

1186 2551 1220 2575 re
1229 2538 1415 2582 sibimetipfi
1427 2541 1608 2574 contraria.
1639 2541 1740 2576 Reste
1757 2542 1836 2576 vero
1849 2542 1954 2584 dixit,
1980 2541 2071 2585 quod

1185 2600 1241 2635 per
1260 2588 1319 2625 ista
1340 2586 1484 2624 turbaret
1506 2588 1604 2625 fidem
1627 2600 1665 2624 ac
1684 2602 1798 2635 pacem
1818 2591 1938 2627 Matris
1959 2591 2073 2627 Eccle-

1183 2641 1248 2675 siae.

1235 2687 1412 2726 Eutherius
1423 2688 1551 2727 invadit
1562 2690 1663 2726 etiam
1678 2692 1853 2737 septimum
1864 2693 2069 2738 Capitulum.-

1183 2742 1216 2775 ,Π
1238 2744 1306 2783 quis
1329 2744 1362 2785 J
1365 2738 1443 2782 esum
1473 2740 1622 2782 Christum
1652 2742 1798 2777 bominem
1822 2745 1943 2778 tantum
1963 2747 2070 2779 Divini

1185 2790 1276 2825 Verbi
1287 2795 1322 2823 vi
1333 2790 1431 2824 aetum
1439 2790 1491 2834 effe
1504 2792 1617 2826 dixerit
1630 2817 1642 2834 ,
1667 2794 1828 2828 anathema
1828 2794 1885 2835 fit.
1915 2794 2068 2830 Credidit

1182 2840 1339 2874 adversari
1353 2840 1556 2885 Apostolicis
1574 2842 1616 2877 ad
1640 2843 1796 2888 Ephesios
1815 2843 1936 2877 verbis:
1964 2846 2067 2879 Secun-

1183 2890 1254 2925 dom
1265 2896 1463 2933 operationem
1477 2899 1623 2935 potentia·
1646 2899 1771 2929 virtutis
1783 2895 1871 2935 eius,
1897 2905 1956 2936 qua
1966 2903 2067 2937 opera·

1182 2950 1231 2975 tus
1242 2940 1281 2982 est
1292 2946 1324 2975 in
1338 2940 1451 2981 cbristo
1466 2966 1477 2984 ,
1499 2941 1649 2987 ,suscitans
1661 2955 1725 2978 eum
1734 2945 1754 2976 ἃ
1767 2948 1888 2976 mortuis
1899 2969 1906 2976 .
1934 2945 2067 2979 Clama-

1182 2991 1229 3025 vit
1241 3003 1310 3027 non
1333 2991 1436 3028 solam
1458 3001 1538 3028 tunc
1552 2994 1716 3028 viventem
1731 2993 1927 3034 Ecclesiam,
1954 2994 2008 3029 sed
2030 2996 2066 3030 δε

1180 3040 1285 3086 ipsum
1308 3040 1509 3086 Apostolum
1530 3043 1549 3077 a
1571 3043 1688 3078 Sancto
1699 3044 1830 3088 Cyrillo
1851 3043 2066 3079 anathemati-

1181 3093 1265 3127 zari.
1292 3092 1492 3140 Respondeo
1513 3093 1555 3128 ab
1574 3092 1735 3129 Eutherio
1756 3118 1768 3135 ‚
1792 3094 1927 3129 forsitan
1950 3093 2064 3130 dolose

1181 3154 1218 3179 ac
1230 3143 1377 3188 maligne
1389 3168 1400 3184 ,
1426 3143 1518 3177 fuisse
1529 3144 1731 3187 praetermissa
1754 3144 1822 3181 baec
1838 3144 2064 3180 fundamenta·

1182 3193 1225 3228 lia
1236 3194 1342 3229 Sancti
1355 3193 1474 3237 Cyrilli
1485 3193 1600 3229 verba:
1629 3199 1783 3230 Hominem
1794 3195 1928 3231 tantum.
1956 3194 2061 3244 Qod

1180 3242 1281 3289 igitur
1292 3244 1442 3280 Christus
1453 3243 1621 3279 Dominus
1643 3245 1751 3280 noster
1771 3245 1806 3280 in
1818 3246 1976 3290 affumpta
1997 3257 2062 3279 no-

1182 3294 1242 3328 stra
1255 3303 1371 3330 natura
1394 3295 1491 3331 fuerit
1503 3293 1619 3330 Divini
1632 3294 1735 3330 Verbi
1758 3296 1996 3336 virtuteastus,
2021 3305 2060 3328 ac

1182 3343 1313 3380 tandem
1334 3345 1503 3381 amortuis
1523 3345 1747 3390 resuscitatus,
1771 3347 1904 3384 sanctus
1915 3343 2061 3387 Cyrillus

1943 3395 2007 3428 fuit
