2320 3730
260 262 403 312 Virgine
423 262 630 298 innotescere
644 272 706 296 nos
718 262 827 299 vestrae
848 260 1057 306 insuperabili
1075 260 1150 294 Pie-

258 316 340 357 tati,
368 314 433 348 hoc
444 315 535 348 enim
548 313 645 347 nobis
660 314 830 347 nunciavit
848 313 990 356 Joannes
1018 309 1149 353 Magni-

671 177 1009 230 Vanroanm
1045 175 1298 222 PATRUM
1333 173 1667 235 Epismm,

1214 258 1328 293 Fafflo
1347 261 1486 296 tentavit
1505 262 1594 309 apud
1609 264 1770 307 Ioannem
1780 259 1964 298 Comitem,
1996 261 2090 307 quod

1213 308 1348 343 Relatio
1373 310 1515 354 exponit
1539 324 1556 353 2,
1573 316 1642 346 Haec
1659 337 1672 354 ,
1696 313 1818 356 Cyrilli
1842 311 1997 357 Capitula
2017 337 2030 354 ,
2053 321 2095 347 ut·

258 364 483 400 ficentiffimus
509 365 543 398 δι
556 363 813 400 Gloriosiffir‘nus
826 364 950 398 Comes
961 386 972 401 ,
1000 362 1033 394 &
1052 357 1118 393 hoc
1130 358 1147 392 a
1208 361 1388 400 projicerent
1400 385 1411 400 ,
1438 361 1531 394 &eos
1552 367 1605 402 qut
1613 363 1681 394 olim
1695 361 1811 404 seduffl
1819 360 1893 405 sunt
1902 361 2062 406 Epffcopos
2074 386 2088 403 ,

257 416 335 450 Deo
345 415 510 450 auxilium
524 413 725 458 postulantes
736 438 748 454 ,
775 414 861 449 ultra
873 412 1045 447 hominem
1058 421 1146 443 nam-

254 476 319 509 que
335 465 382 499 est
407 463 578 500 dotalibus
594 463 774 507 disceptare
786 489 798 505 ,
822 460 1060 498 innotescimus
1072 459 1146 494 Pie-

252 516 315 550 tati
327 513 436 550 vestrae
446 540 458 556 ,
482 526 554 559 quae
567 515 677 548 sumus
689 526 730 548 ex
742 515 876 548 Divinis
885 512 950 546 Scri
955 510 1057 552 pruris
1069 509 1146 544 edo-

251 565 317 604 sti,
342 576 412 600 non
425 566 513 609 quafi
526 574 641 600 contra
662 559 1000 608 incomprehensibilia
1025 558 1144 604 quidli-

253 615 309 650 bet
318 616 531 655 annitentes,
555 613 611 649 sed
622 614 827 649 confeffione
849 610 982 655 propriae
1006 610 1144 649 infirmi-

251 666 329 701 tatis
340 665 414 706 his,
440 666 498 710 qui
509 675 625 700 contra
637 675 700 699 nos
711 671 843 698 tentant
865 662 1042 705 assurgere,
1070 672 1141 704 prae-

247 716 445 757 tindentes,
470 715 639 760 inquimus
662 714 718 748 illa
733 723 805 755 quae
823 712 899 746 sunt
929 712 1012 752 ultra
1033 710 1140 748 homi-

250 778 349 802 nem.
634 773 638 776 ’

302 817 511 852 Confitemur
531 816 630 859 igitur
643 811 832 847 Dominum
858 811 1006 847 nostrum
1030 812 1137 855 Jesum

247 866 421 902 Christum
442 893 454 909 ,
492 865 618 899 Filium
643 861 965 907 Dei‘Unigenitum
986 886 997 902 ,
1022 863 1135 897 Deum

247 917 422 960 perfeetum
455 915 490 948 &
519 912 692 948 hominem
716 914 893 956 perfectum
913 938 924 956 ‚
962 925 1004 947 ex
1023 915 1134 948 anima

246 964 400 1000 rationali
425 963 462 997 δε
479 973 618 1005 corpore
640 986 652 1002 ,
681 973 758 997 ante
785 964 898 998 saecu!a
931 963 1065 1008 quidem
1093 976 1133 998 ex

244 1015 343 1049 Patre
364 1023 478 1048 natum
503 1011 882 1055 secundumDeitatem,
914 1014 949 1047 in
973 1015 1039 1048 fine
1054 1015 1131 1050 vero

242 1064 372 1099 dierum
384 1062 526 1098 eundem
538 1073 669 1107 propter
681 1074 743 1097 nos
752 1087 765 1104 ,
791 1064 826 1098 &
837 1074 966 1108 propter
988 1065 1132 1100 nostram

241 1114 402 1157 salutem,
427 1113 469 1148 de
479 1113 588 1148 Maria
608 1113 751 1158 Virgine
763 1113 941 1149 secundum
966 1115 1132 1150 Humani-

241 1173 342 1199 tatem
369 1175 377 1195 :
406 1162 727 1198 Consubstantialem
749 1163 840 1199 Patri
859 1165 1002 1199 eundem
1020 1167 1131 1199 secun-

239 1214 321 1248 dum
344 1213 566 1249 Divinitatem
588 1238 600 1254 ,
640 1214 676 1248 ὃς
699 1208 1012 1250 consubstantialem
1035 1215 1131 1251 nobis

238 1263 419 1299 secundum
434 1263 689 1299 Humanitatem
708 1289 716 1297 .
752 1265 908 1300 Duarum
938 1264 1016 1300 vero
1037 1276 1128 1300 natu-

238 1326 347 1349 rarum
374 1314 484 1349 unitio
513 1316 598 1350 facta
625 1315 672 1349 est
697 1327 704 1346 :
732 1313 869 1361 Propter
904 1327 1004 1359 quam
1024 1327 1129 1351 unum

239 1363 411 1399 Christum
434 1390 447 1406 ,
474 1375 579 1400 unum
609 1366 797 1400 Dominum
820 1391 831 1407 ‚
861 1377 969 1400 unum
1007 1366 1130 1400 Filium

238 1415 455 1450 confitemur.
484 1416 672 1451 Secundum
684 1415 773 1451 hunc
795 1416 971 1451 inconfusae
994 1418 1131 1451 unionis

235 1464 438 1500 intellectum
460 1467 657 1501 confitemur
677 1468 828 1501 Sanstam
859 1467 1037 1511 Virginem
1062 1467 1129 1501 Dei

236 1515 467 1555 Genitricem‚
493 1525 623 1560 propter
644 1516 734 1558 quod
749 1517 841 1551 Deus
852 1516 1002 1551 Verbum
1023 1518 1131 1552 Incar-

237 1565 389 1599 natusest
402 1590 413 1605 ‚
438 1566 517 1606 &in
530 1565 775 1607 Humanitate,
802 1567 838 1601 ὃ(
858 1578 900 1602 ex
922 1567 990 1611 ipsa
1013 1579 1129 1603 conce-

237 1615 356 1657 ptione
376 1613 504 1648 sibimet
525 1616 612 1648 uniit
631 1615 814 1659 Templum
838 1641 850 1657 ,
887 1616 978 1661 quod
998 1629 1039 1651 ex
1062 1617 1129 1661 ipsa

237 1664 394 1708 suscepit.
422 1665 505 1698 Haec
528 1665 547 1698 a
571 1664 746 1709 Deiloquis
759 1665 851 1700 Viris
868 1667 996 1707 edocti,
1023 1667 1131 1701 Evan-

238 1714 362 1759 gelistis
374 1738 386 1755 ,
413 1714 584 1759 Apostolis
596 1740 606 1756 ,
632 1715 731 1759 atque
744 1715 921 1760 Prophetis
932 1741 943 1758 ‚
961 1718 995 1751 δε
1007 1715 1059 1751 his
1071 1718 1130 1762 qui

237 1776 294 1809 per
317 1764 445 1809 singula
467 1774 616 1808 tempora
639 1765 700 1810 piae
721 1766 816 1801 Fidei
843 1768 931 1801 fuere
943 1768 1130 1809 Doctores,

238 1825 300 1848 nos
321 1815 455 1858 quoque
474 1816 683 1858 exposuimus
706 1816 740 1849 in
770 1817 858 1850 brevi
873 1817 1030 1859 Capitulo
1043 1843 1054 1859 ‚
1079 1829 1131 1852 ve·

237 1865 338 1898 strum
363 1864 566 1906 postulantes
606 1876 646 1898 ac
680 1864 890 1906 deprecantes
925 1866 1102 1907 Imperium
1117 1891 1128 1906 ,

237 1914 325 1957 piam
338 1912 554 1956 Religionem
569 1935 579 1951 ,
606 1923 676 1956 quae
688 1912 889 1955 periclitatur
901 1915 1066 1957 corrumpi
1089 1914 1131 1948 ab

236 1975 277 1998 eo
289 1962 405 2007 morbo
416 1987 426 2003 ‚
455 1962 512 2005 qui
524 1961 634 1996 illatus
644 1963 689 1996 est
703 1974 744 1996 ex
758 1962 972 2006 AEgyptiacis
994 1965 1129 2006 Capitu-

236 2013 297 2054 iis‚
324 2012 480 2047 consuete
503 2022 672 2057 protegere
686 2037 696 2053 ‚
721 2023 759 2046 ac
780 2010 973 2053 decernere,
1000 2023 1037 2047 ut
1061 2025 1131 2048 om·

237 2075 316 2104 nes,
347 2063 404 2107 qui
426 2064 565 2106 praesunt
590 2063 717 2097 Sanctis
741 2062 914 2102 Ecclefiis,
941 2063 1132 2098 Sacerdotes

237 2115 395 2149 damnent
406 2123 467 2155 ea,
493 2125 563 2157 quae
576 2112 618 2147 ad
632 2112 827 2147 inficiendas
847 2112 1009 2147 Ecclefias
1031 2114 1132 2149 intro-

237 2165 334 2199 duEia
354 2165 430 2198 sunt
453 2172 568 2198 contra
581 2162 817 2198 orthodoxam
829 2161 945 2197 Fidem
968 2166 987 2198 a
1000 2165 1132 2207 praefato

239 2214 396 2258 Cyrillo‚
423 2214 603 2258 Capitula;
630 2213 811 2247 soliautem
833 2212 1040 2247 Confeffioni
1062 2213 1133 2250 stib-

238 2265 402 2305 scribant,
428 2276 497 2308 quae
517 2264 535 2297 ὲ
562 2264 685 2298 Sanctis
709 2262 861 2297 Patribus
881 2263 917 2296 in
929 2262 1041 2299 Nicaea
1053 2276 1132 2303 con-

238 2315 380 2360 gregatis
404 2315 450 2348 est
473 2314 569 2349 fasta.
598 2314 672 2348 Nec
691 2314 782 2347 enim
807 2313 958 2357 poffibile
978 2315 1023 2348 est
1038 2315 1132 2350 aliter

237 2375 353 2408 pacem
366 2365 400 2398 in
416 2364 483 2397 Dei
495 2363 654 2398 Ecclefias
667 2363 837 2405 obtinere,
865 2364 922 2403 nisi
946 2364 1003 2405 illa
1029 2365 1130 2416 impia

238 2415 399 2468 expositio
421 2413 519 2457 suerit
537 2413 685 2457 abdicata
699 2439 707 2455 .-

438 2571 935 2617 Senotlon.

359 2716 428 2751 AEc
441 2716 574 2751 Relatio
587 2715 653 2751 huc
664 2718 763 2760 usque
775 2716 871 2751 latuit
883 2740 894 2756 ,
919 2716 953 2750 &
964 2726 1025 2750 nos
1037 2715 1133 2750 docet

383 2778 452 2801 non
464 2778 564 2810 pauca
575 2792 583 2801 .
614 2767 727 2801 Primo
745 2765 842 2800 docet
854 2766 1109 2801 fundamentum
1121 2791 1131 2807 ,

247 2828 362 2860 exquo
374 2818 511 2861 Joannis
525 2816 728 2852 Antiocheni
741 2818 853 2852 Faenio
867 2816 992 2851 dudum
1005 2817 1131 2851 censuit

245 2877 284 2901 ac
303 2869 509 2910 pertinaciter
528 2868 668 2902 tentavit
680 2866 767 2902 nihil
789 2867 853 2902 effe
868 2867 1108 2901 admittendum
1121 2891 1132 2908 ,

245 2917 307 2950 nifi
335 2918 439 2953 solum
466 2918 643 2952 Nicaenum
668 2916 867 2961 Symbolum
889 2941 900 2957 ,
927 2918 973 2951 ita
999 2917 1132 2951 studens

247 2967 393 3002 Nestorii
406 2994 417 3010 ‚
442 2969 543 3003 etiam
566 2969 724 3011 adipsum
744 2966 864 3001 affidue
877 2967 1108 3011 proclamantis
1121 2990 1131 3006 ,

248 3016 495 3053 damnationem
517 3019 688 3053 exsufflare
707 3042 716 3050 .
744 3017 1013 3052 Fundamentum
1037 3041 1048 3057 ,
1074 3026 1131 3052 aut

248 3066 359 3101 saltem
371 3068 495 3111 grande
516 3069 702 3103 fomentum
716 3068 846 3102 fuerunt
860 3067 990 3102 Divalis
1009 3068 1131 3107 Sacrae,

249 3126 304 3157 per
326 3117 484 3159 Ioannem
506 3119 672 3154 sacrarum
693 3118 925 3163 Largitionum
960 3118 1128 3151 Comitem

252 3167 432 3202 transmiffae
444 3170 483 3204 ad
498 3178 667 3213 utramque
679 3167 805 3213 Synodi
816 3178 940 3211 partem
951 3192 962 3208 ,
985 3167 1052 3201 haec
1066 3178 1130 3201 ver-

253 3212 315 3246 ba:
344 3218 387 3246 De
409 3219 476 3251 aliis
498 3220 581 3261 apud
605 3230 661 3251 vos
670 3218 758 3262 gestu
767 3227 879 3252 certum
894 3217 980 3251 nobis
992 3218 1031 3259 est
1042 3217 1130 3249 Chri-

250 3262 377 3303 stiamm
400 3276 453 3297 vos
474 3267 595 3308 servare
612 3269 702 3311 fidem
730 3271 763 3303 (9¹
784 3269 1012 3307 aequanimam,
1038 3278 1130 3308 quam

253 3317 343 3345 ctiam
365 3315 542 3354 Sanc‘lt‘ffima
569 3320 719 3357 synodus,
740 3318 798 3360 sub
824 3318 1015 3358 Constantino
1038 3321 1130 3350 Divae

254 3368 400 3396 memoria:-
410 3364 574 3407 celebrata,
606 3379 695 3409 quam
706 3368 734 3402 ti
752 3368 896 3402 Patribus
920 3370 954 3401 o·
965 3367 1133 3408 majoribus*

255 3419 440 3456 «respa-nus,
468 3414 646 3458 consentiens
671 3417 876 3461 confirmavit.
900 3417 967 3453 His
984 3418 1128 3453 animata

1210 411 1245 443 <tr
1264 416 1298 443 in
1318 415 1361 444 eis
1377 408 1557 454 subscribere
1569 409 1696 452 fuerunt
1713 412 1787 452 paffi
1800 435 1813 452 ,
1836 418 2003 456 rfflavlmus
2020 425 2088 447 cum

1202 463 1235 504 J
1236 471 1330 494 oanne
1334 460 1520 504 gloriofiffimo
1532 464 1647 494 Comite
1655 484 1666 500 ,
1678 468 1710 493 ut
1720 462 1740 492 ᾱ
1753 460 1834 494 mJa
1840 461 1903 503 fide
1914 463 2089 505 eafaterens·

1208 519 1258 543 tur
1268 510 1368 545 aliena
1381 535 1391 551 ,
1417 512 1451 544 &
1461 509 1604 554 nobiscum
1610 508 1824 554 subscriberent
1835 511 1945 545 rectam
1955 515 2085 547 Parrum

1202 561 1296 602 fidem
1311 586 1322 602 ,
1348 566 1552 604 quiNicaeam
1563 570 1780 603 convenerant,
1808 561 2086 605 &cespes-suadere

1206 616 1407 653 nequivimus.
1435 611 1597 649 Tentavit
1618 610 1783 656 Ephefinae
1802 610 1930 660 Synodi
1952 611 2086 655 Episco-

1204 671 1264 704 pos
1282 662 1321 695 ad
1335 662 1503 708 Nestorii,
1529 661 1672 705 Cyrilli‚
1698 673 1736 695 ac
1749 661 1943 697 Memnonis
1952 661 2088 697 damna-

1203 711 1329 745 tionem
1345 712 1577 756 acceptandam
1589 735 1599 752 ,
1625 713 1665 746 ad
1676 713 1780 746 solum
1803 711 1977 747 Nicaenum
1989 713 2088 756 Sym·

1204 761 1317 795 bolum
1340 762 1631 805 subscribendum,
1655 762 1742 797 &ad
1763 762 1883 806 Cyrilli
1907 762 2085 806 Capitula‚

1202 813 1428 855 tamquamilli
1439 814 1591 854 adversa,
1617 813 1851 857 projiciendam
1873 823 2084 857 permovere,

1200 873 1296 906 atque
1316 863 1360 897 ita
1382 864 1475 898 unire
1487 863 1681 907 Synodum‚
1706 864 1740 897 δε
1753 874 1865 907 pacem
1886 863 1963 897 dare
1973 862 2086 897 Eccle-

1201 913 1269 946 fiis.
1301 913 1427 948 Verum
1452 915 1561 948 futura
1581 922 1648 948 erat
1658 913 1810 955 leonina,
1836 913 2021 947 acDivinae
2032 923 2084 947 ve·

1204 963 1306 997 ritatis
1329 965 1580 1009 praevaricatoria
1605 976 1670 1008 pax
1689 989 1700 1005 ‚
1728 962 1866 1013 ideoque
1889 962 2000 997 Patres
2021 974 2083 996 nec

1199 1014 1419 1048 sustinuerunt
1442 1015 1554 1048 audire
1576 1038 1582 1046 .
1614 1015 1832 1058 Nequaquam
1853 1013 2024 1048 Nicaenam
2045 1013 2084 1050 fi-

1198 1063 1272 1097 dem
1283 1064 1473 1098 recusabant
1485 1064 1678 1099 subscribere
1691 1077 1698 1096 :
1711 1063 1806 1098 Abfit
1815 1089 1823 1096 .
1851 1064 1958 1107 Ipsam
1969 1063 2060 1097 enim
2070 1086 2084 1103 ,

1197 1114 1245 1146 uti
1268 1115 1399 1154 Ducem
1421 1114 1591 1152 &Lucem
1614 1115 1714 1149 secuti
1729 1115 1858 1149 fuerant
1875 1114 1910 1147 in
1922 1112 2081 1148 omnibus

1198 1163 1260 1196 suis
1273 1164 1363 1198 Actis
1376 1189 1383 1197 .
1410 1164 1595 1198 Dumtaxat
1605 1164 1797 1203 recusabant
1809 1163 1954 1207 profiteri
1966 1188 1978 1205 ,
1990 1163 2080 1206 quod

1196 1214 1263 1257 ipsa
1284 1214 1503 1248 adversaretur
1524 1215 1630 1248 Sancti
1654 1214 1778 1258 Cyrilli
1799 1213 1983 1257 Capitulis:
2012 1212 2082 1247 Uti
2112 1236 2113 1239 η

1196 1263 1293 1298 talem
1317 1264 1476 1298 nolebant
1496 1263 1707 1299 subscribere.
1734 1264 1780 1301 Et
1799 1261 1887 1299 hanc
1903 1263 2082 1310 Episcopo,

1196 1326 1266 1353 rum
1280 1314 1559 1349 concertationem
1572 1338 1583 1354 ,
1608 1325 1709 1358 quam
1721 1315 1825 1359 usque
1839 1312 1904 1349 huc
1917 1313 2082 1358 ignoravi·

1196 1375 1287 1404 mus,
1312 1362 1411 1399 docet
1430 1376 1492 1399 nos
1503 1365 1636 1408 praesens
1649 1364 1783 1398 Relatio
1797 1388 1805 1397 .

1245 1413 1396 1448 Secundo
1420 1425 1481 1447 nos
1491 1414 1589 1447 docet
1610 1413 1701 1456 plura
1721 1413 1808 1447 circa
1822 1412 1983 1454 Acacium
2008 1413 2083 1453 Ber-

1195 1462 1367 1498 rhaeensem
1386 1464 1606 1508 Episcopum.
1634 1461 1749 1505 Primo
1764 1488 1775 1504 ,
1802 1462 1891 1506 quod
1914 1461 1978 1497 isto
2001 1472 2081 1496 tern-

1195 1525 1272 1558 pore
1282 1513 1436 1557 explesset
1445 1523 1580 1548 centum
1593 1513 1628 1546 δε
1637 1513 1752 1546 decem
1765 1512 1838 1548 vitae
1847 1522 1954 1546 annos
1968 1537 1975 1544 .
2003 1511 2084 1546 Por-

1194 1564 1230 1598 ro
1241 1563 1307 1600 haec
1329 1564 1445 1607 scripta
1467 1564 1541 1598 sunt
1555 1563 1663 1607 quinti
1685 1562 1788 1602 saeculi
1799 1572 1890 1597 anno
1908 1562 2080 1607 trigesimo

1194 1615 1301 1659 primo
1313 1627 1324 1646 :
1352 1612 1496 1661 Proinde
1508 1613 1651 1648 Aeacius
1673 1612 1737 1652 fuit
1751 1624 1844 1651 natus
1854 1612 1959 1661 quarti
1971 1612 2080 1647 saeculi

1193 1676 1283 1698 anno
1295 1662 1451 1708 vigefim6
1461 1664 1569 1708 primo
1580 1688 1592 1705 ‚
1620 1673 1760 1708 quatuor
1772 1664 1869 1710 annis
1885 1672 1963 1697 ante
1973 1663 2080 1697 Nicae-

1194 1725 1271 1749 nam
1293 1714 1483 1759 Synodum.
1513 1714 1593 1757 Ejus
1613 1713 1849 1758 Episcopalem(
1862 1713 2080 1748 consecratio·
2101 1732 2113 1744 .

1197 1776 1270 1802 nem
1282 1763 1438 1799 habemus
1460 1766 1496 1798 in
1510 1764 1732 1799 Ecclefiastica
1745 1763 1957 1799 Theodoreti
1978 1762 2079 1799 histo·

1195 1816 1240 1848 ria
1255 1829 1265 1849 .-
1292 1817 1422 1859 Magnus
1434 1813 1600 1857 Ensibus,
1627 1815 1856 1849 Samosatenfis
1875 1815 1911 1849 in
1929 1812 2078 1858 Euphra-

1194 1865 1270 1897 tesia
1291 1864 1468 1898 Provincia
1497 1865 1677 1907 Episcopus
1698 1889 1708 1904 ‚
1746 1865 1785 1898 ab
1807 1866 1895 1898 exilio
1916 1862 2075 1906 reversus,

1196 1917 1331 1948 Acacium
1354 1938 1364 1954 ‚
1393 1919 1445 1955 qui
1466 1917 1497 1944 in
1519 1924 1629 1956 magna
1645 1915 1743 1960 gloria
1762 1915 1847 1960 apud
1865 1925 1963 1946 omnes
1979 1913 2048 1954 fuit
2066 1936 2078 1953 ,

1196 1962 1352 1999 Berrbaeae
1376 1962 1554 2006 Episcopum
1576 1964 1732 1998 ordinavtt
1757 1988 1763 1994 .
1792 1963 1909 1997 Statim
1933 1963 2005 2006 post
2029 1974 2085 1996 εω-

1195 2013 1269 2046 dem
1284 2011 1436 2046 Valentis
1446 2010 1588 2056 Augusti
1604 2037 1614 2053 ‚
1626 2024 1695 2056 quae
1707 2012 1851 2057 contigit
1862 2023 1951 2046 anno
1963 2013 2086 2056 septua-

1195 2063 1319 2107 gesimo
1341 2064 1459 2096 ostavo
1481 2062 1572 2096 istius
1598 2063 1707 2097 saecul'r
1730 2087 1740 2103 ,
1771 2062 1879 2096 mense
1905 2062 2086 2106 Augusto,

1195 2113 1343 2154 adeoque
1366 2111 1508 2152 Aeacius
1530 2111 1648 2149 eodem
1659 2124 1749 2146 anno
1770 2113 1815 2147 est
1829 2114 2033 2147 consecratus
2047 2113 2083 2149 in

1198 2163 1397 2210 Episcopum
1409 2188 1420 2204 ‚
1445 2163 1547 2197 astatis
1571 2164 1631 2197 suae
1642 2174 1733 2197 anno
1755 2163 2027 2208 quinquagesimo
2039 2160 2086 2196 se-'

1197 2215 1301 2257 ptimo
1315 2239 1322 2246 .
1349 2211 1495 2247 Proinde
1513 2212 1664 2256 Ephelini
1677 2212 1826 2248 Concilii
1847 2224 1994 2257 tempore
2015 2213 2088 2246 fue-

1199 2274 1245 2298 rat
1259 2264 1439 2307 Episcopus
1461 2274 1517 2307 per
1537 2275 1643 2298 annos
1662 2264 1903 2308 quinquaginta
1926 2272 2008 2297 tres.
2038 2262 2085 2297 Et

1197 2313 1258 2348 hos
1282 2325 1399 2348 omnes
1425 2313 1633 2358 Evangelicis
1652 2308 1885 2347 certaminibus
1904 2312 2085 2347 reveraim·

1197 2363 1373 2408 penderat,
1397 2364 1432 2398 δε
1453 2364 1602 2407 pluribus
1624 2364 1813 2401 interfuerat
1833 2363 1996 2406 Synodis.
2026 2362 2084 2396 Et-

1196 2414 1287 2447 enim
1304 2413 1533 2448 Eustatianum
1547 2414 1767 2447 Antiochenae
1786 2413 1933 2447 Ecclefiae
1942 2412 2083 2447 schisma

1196 2463 1409 2506 composuit,
1434 2463 1675 2496 &Flavianum
1696 2461 1917 2497 Patriarcham
1937 2463 2084 2497 reconci-

1198 2513 1292 2547 liavit
1317 2511 1477 2547 Romanae
1493 2512 1642 2546 Ecclefiae
1658 2537 1665 2543 .
1691 2510 1762 2555 Ipse
1784 2522 1894 2547 tamen
1916 2512 2003 2554 prius
2028 2523 2085 2547 ex·

1195 2563 1477 2601 communicatus,
1502 2562 1548 2594 ob
1562 2561 1720 2604 quosdam
1731 2563 1872 2594 excessus
1883 2586 1890 2593 .
1917 2561 2001 2595 Item
2012 2573 2086 2595 om-

1195 2612 1292 2646 nibus
1313 2620 1429 2645 contra
1452 2611 1605 2643 Sandium
1627 2610 1790 2652 Joannem
1803 2607 2080 2653 Chrysossomum

1194 2660 1340 2696 motibus
1354 2660 1503 2694 interfuit
1514 2683 1525 2699 ,
1540 2658 1736 2693 &adversus
1749 2659 1854 2702 ipsum
1865 2671 1934 2693 non
1948 2659 2082 2696 modica

1192 2715 1277 2756 egit.
1307 2710 1419 2757 Qare
1440 2708 1476 2742 in
1487 2709 1680 2756 quibusdam
1702 2710 1783 2743 resta
1796 2734 1807 2751 ‚
1835 2708 1870 2743 in
1884 2709 2079 2754 quibusdam

1193 2762 1286 2807 geffit
1305 2761 1418 2804 iniqua
1431 2785 1439 2793 .

1243 2813 1288 2847 Et
1300 2810 1367 2844 istis
1378 2809 1522 2854 vestigiis
1540 2809 1721 2848 ambulavit
1731 2809 1830 2845 etiam
1852 2811 1889 2844 in
1901 2812 1996 2844 causa
2008 2809 2079 2845 Ne·

1191 2862 1282 2896 storii
1294 2887 1302 2895 .
1328 2860 1463 2895 Etenim
1476 2860 1593 2894 Sancto
1608 2859 1739 2903 Cyrillo
1752 2886 1761 2902 ,
1789 2859 1848 2904 qui
1867 2860 1898 2895 ei
1910 2860 2078 2896 Nestoria-

1194 2924 1252 2948 nas
1270 2909 1483 2954 blasphemias
1505 2934 1517 2952 ,
1542 2921 1581 2944 ac
1601 2911 1762 2945 Romanae
1786 2910 1935 2945 Ecclefiae
1960 2920 2078 2945 contra

1193 2962 1275 3007 ipsas
1304 2960 1470 3005 Judicium
1501 2960 1652 2994 retulerat
1679 2984 1690 3001 ,
1719 2960 1860 3004 reposuit
1883 2959 2078 2994 Nestorium

1193 3013 1255 3048 effe
1266 3013 1388 3056 passum
1413 3009 1493 3054 quid
1508 3010 1607 3044 {imile
1621 3010 1670 3044 illi
1685 3035 1695 3051 ‚
1722 3012 1800 3053 quod
1810 3013 1909 3044 Beato
1927 3012 2077 3050 Paulino,

1195 3060 1411 3098 Antiocheno
1438 3060 1603 3103 Episcopo
1626 3085 1638 3101 ,
1677 3061 1807 3104 accidisse
1828 3061 1963 3094 traditur
1983 3086 1991 3093 .
2018 3065 2077 3094 Hie

1191 3119 1269 3147 enim
1293 3111 1349 3154 etsi
1354 3121 1417 3145 tres
1427 3109 1595 3153 Hypostases
1613 3111 1722 3153 palam
1732 3113 1827 3145 dicere
1850 3109 2019 3152 recusaret,
2043 3121 2076 3144 re

1193 3173 1295 3197 tamen
1316 3165 1350 3196 (9
1362 3166 1476 3194 virtute
1499 3161 1540 3194 ab
1563 3161 1678 3194 illorum
1693 3160 1845 3204 si’ntemia
1868 3162 1903 3194 &¹
1912 3160 1974 3202 fide
1987 3184 1998 3199 ,
2023 3165 2077 3202 qui

1192 3214 1243 3248 hoc
1262 3212 1480 3255 profitebantur
1508 3235 1519 3251 ,
1545 3222 1603 3244 non
1626 3212 1778 3245 recedebat
1799 3237 1806 3243 .
1833 3209 2006 3245 scffabatur
2028 3209 2076 3242 bic

1193 3272 1294 3297 autem
1323 3262 1460 3301 Pitfflmos
1487 3263 1653 3294 Occidentis
1680 3261 1842 3305 Episcopus
1867 3283 1879 3300 ‚
1910 3261 2071 3301 propterea

1192 3314 1272 3358 quod
1283 3318 1428 3346 Romanae
1447 3312 1559 3355 linguae
1579 3311 1710 3354 angustia
1729 3336 1742 3352 ,
1761 3311 1844 3353 ficuei
1865 3312 1971 3342 Graeca
1979 3308 2074 3352 phra-

1185 3364 1226 3406 fis
1241 3386 1252 3403 ,
1277 3373 1338 3397 tres
1356 3360 1520 3404 Hypostases
1542 3363 1636 3395 dicere
1647 3362 1792 3395 commode
1802 3359 1969 3401 nonferat.
1994 3358 2077 3392 Res-

1193 3413 1309 3459 pondit
1335 3412 1502 3460 Cyrillum
1523 3412 1556 3449 &
1569 3412 1794 3454 celestinum,
1820 3411 1872 3447 uti
1893 3409 1976 3492 ellim
1995 3406 2079 3447 Pau.

1934 3468 2027 3496 mum
