2320 3730
602 184 921 233 ScH0t11s‚
956 194 1019 222 ET
1052 177 1246 224 N0T1s
1282 190 1680 222 utusrnnrffl.

200 271 280 306 esset
300 267 471 304 conforme
491 263 594 301 Sacris
623 264 821 300 Canonibus
847 288 853 295 .
879 261 980 299 Nihil
1001 257 1104 318 pote-¹

201 330 298 357 rant,
323 315 380 350 nifi
405 315 558 359 adjuvare
579 314 699 351 horum
722 314 903 350 custodiam
929 314 1102 351 &exem-z

204 371 329 405 tionem
348 389 356 398 .
385 365 488 401 Porro
511 365 673 403 rationem
687 389 699 409 ,
724 377 766 399 ex
787 376 852 407 qua
875 361 1102 401 Theodosius*

202 420 288 454 circa
301 416 376 450 istas
386 416 675 452 Schismaticorum
697 416 731 450 in
745 413 868 462 privata
881 414 986 448 domo
1009 423 1085 447 con-

202 469 316 503 ciones
338 478 376 501 ac
387 466 559 508 Limnias,
582 467 685 501 etiam
709 463 895 499 interdictas
919 461 1087 497 &Chalce-

202 516 339 552 donenfi
367 517 534 561 Episcopo
559 542 571 558 ,
597 512 773 560 postmodo
812 511 1084 554 dissimulaverit,

203 568 365 603 discemus
385 569 404 602 a
418 566 687 611 subsequentibus
698 589 705 598 .

254 618 324 652 Hic
337 617 430 653 nono
441 617 622 656 discimus,
645 613 735 658 quod
760 612 943 658 istiLegati
966 610 1085 650 habue-

202 669 272 703 rint
283 668 429 711 amplum
442 679 481 702 ac
495 666 704 704 numerosum
715 664 909 699 famulatum
920 688 928 694 .
958 662 1083 698 Eorum

203 730 348 762 namque
374 718 490 754 famuli
520 725 636 754 contra
674 713 1083 757 Constantinopolitanam

202 769 342 803 Plebem
364 770 535 804 valuerunt
554 763 751 810 collapidare
765 788 777 805 ,
802 765 837 799 a&
858 761 967 798 occidi
988 773 1085 806 atque

201 819 375 853 occidere.
402 818 582 855 Rationem
604 813 748 849 habesin
772 813 909 853 litteris,
933 824 1014 858 quas
1025 812 1084 848 Ita-

203 869 255 902 11ae
267 869 382 903 Clerus
395 870 595 905 Francorum
617 866 748 910 Regum
771 865 907 910 Legatis
919 888 931 905 ,
957 863 999 898 ad
1020 863 1084 896 lm-

203 928 385 963 peratorem
398 917 616 961 Justinianum
631 915 911 960 proficiscentibus
923 937 933 954 ,
963 913 1084 956 scripsit

200 969 246 1002 de
269 969 364 1001 causa
392 967 512 1012 vigilii
534 965 730 1000 Pontii-icis:
757 968 856 999 Graecr'
868 962 1010 1006 Episcopi
1032 961 1087 996 ba-

201 1018 275 1051 bent
286 1019 400 1051 divites
420 1019 455 1052 &¹
477 1018 632 1059 opulentas
654 1012 796 1055 Ecclefias
816 1041 823 1047 .
851 1013 996 1048 Decimo
1019 1023 1086 1047 tan-

199 1068 278 1102 dem
299 1066 470 1106 audimus,
498 1064 587 1110 quod
618 1075 735 1099 omnes
756 1063 882 1109 judices
892 1075 973 1099 auro
984 1064 1086 1098 confi-

196 1116 336 1156 derent,
361 1115 395 1149 δε
415 1115 482 1160 jam
505 1115 746 1150 contenderent
769 1125 870 1151 unam
892 1116 927 1149 in
952 1112 1086 1148 Christo

196 1165 356 1201 Domino
378 1167 442 1203 effe
464 1175 615 1200 naturam
626 1164 822 1199 Divinitatis
841 1175 880 1200 ac
902 1163 1088 1199 humanita-

199 1215 243 1251 tis
255 1241 264 1249 .
292 1216 350 1251 Est
361 1215 606 1253 mendaciffima
615 1214 792 1259 impostura
804 1239 811 1247 .
829 1215 879 1251 Ex
891 1213 958 1257 ipsa
970 1223 1083 1248 tamen

198 1265 327 1310 aliquid
349 1267 462 1310 magni
480 1265 679 1300 addiscimus
699 1290 707 1297 .
735 1264 841 1312 Qod
866 1274 984 1307 nempe
1005 1272 1086 1298 tunc

201 1315 382 1360 Imperator
392 1314 604 1353 Theodosius
615 1339 626 1355 ‚
637 1314 671 1349 δε
683 1325 801 1349 omnes
813 1313 1007 1352 Confistorii
1020 1314 1086 1348 Co-

200 1365 300 1406 mites
311 1367 492 1411 inciperent
503 1364 672 1399 attendere
694 1364 802 1398 Sancti
817 1363 936 1408 Cyrilli
950 1364 1086 1408 Capitu-

200 1416 263 1459 lis,
290 1417 479 1459 &ipsorum
500 1414 542 1448 ab
567 1415 662 1448 omni
674 1413 780 1448 scabie
795 1414 971 1458 puritatem
982 1425 1083 1459 agno-

200 1470 301 1504 scere.
329 1465 495 1509 Praecipua
517 1464 745 1500 Orientalium
767 1463 809 1499 de
830 1463 905 1508 ipfis
922 1464 1084 1509 querimo-

200 1519 258 1554 nia
279 1525 348 1551 erat
361 1539 372 1556 ‚
399 1514 490 1557 quod
510 1525 587 1549 cum
599 1513 786 1548 Polemone
805 1525 844 1547 ac
867 1513 1058 1549 Timotheo
1071 1539 1082 1554 ‚

200 1564 462 1604 sceleratioribus
484 1562 693 1599 haerefiarchae
714 1561 916 1607 Apollinarii
931 1564 1083 1607 Discipu-

198 1619 263 1660 lis,
289 1626 422 1651 naturas
432 1615 576 1649 Domini
597 1613 864 1653 confunderent,
888 1614 1082 1647 &confusas

198 1667 384 1704 conflarent
394 1665 430 1700 in
443 1668 544 1700 unam
557 1689 564 1698 .
591 1663 687 1698 Hinc
697 1661 933 1698 Theodoretus
943 1664 1082 1707 praefatis

198 1716 393 1753 Comitibus
420 1739 431 1755 ‚
457 1714 614 1760 Capitula
641 1725 711 1748 non
739 1713 880 1757 amplius
907 1714 1081 1748 aversanti-

200 1768 288 1810 bus,
312 1764 468 1810 impingit
488 1764 628 1800 eandem
647 1761 848 1799 calumniam
871 1787 879 1797 .
906 1762 1016 1799 Parcit
1037 1774 1084 1798 ta-

199 1829 278 1853 men
313 1815 509 1852 Theodofio
532 1829 543 1852 .-
569 1813 627 1849 Ob
652 1823 778 1849 metum
803 1826 841 1849 ac
866 1813 1081 1849 reverentiam

200 1866 355 1910 Imperii.

251 1914 454 1951 Hincctiam
477 1913 634 1950 discimus
647 1922 796 1958 tempus,
824 1924 892 1956 quo
912 1912 1028 1955 scripta
1038 1912 1082 1947 est

200 1968 334 2011 praesens
357 1964 525 2008 Epistola·
554 1963 665 1999 Prima
677 1965 879 2008 Legatorum
904 1962 1084 1997 Audientia

197 2016 287 2061 apud
308 2013 543 2049 Theodofium
565 2013 710 2058 contigit
731 2013 786 2047 die
806 2019 920 2055 quarta
943 2013 1082 2055 Septem-

197 2066 281 2101 bris.
312 2065 358 2100 Et
377 2075 457 2100 tunc
483 2074 533 2098 res
555 2074 625 2097 non
644 2060 729 2098 male
739 2060 1081 2097 ceffitSchismaticis.

196 2118 314 2151 omne
325 2113 564 2150 Confistorium
588 2113 652 2147 fuit
676 2112 807 2157 penitus
831 2110 1085 2146 aversumaCa-

198 2166 330 2210 pitulis.
349 2166 476 2200 Ansam
501 2174 558 2198 aut
570 2164 757 2198 fomentum
770 2161 903 2206 praebuit
927 2163 1020 2204 supra
1032 2162 1082 2195 ad-

198 2215 335 2250 ductum
356 2214 490 2249 verbum
500 2212 723 2247 Melitinensis
745 2212 882 2246 Aeacii.
909 2212 1004 2248 Hinc
1016 2211 1083 2244 vul-

200 2275 297 2310 gatus
316 2263 535 2307 Synodalium
546 2262 707 2296 Actorum
733 2261 943 2305 Compilator
957 2260 1081 2304 Episto-

200 2316 241 2350 1ae
265 2339 277 2356 ,
304 2325 401 2358 quam
427 2310 624 2347 schismatici
659 2311 777 2357 Legati
806 2321 887 2346 tunc
924 2311 1081 2345 miserunt

201 2363 393 2409 Ephesum,
419 2363 509 2397 dedit
532 2362 621 2396 hunc
643 2363 780 2396 titulum
794 2375 805 2395 .·
831 2360 1082 2404 schismaticorum

201 2414 337 2454 Epistola
356 2436 367 2452 ‚
403 2412 609 2452 intempestive
645 2411 683 2443 de
709 2411 834 2443 viatoria
868 2413 1082 2456 gloriantium.

203 2463 316 2508 Qare
335 2460 468 2503 praesens
492 2458 639 2501 Epistola
665 2468 872 2501 nequaquam
895 2458 1013 2501 scripta
1036 2458 1081 2492 est

204 2510 276 2554 post
289 2511 425 2554 primam
439 2507 674 2544 Audientiam.
700 2508 775 2541 Nec
796 2508 875 2541 item
900 2508 969 2551 post
990 2508 1082 2551 quin-

202 2571 273 2595 tam
293 2559 490 2594 &ultimam
503 2578 511 2588 .
537 2557 673 2590 Etenim
695 2556 728 2588 in
751 2556 812 2590 hac
825 2556 1014 2591 OrIentales
1035 2568 1087 2591 ce-

202 2610 352 2644 ciderunt
374 2608 488 2648 causa,
518 2607 624 2641 soluta
644 2605 707 2639 fuit
721 2604 874 2649 Synodus
889 2630 899 2645 ,
925 2607 1086 2641 &omnes

201 2660 323 2695 dimiffi
337 2657 378 2693 ad
392 2657 517 2702 propria
532 2670 539 2690 ς
566 2655 613 2690 At
627 2654 706 2690 vero
717 2654 797 2689 dum
810 2655 1006 2692 scribebatur
1019 2655 1086 2690 haec

204 2709 354 2754 Epistola
377 2733 388 2749 ‚
414 2708 554 2752 ipsorum
591 2705 726 2750 quidem
756 2706 850 2740 causa
875 2705 1086 2748 declinabat,

203 2770 349 2794 attamen
373 2757 481 2792 adhuc
503 2756 686 2801 pendebat.
714 2757 756 2790 Et
777 2756 836 2800 ipfi
859 2755 970 2790 adhuc
989 2757 1085 2790 insta-

203 2810 286 2844 bant
307 2820 365 2853 pro
387 2808 601 2842 distolutione
625 2805 767 2850 Synodi.
795 2806 961 2841 Existimo
982 2807 1085 2842 etiam

204 2871 276 2897 non
299 2860 448 2902 scriptam
460 2858 531 2902 post
552 2857 726 2891 secundam
738 2857 955 2892 Audientiam
972 2882 979 2889 .
1007 2857 1084 2891 Scri·

204 2920 259 2953 pta
271 2909 390 2953 quippe
397 2908 443 2943 est
453 2932 464 2948 ,
491 2907 572 2942 dum
583 2918 684 2941 omne
694 2906 932 2943 consistorium
944 2908 1006 2942 fuit
1019 2919 1083 2952 per-

205 2959 339 2993 ductum
352 2959 393 2993 ad
405 2969 528 2992 tantam
549 2958 583 2990 in
606 2959 713 2991 Sancti
726 2957 845 3001 Cyrilli
861 2958 1017 3002 Capitula
1041 2970 1084 2992 re-

207 3009 383 3043 verentiam
409 3032 420 3048 ‚
445 3019 482 3042 ut
500 3007 702 3042 Adversariis
726 3008 891 3043 videretur
910 3019 988 3043 cum
1015 3008 1085 3053 ipfis

206 3058 336 3092 credere
359 3059 492 3092 unicam
515 3060 550 3091 in
564 3058 714 3092 Domino
726 3067 874 3094 naturam
888 3085 895 3092 .
923 3059 1025 3106 Qiod
1042 3059 1085 3093 vi-

206 3108 302 3142 detur
325 3119 379 3150 per
402 3107 572 3143 secundam
585 3131 595 3146 ‚
622 3109 726 3142 immo
745 3109 778 3143 δε
791 3121 845 3154 per
864 3110 992 3145 tertiam
1018 3109 1084 3143 Au-

207 3157 366 3192 dientiarn
385 3168 453 3191 non
480 3159 617 3201 potuifle
638 3159 725 3193 fieri.
751 3160 876 3206 Scripta
886 3160 987 3206 igitur
999 3160 1085 3195 vide·

208 3217 260 3243 tur
272 3208 343 3252 post
370 3217 517 3252 quartam
530 3206 741 3244 Audientiam
754 3235 762 3243 .

1871 195 1960 237 103

1345 371 1619 423 CAPUT
1666 375 1843 420 XXXI.
1890 393 2032 433 --119

1150 548 1319 595 Dominis
1353 539 1676 609 honorandffmz's
1688 581 1701 605 ,
1737 547 1796 590 (θ’
1817 548 1897 591 Deo
1924 547 2037 590 Ami-

1218 612 1373 682 cffrm's
1420 613 1611 684 Epistopis
1645 652 1659 677 ,
1709 619 1773 680 qm'
1818 619 1855 661 in
1890 612 2038 682 Ephess

1218 684 1353 750 degum
1376 720 1389 743 ,
1425 684 1588 742 Joann'es
1613 722 1626 748 ,
1661 688 1858 737 Himerius
1883 721 1896 745 ‚
1932 691 2038 731 Pau-

1217 753 1276 803 lus
1305 790 1318 813 ‚
1354 759 1561 802 Macarius
1586 792 1598 816 ‚
1634 760 1839 825 Apringius
1862 791 1876 815 ‚
1912 753 2033 802 Theo-

1218 823 1361 870 doretus
1394 859 1409 885 ,
1458 824 1635 893 Epzssopi
1682 830 1720 873 in
1776 830 1937 874 Domino
1964 822 2038 891 scr—

1216 892 1359 947 Iutem‚
1595 896 1598 897 ⁷

1150 1062 1286 1177 Q]
1290 1061 1418 1106 inquies
1429 1061 1494 1106 jam
1506 1070 1621 1095 coram
1631 1059 1786 1104 Principe
1805 1059 2015 1098 introivimus
2027 1089 2041 1108 ,

1270 1114 1305 1147 δε
1327 1112 1368 1147 de
1378 1110 1536 1147 haereticis
1560 1110 1726 1156 Capitulis
1748 1110 1853 1145 multa
1864 1114 2042 1146 contendi-

1300 1175 1373 1199 mus
1398 1188 1406 1195 .
1435 1163 1480 1197 Et
1504 1162 1681 1205 juravimus
1703 1160 1816 1205 saepius
1852 1161 2043 1205 Imperatori

1149 1216 1293 1260 piiffimo
1302 1239 1314 1256 ‚
1343 1214 1504 1258 quoniam
1518 1210 1665 1257 possibile
1680 1223 1749 1247 non
1762 1210 1808 1249 est
1822 1211 2045 1246 communica·

1150 1277 1184 1300 re
1196 1276 1255 1299 nos
1266 1276 1343 1300 cum
1359 1264 1411 1298 his
1426 1289 1436 1305 ,
1463 1264 1521 1309 qui
1533 1263 1699 1298 contraria
1716 1263 1867 1307 sapiunt,
1896 1263 1955 1297 niss
1981 1262 2047 1296 Ca-

1150 1315 1254 1360 pitula
1266 1314 1333 1349 haec
1346 1315 1474 1348 fuerint
1483 1314 1637 1349 abdicata
1650 1340 1658 1347 .
1686 1314 1729 1348 Et
1742 1314 1818 1356 quia
1843 1323 1904 1347 nec
1917 1313 1938 1346 fi
1960 1311 2044 1356 abje-

1149 1366 1230 1404 cerit
1243 1365 1392 1409 Cyrillus
1403 1363 1560 1408 Capitula
1574 1365 1629 1399 sua
1642 1388 1653 1405 ‚
1680 1364 1871 1408 suscipietur
1889 1364 1907 1399 a
1927 1362 2044 1402 nobis,

1150 1415 1191 1450 eo
1205 1415 1295 1460 quod
1307 1415 1461 1459 Princeps
1475 1416 1579 1451 faetus
1590 1415 1629 1448 fit
1639 1425 1768 1459 nuperae
1780 1413 1877 1457 hujus
1890 1412 2042 1448 haerefios.

1150 1466 1194 1500 Et
1207 1477 1297 1501 nunc
1307 1467 1409 1510 usque
1422 1464 1507 1500 nihil
1519 1464 1670 1500 obtinere
1681 1465 1870 1508 potuimus,
1897 1464 1940 1497 eo
1951 1462 2043 1504 quod

1151 1515 1337 1551 Adversarii
1357 1514 1452 1550 valde
1474 1515 1623 1550 insistant
1645 1539 1652 1547 .
1682 1515 1725 1548 Et
1746 1513 1781 1548 hi
1802 1514 1860 1558 qui
1879 1512 2043 1552 audiunt,

1149 1578 1219 1600 non
1244 1566 1414 1610 increpent
1440 1590 1452 1606 ‚
1490 1566 1540 1600 eis
1564 1562 1784 1600 resistentibus
1811 1564 2043 1606 impudenter:

1150 1617 1271 1660 Neque
1282 1615 1485 1659 compellant
1494 1626 1553 1654 eos
1564 1615 1605 1649 ad
1617 1612 1891 1657 disceptationem
1903 1635 1913 1651 ,
1940 1611 2044 1645 collo.

1148 1667 1385 1707 cutionemque
1406 1664 1519 1699 venire
1537 1688 1545 1697 .
1573 1664 1627 1698 Illi
1650 1674 1794 1708 namque
1810 1661 2044 1705 Capitulorum

1147 1715 1376 1751 discussionem
1389 1714 1499 1751 modis
1510 1712 1665 1748 omnibus
1677 1714 1812 1758 fugiunt
1826 1737 1837 1753 ‚
1862 1712 1898 1746 ὅ(
1916 1710 2044 1754 deipsis

1148 1778 1209 1804 nec
1233 1765 1325 1810 loqui
1347 1764 1492 1800 omnino
1503 1765 1654 1800 contenti
1679 1765 1774 1798 sunt.
1802 1762 1879 1800 Nos
1901 1760 1978 1798 vero
1988 1772 2044 1805 pet

1147 1816 1314 1851 orationes
1337 1815 1456 1850 vestras
1475 1815 1574 1857 usque
1597 1814 1639 1849 ad
1651 1824 1794 1849 mortem
1815 1814 1926 1848 sumus
1938 1811 2044 1855 parati

1150 1865 1326 1908 persistere.
1356 1864 1400 1897 Et
1414 1875 1520 1906 neque
1536 1862 1704 1906 Cyrillum
1727 1863 1907 1907 suscipere,
1935 1872 2043 1906 neque

1150 1914 1305 1959 Capitula
1316 1924 1387 1958 quae
1398 1913 1440 1947 ab
1450 1925 1492 1947 co
1504 1914 1650 1957 exposita
1662 1914 1757 1947 sunt.
1780 1913 1856 1947 Nec
1875 1912 1943 1946 istis
1954 1923 2043 1946 com-

1149 1964 1342 2002 municare,
1368 1963 1426 1995 nifi
1450 1963 1585 2006 expulsa
1607 1963 1730 1996 fuerint
1753 1974 1825 2005 quae
1838 1960 1923 1995 male
1934 1961 2044 1995 subin-

1149 2014 1295 2049 tromiffa
1308 2014 1383 2046 sunt
1394 2012 1483 2046 fieri.
1511 2012 1685 2056 Rogamus
1705 2010 1807 2056 igitur
1832 2009 1865 2045 &
1885 2012 2041 2045 sanitita-

1150 2074 1217 2098 tem
1240 2061 1402 2102 vestram,
1429 2072 1465 2095 ut
1479 2062 1578 2096 nobis
1599 2062 1714 2096 eadem
1726 2061 1892 2102 sentiatis,
1921 2062 2041 2096 &ean-

1149 2113 1224 2148 dem
1246 2112 1514 2157 perseverantiam
1534 2111 1766 2146 demonstretis
1788 2137 1796 2145 .
1832 2110 1899 2146 Pro
1920 2112 2041 2155 pietate

1149 2164 1241 2198 enim
1265 2173 1430 2197 certamen
1453 2158 1612 2197 habemus
1626 2186 1637 2203 ,
1662 2162 1697 2196 in
1710 2174 1774 2207 qua
1796 2162 1863 2197 sola
1875 2161 1973 2196 nobis
1993 2163 2040 2196 est

1149 2215 1238 2257 spes,
1265 2213 1444 2256 &propter
1454 2223 1553 2255 quam
1566 2213 1730 2255 speramus
1739 2212 1917 2248 Salvatoris
1939 2212 2040 2248 nostri

1150 2263 1355 2307 benignitate
1366 2272 1428 2296 nos
1443 2262 1563 2305 perfrui
1584 2261 1619 2295 in
1631 2262 1697 2296 vita
1708 2263 1818 2297 futura
1831 2287 1838 2294 .

1200 2314 1254 2347 Dc
1277 2312 1355 2347 Deo
1380 2311 1577 2347 amicissimo
1601 2312 1678 2346 vero
1711 2323 1808 2356 atque
1836 2312 2041 2347 Sanstiffimo

1151 2363 1317 2405 Episcopo
1340 2362 1499 2397 Nestorio
1523 2362 1652 2396 noverit
1677 2362 1887 2407 Religiofitas
1906 2363 2008 2397 vestra
2028 2387 2040 2403 ,

1150 2411 1227 2453 quia
1253 2411 1401 2444 studium
1422 2410 1519 2444 nobis
1540 2412 1627 2451 fuit,
1653 2422 1690 2446 ut
1701 2412 1907 2447 misceremus
1924 2412 1966 2446 de
1980 2412 2040 2446 illo

1151 2461 1330 2494 sermonem
1354 2471 1362 2490 :
1399 2458 1444 2491 Et
1469 2459 1602 2495 interim
1627 2472 1695 2494 non
1723 2462 1942 2504 pervaluimus
1963 2486 1975 2502 ,
2000 2460 2042 2495 ed

1150 2509 1241 2551 quod
1254 2509 1362 2543 cunffi
1376 2506 1562 2542 Adversarii
1590 2509 1624 2543 δε
1647 2510 1686 2544 ad
1702 2508 1806 2554 ipsum
1828 2522 1951 2545 nornen
1977 2511 2041 2544 sint

1149 2558 1264 2593 infeste
1275 2557 1421 2601 dispositi
1436 2582 1443 2591 ,
1471 2559 1565 2592 Dum
1580 2560 1611 2593 se
1624 2569 1734 2593 tamen
1756 2561 1816 2594 ista
1841 2562 1884 2593 fic
1896 2559 2041 2602 habent,

1148 2607 1371 2643 festinabimus
1391 2631 1402 2647 ,
1442 2608 1463 2640 fi
1485 2617 1613 2650 tempus
1638 2609 1786 2643 invenire
1812 2611 2040 2653 potuerimus,

1149 2657 1386 2703 placabilesque
1408 2655 1587 2692 Auditores
1613 2679 1627 2699 ,ν
1650 2658 1685 2692 &
1705 2657 1772 2693 hoc
1792 2660 1895 2695 facere
1919 2660 2041 2704 absque

1148 2709 1249 2744 dubio
1265 2721 1272 2740 :
1297 2709 1431 2742 Tamen
1444 2708 1464 2741 ss
1477 2708 1646 2744 Dominus
1656 2710 1775 2744 nostrae
1787 2709 1969 2747 intentioni
1987 2721 2040 2744 co-

1147 2769 1298 2803 operator
1310 2758 1486 2792 exstiterit.
1515 2759 1571 2794 Ut
1593 2758 1670 2793 vero
1692 2770 1799 2803 neque
1818 2758 1884 2794 hoc
1905 2760 2039 2804 ignoret

1149 2810 1307 2845 Sanstitas
1321 2808 1440 2849 vestra,
1470 2809 1589 2842 scitote
1612 2808 1689 2853 quia
1713 2809 1862 2845 videntes
1885 2810 2039 2854 Cyrillia-

1148 2871 1209 2894 nos
1233 2858 1430 2903 tyrannide,
1456 2859 1669 2900 seductione,
1695 2858 1971 2904 adulationeque,
1997 2871 2037 2894 ac

1146 2909 1336 2944 muneribus
1348 2920 1463 2943 omnes
1476 2909 1540 2943 fere
1555 2934 1565 2950 ‚
1593 2920 1629 2943 ut
1648 2911 1692 2944 ita
1712 2910 1883 2950 dicamus,
1909 2910 2037 2944 evertis-

1145 2961 1177 2994 se
1188 2985 1199 3001 ,
1224 2960 1408 3004 frequenter
1422 2959 1598 3003 piissimum
1610 2959 1798 3003 Principem
1824 2962 2011 3003 rogavimus
2026 2984 2037 3001 ,

1145 3011 1180 3045 δε
1203 3009 1568 3055 Magnificentiffimum
1590 3009 1738 3053 Judicem
1753 3035 1763 3050 ‚
1791 3019 1827 3044 ut
1853 3011 1887 3044 ὃ(
1906 3007 1968 3044 πός
1991 3010 2034 3045 ad

1145 3062 1318 3095 Orientem
1330 3085 1341 3101 ‚
1367 3061 1401 3095 δε
1413 3060 1677 3104 Religiofitatem
1692 3060 1828 3095 vestram
1840 3060 1880 3094 ad
1903 3060 2034 3106 propria

1146 3112 1192 3145 ire
1213 3110 1410 3155 permitteret
1433 3123 1440 3143 :
1469 3110 1546 3144 Hoc
1567 3120 1755 3152 reputantes
1777 3136 1788 3152 ‚
1817 3110 1892 3154 quia
1918 3112 1951 3144 in
1976 3121 2033 3145 va·-

1146 3172 1246 3196 cuum
1271 3172 1470 3196 moraremur
1490 3185 1500 3201 ‚
1539 3159 1625 3193 nihil
1652 3161 1856 3204 proficientes
1878 3162 1913 3196 in
1934 3161 2031 3196 causa

1147 3212 1289 3255 praesenti
1302 3236 1312 3252 ‚
1338 3212 1380 3246 eo
1393 3211 1482 3255 quod
1495 3210 1642 3255 Cyrillus
1654 3210 1826 3247 nobiscum
1839 3210 1947 3245 modis
1960 3222 2032 3246 om-

1147 3260 1242 3296 nibus
1261 3263 1366 3307 fugiat
1386 3261 1504 3296 habere
1523 3261 1714 3297 conflictum
1734 3286 1748 3303 ‚
1771 3262 1874 3298 sciens
1896 3261 2032 3298 manife-

1148 3312 1226 3346 stam
1237 3311 1483 3347 convictionem
1495 3310 1763 3356 blasphemiarum
1773 3338 1785 3355 ,
1812 3313 1937 3358 quasin
1950 3311 2030 3345 duo·

1147 3362 1253 3397 decim
1275 3362 1440 3408 Capitulis
1461 3362 1525 3397 suis
1545 3363 1693 3408 exposuit
1714 3388 1722 3396 .
1765 3363 1897 3399 Placuit
1919 3370 2028 3443 audem

1906 3419 1949 3453 po
