2320 3730
752 135 1536 185 INDExCAPITum.
1956 160 2037 195 9.

274 220 309 269 se
332 225 372 258 ab
396 225 463 265 ejus
487 227 683 257 communione
705 221 908 268 ‚sejunxerant
926 249 934 256 .
1038 218 1104 267 285

227 274 338 318 Caput
361 272 522 308 CXXIV.
547 273 703 315 Epistola,
733 274 842 319 inquit
864 299 876 315 ‚
904 275 1015 308 Meletii
1035 275 1108 312 Epi-

273 322 353 368 scopi
375 325 421 357 ad
430 327 634 358 Maximinum
645 325 818 364 Anazarhi,
838 333 895 368 per
914 334 1005 366 quam
1021 320 1108 366 figni-

275 373 383 416 ficavit
407 375 444 407 de
465 376 633 419 Domitiano
655 374 808 419 ,Quaestore
829 398 840 413 ,
867 375 902 407 (τ
927 374 965 406 de
988 374 1109 410 Sacris,

243 460 245 462 ,
277 434 354 466 quas
376 433 480 458 contra
502 436 552 459 eos
573 428 782 468 impetraverit
794 426 938 470 Joannes
959 419 1107 509 Antiocge·

278 484 357 508 nus,
989 481 991 486 '
1037 483 1059 509 2
1086 472 1105 507 6

228 521 342 569 Caput
354 523 497 559 CXXV.
523 524 676 567 Epistola,
701 523 831 566 inquit,
857 524 910 557 vel
926 521 1108 564 hypomnysti-

1179 218 1288 261 Caput
1309 217 1521 252 CXXXVII.
1547 219 1676 261 Epistola
1691 243 1702 260 ,
1733 222 1840 265 inquit
1863 246 1875 263 ,
1901 223 2055 265 Dorothei,

1226 271 1448 310 Metropolitum
1472 267 1576 309 Moefiae
1589 295 1599 310 ,
1625 272 1672 302 ad
1694 274 1755 303 Deo
1776 273 1974 314 Amiciffimum
1997 274 2059 306 Ale-

1226 320 1378 355 xandrum
1387 341 1398 359 ‚
1425 319 1599 364 Episcopum
1609 320 1810 364 Euphratefiae
1820 346 1831 363 ,
1857 326 1891 358 Θ
1901 322 2060 358 Theodore-

1174 377 1520 463 (ἶπζιζῖὲΧΧΧἫΠ.
1549 421 1679 462 Epistola
1695 445 1705 461 ,
1736 420 1845 464 inquit
1865 443 1876 460 ‚
1902 383 2059 457 Τόεοιίζοῖεἲ

1217 475 1260 554 {ib
1261 467 1397 553 Zpiscopi
1409 471 1455 504 ad
1464 469 1663 513 Dorotheum,
1688 469 1794 513 Moest'ae
1817 474 2057 514 Metropolitum.

275 585 342 608 cum
363 574 635 620 Magnificentiffimi
668 573 832 617 ,Quaestoris
858 574 902 606 ad
927 572 1105 616 Episcopum
1174 568 1284 612 Caput
1296 568 1487 605 CXXXIX.
1513 570 1645 614 Epistola
1668 595 1679 611 ‚
1707 570 1839 616 inquit,
1864 570 1996 614 ejusdem
2017 574 2062 606 ad

276 623 385 668 Tharfi
402 625 572 659 Helladium
591 649 603 666 ‚
627 623 752 658 hortans
771 634 836 659 eum
853 622 1027 658 Antiocheno
1051 624 1106 709 αὲίέ

269 676 331 715 jun
352 680 380 708 i.
1037 685 1058 710 2

226 687 515 767 CaputhXXVI.
539 722 693 764 Epistola,
719 722 849 766 iuquit,
868 728 1006 769 Joannis
1027 725 1108 765 Epi-

271 772 354 818 scopi
375 773 541 809 Antiochen!
559 774 602 806 ad
621 777 683 807 Deo
708 775 908 814 Arm‘ciffimum
931 772 1108 817 Episcopum

278 825 504 864 Mexandrm,
525 830 583 865 per
602 834 694 864 quam
713 826 882 865 indicavit,
905 826 986 869 quod
1001 832 1107 866 praece·

273 880 324 917 pit
344 879 528 915 Imperator,
553 882 588 906 ut
602 875 701 908 nullus
724 876 923 909 Orientalium
949 872 1107 917 Episcopo-

277 934 344 956 rum
363 922 645 966 constantinopolim
662 923 890 969 proficisceretur
902 950 910 958 .
1037 921 1106 971 289

225 973 339 1015 Caput
366 972 544 1008 CXXVII.
574 973 708 1015 Epistola
733 1000 743 1015 ,
768 974 877 1019 inquit
904 998 916 1015 ,
943 975 1107 1008 Alexandri

278 1021 417 1066 Episcopi
427 1029 459 1056 in
472 1022 630 1066 Personam
641 1024 852 1070 Magistriani,
881 1031 934 1069 qui
951 1024 1107 1067 praefatas

279 1073 422 1106 attulerat
444 1075 580 1108 litteras.
1027 1074 1109 1110 Ibid.

226 1123 337 1164 Caput
359 1122 551 1159 CXXVIII.
575 1125 714 1160 Irenaeus
730 1125 776 1159 ait
799 1138 807 1158 :
835 1129 881 1159 Et
900 1124 964 1160 haec
979 1125 1111 1168 Epistola

277 1172 451 1206 Theodoreti
474 1175 520 1207 ad
543 1176 692 1209 Meletium
716 1180 804 1211 Neo·
819 1174 968 1219 Caesareae
990 1178 1027 1209 de
1048 1175 1109 1216 his,

278 1233 348 1265 quae
365 1225 398 1267 J
399 1235 506 1257 oannes
531 1230 565 1258 in
589 1224 714 1268 diversis
739 1225 858 1260 vicibus
884 1227 987 1268 inique*
997 1231 1108 1259 commi·

271 1270 328 1313 fit.
1041 1286 1110 1322 290

228 1321 339 1366 Caput
354 1323 513 1359 CXXIX.
539 1324 794 1360 Idem-Irenaeus
814 1324 940 1371 Inquit.
968 1328 1027 1359 Per
1053 1338 1110 1359 om-

278 1378 332 1406 nia
343 1375 403 1407 Deo
424 1375 602 1414 Amici'ffimis
627 1376 860 1415 &saneitffimis
881 1374 1039 1419 Episcopis
1060 1378 1111 1415 s,-

278 1427 356 1463 me,
381 1425 416 1457 (5
437 1425 550 1457 Ciliciae
573 1430 682 1466 primae
707 1436 742 1458 ac
759 1424 896 1468 secundae
916 1450 927 1465 ,
953 1427 986 1459 &
1007 1424 1112 1469 secun·-

280 1474 330 1505 dae
346 1474 567 1514 Cappadociae,
593 1475 784 1514 Alexander,
810 1474 1006 1508 Theodoretus
1021 1500 1031 1515 ‚
1057 1479 1112 1510 He-

279 1522 376 1554 liades
400 1547 410 1562 ,
437 1522 568 1555 Abbibus
590 1547 601 1563 ,
629 1527 737 1557 Maras
762 1548 773 1565 ,
799 1526 931 1566 David,
959 1526 1087 1559 Acilinus
1100 1551 1111 1567 ,

279 1575 314 1604 in
325 1575 449 1604 Domino
465 1574 613 1616 gaudere.
1039 1586 1107 1623 291

229 1615 340 1665 Caput
364 1621 506 1656 CXXX.
533 1625 680 1665 Domino,
706 1623 814 1670 inquit
830 1649 842 1666 ,
867 1636 947 1667 meo,
970 1635 1027 1668 per
1053 1639 1110 1659 om-

279 1676 335 1704 nia
370 1675 434 1706 Deo
460 1674 625 1713 Amicifflmo
664 1677 755 1708 Patri
778 1699 789 1715 ‚
824 1683 912 1718 atque
937 1677 1112 1717 sanHtffimo

279 1722 477 1763 Alexandro,
502 1723 702 1766 Theodoreto,
727 1727 873 1765 Heluidi,
899 1725 1029 1765 abbibo,
1046 1731 1111 1760 Ma-

278 1783 324 1804 rae
343 1796 353 1812 ‚
379 1775 499 1806 Davidt'
527 1798 538 1814 ‚
563 1775 673 1807 Acilino
694 1800 704 1816 ,
732 1776 883 1809 Helladius
904 1799 915 1815 ,
940 1774 1111 1810 Matronia-

279 1833 358 1862 nus,
383 1825 510 1860 Cyrillus
523 1849 534 1865 ‚
560 1825 707 1858 Zenohius
721 1851 732 1868 ,
758 1833 791 1859 in
813 1830 939 1860 Domino
960 1828 1090 1871 gaudere
1103 1852 1110 1858 .

279 1882 301 1907 2
353 1896 359 1902 .

230 1882 512 1962 Cap3t3CXXX1.
542 1925 699 1963 Dominis,
730 1923 858 1967 inquit,
885 1930 983 1964 meis,
1007 1925 1111 1966 &per

277 1974 376 2001 omnia
396 1973 457 2003 Deo
482 1972 658 2011 Amiciffimis
679 1995 690 2011 ‚
717 1973 752 2006 <ir
775 1971 963 2013 Sanaffmts
990 1973 1111 2016 Episco—

273 2024 325 2060 pis
348 2044 359 2060 ‚
387 2020 558 2067 Alexandro
573 2045 584 2060 ,
610 2019 783 2055 Theodoreto
801 2046 812 2062 ‚
839 2024 992 2064 Helladi,
1022 2024 1109 2056 Abbi·

277 2069 312 2101 bo
334 2093 345 2108 ,
371 2073 467 2103 Marae
491 2094 501 2109 ‚
528 2073 645 2104 Davidi
669 2095 680 2112 ,
705 2073 816 2105 Acilino
841 2096 852 2111 ‚
878 2079 1075 2117 Hermogenes
1098 2099 1109 2114 ,

278 2120 414 2153 Meletius
440 2144 452 2161 ,
478 2119 632 2164 Hesychius
654 2145 665 2162 ,
692 2123 865 2157 Heliodorus
885 2148 896 2164 ,
921 2129 954 2156 in
982 2127 1107 2157 Domino

275 2170 426 2213 gaudere.
902 2188 908 2195 ·
1038 2185 1108 2220 294

226 2219 337 2262 Caput
364 2219 536 2255 CXXXII.
571 2221 702 2264 Epistola
728 2247 739 2262 ,
767 2222 875 2267 inquit
903 2247 914 2263 ,
941 2225 1109 2257 Alexandri

276 2267 415 2312 Episcopi
437 2274 577 2311 Apameae
596 2272 640 2305 ad
672 2276 734 2305 Deo
757 2274 955 2313 Amictffimum
979 2276 1108 2307 Alexan-

276 2320 364 2352 drum
388 2318 568 2363 Episcopum
584 2346 595 2362 ,
628 2334 719 2364 quam
743 2321 883 2365 rescripsit
907 2335 1016 2368 rogans
1038 2349 1048 2364 ‚
1074 2334 1107 2358 ut

276 2368 326 2402 ubi
357 2369 482 2411 poffibile
518 2371 558 2412 est
581 2375 775 2405 convenirent
812 2375 857 2406 ad
887 2373 1108 2408 deliberandum

279 2421 316 2451 de
341 2418 388 2452 bis
415 2442 426 2457 ‚

279 2466 359 2500 Ibid.

223 2514 341 2558 Caput
363 2515 553 2550 CXXXIII.
582 2517 715 2558 Epistola
734 2543 744 2558 ,
773 2520 878 2561 inquit
899 2545 909 2560 ‚
937 2520 1109 2556 Theodoreti

277 2563 414 2608 Episcopi
434 2567 479 2599 ad
499 2566 808 2611 Magnificentifflmum
831 2570 1002 2614 Magistrum
1029 2574 1108 2605 Mili-

278 2624 343 2648 tum
361 2613 527 2659 scriptade
542 2616 607 2650 bls-
1035 2632 1103 2668 295

223 2665 340 2709 Caput
353 2665 547 2700 CXXXIV.
575 2668 704 2703 Libellus
716 2669 969 2710 Reverendiffimis
996 2672 1030 2704 ό*
1046 2675 1107 2705 Deo

275 2717 453 2757 Amiciffimis
480 2716 657 2761 Epi-scopis,
686 2721 856 2753 Alexandro
879 2745 888 2761 ‚
914 2719 1106 2763 Theodoreto,

459 2432 526 2461 quae
547 2429 692 2465 geruntur
718 2447 728 2462 ,
755 2425 830 2464 quid
848 2423 916 2464 fieri
941 2433 1085 2466 oporteret
1098 2449 1106 2457 .

277 2769 377 2799 Marae
391 2791 400 2806 ,
428 2769 548 2801 Davidt
567 2793 578 2810 ,
605 2770 717 2806 Acilino
736 2794 746 2810 ,
769 2770 809 2802 ab
832 2769 943 2803 Abbibo
964 2769 1106 2814 Episcopo

277 2815 404 2849 Dolichit
429 2819 525 2860 miffus
540 2842 550 2858 ,
572 2827 625 2861 per
635 2832 719 2863 quem
744 2821 891 2854 indicavit
911 2832 976 2863 quae
996 2822 1034 2855 ab
1048 2827 1106 2855 An-

275 2865 402 2900 tiocheno
412 2870 511 2909 inique
521 2874 660 2913 commissa
666 2869 691 2914 s
686 2878 739 2904 unt
752 2895 759 2901 .
1036 2883 1104 2920 297

226 2917 339 2961 Caput
359 2916 538 2951 CXXXV.
572 2920 704 2962 Epistola
727 2945 737 2960 ,
765 2919 871 2962 inquit
894 2921 982 2955 idem
1006 2946 1016 2962 ,
1044 2926 1105 2956 Deo

277 2968 438 3008 Amictffimi
453 2967 594 3012 Episcopi
619 2971 807 3010 Alexandri,
834 2970 1021 3012 Theodoreti,
1049 2973 1105 3005 Ab·

277 3016 361 3057 bibi,
386 3019 538 3059 Helian,
565 3023 683 3060 Murae,
710 3021 865 3062 navidis,
892 3024 1016 3063 acilini,
1045 3027 1106 3056 Eu·
1158 3040 1160 3044 .

273 3065 426 3108 phratefiae
438 3070 605 3104 Provinciae
617 3069 829 3114 Epifioporum
841 3095 851 3112 ,
876 3074 923 3105 ad
941 3072 1079 3117 Augustas
1095 3100 1104 3115 ‚

276 3114 382 3156 quihus
390 3113 567 3162 scripserunt
587 3119 797 3164 innotescentes
821 3126 888 3165 quae
904 3122 942 3156 ab
957 3123 1095 3158 Antioche

277 3176 314 3197 no
325 3164 443 3205 diverfis
454 3170 567 3203 vicibus
578 3175 670 3205 ineos
682 3172 824 3215 commiffa
837 3171 911 3216 sunt
923 3198 931 3205 .
1036 3173 1103 3222 298

227 3214 337 3258 Caput
359 3214 555 3252 CXXXVI.
595 3221 726 3263 Epistola
752 3223 916 3255 Alexandri
943 3222 1082 3267 Episcopi
1095 3250 1104 3266 ,

275 3264 479 3307 respondentis
501 3266 591 3311 super
611 3269 657 3305 his
670 3275 703 3317 J
705 3278 795 3305 oanni
821 3273 908 3307 Archi
920 3291 930 3300 ·
941 3272 1102 3318 Episcopo.

272 3325 359 3366 300.

1226 623 1356 651 Amicum
1375 620 1484 661 Christi
1497 620 1855 663 Constantinopolitanum
1878 622 2060 655 Orthodoxo-

1224 680 1290 701 rum
1305 671 1447 710 Populum
1459 695 1469 710 ,
1490 680 1547 715 per
1559 684 1650 714 quam
1661 684 1708 705 eos
1733 671 1872 707 hortatur
1892 674 1936 704 ad
1944 678 2062 715 patien-

1225 724 1304 752 tiam
1317 742 1327 758 ‚
1354 719 1388 753 &
1409 724 1486 754 circa
1507 723 1646 768 dogmata
1672 726 1897 758 Contrariorum
1912 728 2061 766 poeniien-

1226 774 1301 801 tiam
1324 769 1458 803 declarat
1477 793 1484 802 .
1991 782 2058 820 303

1177 818 1286 862 Caput
1297 817 1401 851 CXL·
1427 820 1541 859 Sacra,
1566 820 1696 864 inquit,
1721 825 1873 867 &Ioanne
1896 822 2059 865 Antiochiae

1228 874 1391 910 impetrata
1412 876 1475 902 tam
1496 878 1597 901 contra
1619 874 1680 903 Deo
1706 876 1906 914 Amiciffimum
1925 875 1966 907 δ’
1986 875 2060 906 San-

1226 919 1373 960 c‘liffimum
1395 917 1571 961 Episcopum
1604 924 1783 963 Hierapolios
1823 925 2027 957 Alexandrum
2048 947 2060 962 ,

1229 980 1319 1011 quam
1344 976 1445 1004 contra
1471 969 1646 1002 Helladium
1668 993 1679 1008 ,
1706 971 1741 1005 Θ
1768 973 1970 1006 Maximinum
1988 997 1999 1013 ,
2026 975 2062 1007 Θ·

1225 1018 1437 1053 Theodoretum
1450 1042 1461 1058 ‚
1487 1021 1549 1052 Deo
1559 1020 1741 1062 Amicifflmos
1767 1018 1921 1064 Episcopos
1932 1046 1939 1052 .
1994 1032 2061 1071 304

1175 1069 1286 1113 Caput
1298 1069 1419 1103 CXLI.
1446 1068 1601 1110 Epistola,
1627 1070 1758 1114 inquit,
1787 1070 1901 1103 Meletii
1919 1072 1962 1103 ad
1984 1078 2062 1106 Neo-

1225 1119 1352 1154 therium
1363 1124 1505 1153 Comitem
1518 1143 1530 1160 ‚
1555 1125 1606 1162 qui
1616 1131 1681 1153 eum
1687 1129 1743 1162 per
1753 1120 1874 1154 litteras
1880 1119 1991 1162 fuerat
2011 1134 2064 1154 ex-

1227 1169 1365 1206 hortatus
1379 1197 1389 1213 ,
1415 1173 1450 1206 (v'
1467 1170 1687 1213 admonuerat,
1711 1178 1746 1204 ut
1771 1170 1951 1205 Antiocheno
1973 1181 2064 1205 recon-

1226 1221 1376 1255 ciliaretur
1387 1245 1395 1253 .
1981 1221 2064 1256 lbid.

1177 1271 1287 1314 Caput
1300 1271 1438 1306 CXLII.
1465 1271 1654 1316 Rescriptum
1677 1296 1688 1313 ,
1715 1272 1826 1316 inquit
1847 1296 1858 1312 ,
1879 1272 2065 1315 publicatum

1225 1330 1262 1354 ut
1270 1326 1414 1355 terminus
1426 1333 1522 1356 eorum
1534 1346 1544 1362 ,
1570 1334 1637 1365 quae
1642 1321 1757 1366 scripta
1775 1321 1850 1365 sunt
1872 1324 1917 1356 ad
1926 1322 2067 1365 Magnifi-

1226 1371 1409 1411 centtffimum
1419 1377 1565 1406 Comitem
1592 1375 1626 1407 Θ
1639 1378 1788 1407 Vicarium
1799 1374 1898 1406 Titum
1923 1374 1943 1406 a*
1955 1374 2067 1406 Glorio-

1219 1420 1319 1463 fiffimo
1329 1422 1466 1467 Magistro
1488 1425 1607 1457 Militiae
1621 1423 1746 1466 Dionyfio
1756 1450 1764 1458 .
1996 1422 2063 1471 306

1178 1470 1287 1514 Caput
1304 1471 1457 1507 CXLIII.
1486 1473 1616 1516 Epistola
1633 1499 1642 1513 ‚
1668 1474 1798 1517 inquit,
1826 1470 2065 1520 Magnificentis-

1221 1521 1289 1565 fimi
1302 1523 1425 1564 Dionyfii
1436 1548 1446 1564 ,
1464 1525 1607 1568 'Magistri
1618 1526 1747 1557 Militum
1757 1549 1766 1563 ,
1795 1536 1888 1566 quam
1896 1522 2010 1565 scripfit
2022 1523 2066 1556 ad

1226 1583 1455 1617 unumquemque
1476 1573 1680 1616 Episcoporum
1705 1597 1715 1611 ,
1741 1579 1794 1616 qut·
1818 1578 2012 1605 nominantur
2033 1578 2067 1604 in

1228 1625 1320 1657 Sacra
1329 1647 1338 1661 ‚
1366 1633 1398 1655 ut
1409 1632 1463 1656 aut
1475 1621 1673 1666 consentirent
1687 1622 1734 1655 his
1747 1647 1757 1662 ,
1783 1633 1851 1665 quae
1863 1622 1903 1655 ab
1916 1622 2066 1656 Antioche-

1228 1685 1265 1706 no
1270 1672 1343 1716 fiant
1348 1673 1431 1716 gesta
1443 1697 1452 1713 ,
1479 1676 1513 1708 <¹5
1536 1680 1781 1706 communicarent
1801 1678 1851 1713 ei,
1877 1682 1932 1706 aut
1953 1673 1992 1706 ab
2003 1677 2066 1707 Ec—

1225 1723 1313 1765 clefiis
1340 1724 1556 1757 &civitatibus
1578 1730 1712 1757 exirent.
1998 1733 2066 1770 307

1179 1773 1287 1817 Caput
1307 1773 1463 1808 CXLIV.
1492 1774 1619 1815 Epistola
1640 1798 1649 1813 ,
1678 1773 1808 1816 inquit,
1838 1775 1971 1808 Helladii
1993 1780 2067 1816 Epi-

1221 1823 1302 1867 scopi
1322 1827 1367 1856 ad
1379 1828 1440 1858 Deo
1461 1826 1664 1864 Amiciffimum
1686 1822 1867 1866 Episcopum
1888 1826 2041 1857 Meletium
2055 1849 2064 1863 ,

1227 1872 1436 1914 quamscripfit
1447 1877 1583 1906 indicans
1606 1882 1656 1913 ei,
1683 1876 1764 1914 quod
1780 1873 1855 1916 sunt
1868 1877 1888 1905 ἂ
1902 1874 2067 1913 Constanti-

1226 1923 1321 1963 nopoli
1331 1924 1484 1954 Mandata
1495 1947 1505 1961 ‚
1532 1924 1565 1957 &
1580 1924 1617 1955 de
1629 1921 1678 1954 his
1686 1930 1793 1964 petens
1819 1934 1887 1964 quae
1911 1924 1999 1964 essent
2012 1936 2063 1967 ge-

1225 1971 1320 2002 renda
1332 1971 1506 2004 Trac‘i'atum
1518 1995 1525 2003 .
1981 1973 2063 2007 Ibid.

1178 2020 1287 2063 Caput
1310 2019 1452 2054 CXLV.
1479 2020 1629 2063 Epistola,
1657 2021 1786 2064 inquit,
1815 2025 1878 2054 Deo
1901 2024 2063 2063 Amiciffimi

1226 2072 1261 2104 δ’
1273 2073 1291 2103 5
1292 2071 1444 2110 anciiffimi
1453 2070 1589 2114 Episcopi
1601 2072 1712 2104 Meletii
1735 2074 1780 2106 ad
1793 2073 1962 2105 Helladium
1973 2098 1984 2113 ,
2006 2082 2063 2115 per

1218 2132 1319 2163 ·quam
1329 2119 1487 2163 rescrt‘pfit‚
1518 2123 1595 2163 quod
1605 2133 1697 2164 neque
1712 2120 1771 2167 ipfi·
1793 2121 1831 2153 ab
1842 2129 1882 2155 eis
1896 2147 1906 2162 ‚
1932 2135 1999 2165 quae
2015 2123 2062 2167 se-

1228 2172 1288 2204 mel
1301 2173 1353 2213 pie
1361 2172 1475 2212 placita
1492 2170 1566 2214 sunt
1579 2196 1589 2211 ‚
1617 2170 1724 2215 abfistet
1738 2197 1749 2214 ,
1776 2183 1867 2214 neque
1877 2176 1995 2208 credere
2007 2177 2061 2215 ju·

1221 2221 1301 2261 stum
1322 2222 1386 2265 esset
1406 2221 1453 2254 his
1465 2244 1475 2260 ,
1500 2228 1553 2265 qui
1571 2223 1625 2255 illa
1647 2229 1860 2257 nunciaverint
1878 2249 1887 2261 ,
1914 2225 1986 2257 dum
2007 2234 2059 2266 per

1227 2279 1315 2313 opera
1325 2271 1391 2314 ipsa
1402 2274 1551 2306 docuerint
1561 2295 1572 2312 ‚
1595 2275 1800 2316 quodpropter
1812 2282 1929 2315 tempus
1952 2278 1972 2307 ἑ
1985 2278 2058 2307 Pro-

1224 2323 1262 2356 cli
1274 2320 1335 2363 fint
1342 2320 1481 2365 suscitati
1491 2321 1664 2365 fautoribus
1679 2347 1685 2354 .
1989 2323 2057 2373 308

1175 2370 1284 2415 Caput
1297 2371 1453 2407 CXLVI.
1482 2373 1614 2415 Epistola
1628 2372 1800 2407 Theodorett'
1812 2399 1822 2414 ,
1851 2375 1977 2418 inquit,
2008 2380 2058 2408 E-

1217 2420 1330 2463 piscopi
1351 2425 1395 2454 ad
1418 2424 1621 2456 Alexandrum
1645 2427 1704 2455 Deo
1717 2426 1915 2464 Amicifflmum
1928 2425 2055 2468 Episco-

1219 2476 1315 2510 pum,
1337 2477 1394 2510 per
1414 2469 1707 2514 quamsi‘gnificavit,
1735 2475 1811 2512 quod
1830 2474 2057 2518 Magnificentis-

1217 2517 1307 2560 fimus
1329 2522 1432 2551 Comes
1443 2522 1530 2550 Titus
1542 2543 1552 2559 ,
1578 2523 1612 2553 &¹
1624 2520 1794 2561 sanc‘liffimi
1810 2524 1946 2555 Monachi
1956 2523 2059 2567 infin·-

1223 2574 1358 2601 rexerint
1371 2574 1402 2601 in
1413 2580 1478 2602 eum
1485 2576 1540 2609 per
1558 2569 1678 2602 litteras
1690 2593 1700 2608 ‚
1727 2579 1873 2613 tanquam
1894 2578 1944 2615 qui
1965 2575 2056 2608 debe·-

1221 2618 1274 2651 bat
1280 2626 1383 2660 pacem
1394 2643 1405 2659 ,
1429 2625 1710 2662 communionemque
1727 2621 1867 2664 amplecti
1883 2624 2054 2658 Antiocheni

1213 2672 1246 2714 J
1248 2675 1353 2702 oannis
1365 2695 1372 2702 .
1988 2685 2055 2722 309

1171 2718 1279 2762 Caput
1294 2719 1466 2755 CXLVll.
1494 2720 1626 2762 Epistola
1640 2745 1650 2761 ,
1676 2720 1784 2762 inquit
1798 2747 1807 2761 ,
1836 2727 1896 2756 Deo
1916 2726 2054 2764 Amic-iffi-

1220 2775 1262 2803 mi
1283 2770 1423 2814 Episcopi
1450 2772 1618 2804 Alexandri
1642 2772 1687 2803 ad
1708 2770 1938 2814 Theodomum,
1965 2786 2053 2816 quam

1220 2819 1360 2864 rescripfit
1370 2823 1413 2854 ad
1423 2819 1485 2855 baec
1497 2846 1507 2862 ,
1533 2833 1601 2863 quae
1613 2822 1651 2853 ab
1663 2820 1792 2865 illosum
1808 2821 1925 2865 scripta
1936 2847 1946 2863 ,
1971 2827 2051 2858 diri-

1213 2883 1289 2915 gens
1301 2877 1326 2905 ei
1336 2873 1515 2905 conditiones
1528 2871 1674 2915 quasdam
1692 2874 1730 2905 de
1742 2871 1803 2916 ipso
1815 2879 1942 2917 negotio.
1984 2886 1999 2922 3
2010 2886 2050 2911 10

1169 2924 1278 2965 Caput
1299 2922 1488 2957 CXLVIII.
1517 2922 1669 2963 Epistola,
1696 2922 1803 2965 inquit
1825 2924 1982 2965 hermeus,
2007 2928 2052 2959 ad

1219 2977 1278 3006 Deo
1292 2975 1490 3015 Amiciffimum
1509 2971 1684 3015 Episcopum
1710 2974 1911 3006 Alexandrum
1922 2997 1932 3013 ,
1956 2987 2047 3016 quam

1219 3023 1455 3058 Theodoretus
1465 3020 1605 3065 rescripsit
1613 3022 1778 3066 fignificans
1789 3029 1832 3063 ei,
1858 3024 1937 3066 quod
1943 3025 2047 3068 legerit

1217 3074 1349 3108 direc‘I'as
1354 3073 1409 3115 fibi
1431 3074 1608 3106 conditiones
1622 3098 1630 3112 ,
1658 3075 1693 3107 ό*
1708 3085 1800 3107 unam
1819 3083 1964 3117 tanquam
1985 3083 2045 3108 mi—

1218 3125 1274 3158 nus
1284 3119 1316 3167 se
1325 3125 1397 3157 hene
1407 3124 1563 3157 habentem
1585 3135 1650 3157 non
1659 3123 1833 3165 probaverit
1843 3147 1850 3155 .
1978 3137 2018 3173 31
2028 3138 2043 3162 1

1168 3174 1276 3218 Caput
1289 3174 1444 3208 CXLIX.
1471 3172 1626 3216 Epistola,
1653 3174 1781 3218 inquit,
1806 3177 1867 3207 Deo
1886 3177 2047 3216 Amiciffimi

1218 3223 1357 3267 Episcopi
1382 3225 1549 3258 Alexandri
1565 3249 1576 3265 ‚
1601 3236 1691 3267 quam
1711 3225 1805 3258 denuo
1823 3223 1963 3268 rescripsit
1985 3230 2045 3259 Deo

1219 3276 1385 3316 Amiciffimo
1394 3274 1592 3315 Thi-odorere,
1616 3276 1747 3319 dirigens
1770 3280 1797 3310 ei
1821 3276 1855 3310 Θ
1870 3282 2044 3319 prooemium

1199 3336 1201 3339 ·
1217 3327 1418 3366 synodicorum
1443 3325 1553 3359 Procli.
1983 3335 2046 3367 312

1887 3375 1995 3421 Caput
