2320 3730
134 2540 200 2574 Ast.

232 2547 259 2575 ς.

368 174 468 220 254

292 254 346 280 tur
362 244 500 288 Spiritus
508 242 614 280 Sana}
626 254 667 279 ex
678 242 766 279 Filio
781 242 1014 287 proceffionern
1034 234 1175 292 omnin&
1186 242 1194 251 ·

292 291 528 337 comprehendi
548 295 584 328 in
608 293 746 330 laudatis
760 292 934 336 Evangelii
956 289 1152 343 testimoniis
1167 310 1175 318 .

288 345 374 378 Item
395 344 497 388 ipsam
519 344 753 391 comprehendi
778 345 812 377 in
836 351 897 380 eo,
924 338 1013 384 quod
1035 338 1172 393 Spiritus

288 394 422 433 Sanetus
444 394 482 431 fit
502 395 579 431 Filii
604 395 750 439 proprius
773 415 782 425 .
806 388 994 432 Distinguit
1015 388 1173 431 Spmtum

289 444 442 483 sinistam
462 445 524 480 effe
534 445 611 479 Filii
634 442 800 487 proprium
814 464 825 480 ‚
855 438 1005 482 &ipsum
1027 437 1174 474 noneffe

287 493 380 533 abeo
391 495 562 533 alienum,-
589 494 667 529 Hoc
689 493 724 526 in
745 487 1104 526 consubstantialitate,
1129 488 1174 521 il·—

284 543 343 581 lud
366 546 484 582 fundat
504 546 539 579 in
565 543 764 587 processione
787 566 794 574 .
827 539 938 573 Etiam
962 539 996 574 in
1019 537 1172 574 humanis

289 594 379 630 aliud
400 596 445 629 cst
460 594 596 630 Petrum
621 593 684 630 effe
697 591 816 635 Ioanni
838 588 1148 627 consubstantialem
1160 613 1171 631 ,

283 644 374 682 aliud
390 645 526 681 Petrum
545 644 609 680 esse
634 643 788 687 Ioannis:
819 639 900 676 Hoc
923 639 1081 684 posterius
1101 650 1171 674 om-

283 694 366 730 nino
377 696 532 741 importat
555 695 698 736 aliquam
722 690 935 731 relationem.
963 691 1007 725 Et
1028 691 1063 724 in
1075 690 1171 725 Divi-

282 746 335 781 nis
345 755 456 789 praeter
467 742 713 781 Proceffionem
726 741 819 780 nulla
833 741 878 776 est
899 740 1034 776 relatio.
1061 740 1171 788 Qid-

281 794 361 837 quid
381 794 419 830 fit
436 793 478 827 de
502 792 568 827 hoc
589 791 731 836 puncto,
759 791 910 836 quinque
921 802 1036 827 contra
1048 790 1167 830 Nesto-

279 843 365 878 rium
378 842 479 882 libros
490 842 624 879 Sanetus
635 842 784 887 cyrillus
795 841 939 881 omnino
952 841 1074 884 scripfit
1094 841 1165 885 post

280 891 482 936 Ephcfinam
494 892 691 938 synodum,
714 905 753 927 ac
775 892 846 935 post
860 903 973 940 pacem
995 891 1147 927 Ecclesiae
1159 917 1166 924 .

279 942 348 978 Eos
360 943 481 986 scripsit
493 943 527 981 iu
540 944 679 988 gratiam
692 943 800 980 Sansti
811 942 924 982 Procli
938 942 1003 992 jam
1015 941 1115 980 evecti
1125 940 1163 976 ad

279 992 395 1038 Reglae
417 993 574 1033 Civitatis
585 992 807 1032 Cathedram.
834 994 918 1032 Sunt
937 992 1108 1037 Apologia
1127 1002 1164 1026 ac

276 1043 470 1087 explanatio
492 1044 698 1082 concionum
722 1069 735 1086 ,
768 1054 847 1088 quas
868 1044 1003 1084 Sanetus
1029 1042 1165 1081 Procius

276 1103 353 1132 ante
376 1092 474 1132 istum
488 1092 724 1139 Episcopatum
739 1093 868 1128 dixerat
890 1095 925 1127 in
948 1091 1161 1129 Nestorium.

275 1143 322 1179 Et
347 1143 390 1182 fic
409 1143 619 1186 exploratum
642 1144 712 1183 est,
740 1143 832 1185 quod
855 1144 990 1178 sanstus
1015 1141 1168 1186 Cyrillus.

274 1193 332 1231 sua
342 1192 530 1231 orthodoxa
542 1193 583 1228 de
593 1193 731 1237 Spiritus
742 1192 849 1227 San-{ti
865 1192 1073 1229 Proceffione
1083 1191 1162 1238 dog-

274 1252 363 1278 mata
378 1242 566 1279 nullatenus
585 1244 817 1281 recantavetit.
850 1243 961 1279 Etiam
984 1244 1019 1279 in
1032 1243 1161 1279 Nicaeni

274 1291 426 1336 symboli
446 1318 457 1335 ‚
483 1294 592 1339 palam
619 1294 735 1339 scripta
769 1294 841 1343 post
865 1294 1083 1330 Ecclessarurn
1108 1305 1160 1339 pa-

273 1354 348 1378 cem
374 1367 386 1384 ,
411 1343 628 1387 Expofitione
654 1344 753 1382 habet
780 1358 788 1380 :
816 1347 949 1390 spiritus
976 1344 1105 1380 sandus
1124 1343 1160 1385 est

273 1396 364 1429 Patra·
384 1406 420 1432 ac
433 1396 510 1431 Filio
534 1394 814 1439 consubstantialis,
840 1395 1079 1439 &profunditur
1099 1399 1161 1439 qui·

271 1445 361 1484 dem,
383 1443 436 1488 seu
447 1447 604 1489 procedit,
625 1444 696 1488 ficut
716 1446 850 1488 asom,
875 1448 896 1480 ἃ
913 1449 976 1481 Deo
1000 1448 1160 1485 &Part-e,

270 1493 415 1530 tribuitur
436 1505 539 1532 autem
562 1506 709 1530 creaturae
724 1506 782 1538 per
807 1498 924 1529 Filium
947 1520 956 1528 .
995 1495 1160 1538 Adeoque

269 1543 304 1578 δε
318 1555 373 1587 per
394 1544 498 1588 ipsum
525 1546 675 1590 procedit
693 1570 701 1578 .
732 1547 893 1580 Attamen
912 1545 931 1579 a
949 1545 1022 1581 solo
1042 1543 1158 1584 Patre,

269 1593 457 1636 utaprimo
481 1597 596 1631 fonte.
623 1596 668 1631 Et
692 1595 733 1631 ad
747 1595 833 1630 hanc
844 1596 910 1631 Dei
920 1595 1027 1632 Patris
1049 1605 1159 1638 praero-

270 1643 418 1687 garivam
431 1642 680 1688 fignificandam
696 1669 706 1685 ‚
731 1646 851 1683 melius
863 1658 902 1682 ac
916 1645 1136 1690 profitendam
1148 1668 1159 1685 ‚

269 1692 465 1737 posteriores
478 1695 585 1730 Graeci
606 1695 712 1741 magis
735 1695 875 1739 probant
893 1694 981 1731 hanc
999 1694 1156 1743 phrasim:

266 1745 395 1786 spiritus
409 1745 539 1781 Sandis:
550 1747 570 1780 ἃ
586 1747 681 1781 Patre
687 1748 822 1788 procedit
828 1755 884 1790 per
899 1748 1013 1782 Filium
1025 1771 1033 1779 .

323 1793 472 1840 Qaessio
484 1795 530 1831 est
543 1818 555 1835 ‚
580 1795 662 1841 Qo
681 1795 901 1831 fundamento
922 1794 1159 1831 Theodoretus

265 1841 597 1881 bancorthodoxam
618 1845 908 1881 &sacrosanctam
931 1845 1024 1880 Beati
1038 1845 1159 1888 Cyrilli

271 1905 310 1928 ac
334 1893 438 1930 torius
452 1894 801 1931 Eeclefiaedoetrinam
814 1896 932 1931 scribat
954 1897 1016 1930 effe
1026 1894 1159 1939 blaspbv

266 1955 348 1981 marn
371 1946 406 1979 ό
419 1950 542 1987 mptum
556 1946 573 1979 ἓ
601 1944 703 1979 Ratio
714 1945 889 1979 dubitandi
912 1957 981 1980 non
995 1946 1041 1980 est
1055 1946 1157 1980 modi=

265 2004 305 2028 ca
320 2016 327 2024 .
356 1992 493 2028 Etenim
515 2003 634 2030 omnes
645 1994 833 2030 Graecorum
845 1994 957 2029 Patres
972 1996 1160 2031 constanter

270 2042 458 2078 docuerunt
474 2042 632 2089 Spiritum
654 2044 806 2078 Sanctum
822 2054 864 2078 ex
883 2043 981 2077 Patre
1000 2045 1035 2078 δε
1046 2045 1157 2084 Filio,

267 2103 324 2128 aut
347 2104 388 2127 ex
401 2092 499 2129 Patre
521 2091 693 2138 procedere
715 2104 771 2137 per
790 2092 932 2128 Filium.
961 2091 1091 2127 Primus
1101 2104 1156 2137 op·

267 2143 366 2187 positi
377 2142 493 2179 erroris
505 2144 581 2177 fons
589 2143 634 2177 est
646 2144 851 2178 facinorosus
862 2142 1064 2178 Theodorus
1077 2143 1156 2178 Mo·

267 2193 456 2237 psuessenus
477 2215 484 2225 -
514 2192 559 2226 Et
582 2191 670 2225 haud
701 2191 805 2226 dubie
824 2190 1061 2228 Theodoretus
1089 2192 1156 2228 haec

266 2243 548 2281 omnianoverat.
577 2240 812 2277 Nihilominus
832 2252 901 2275 non
912 2250 1040 2276 tantum
1051 2241 1086 2275 in
1099 2243 1159 2277 suo

267 2292 421 2329 adversus
448 2290 570 2335 Cyrilli
595 2291 752 2335 Capitula
783 2289 887 2326 Libro
908 2290 1030 2336 scripsit
1054 2291 1158 2333 talia,

269 2343 322 2378 sed
346 2344 446 2377 etiam
467 2341 569 2376 alibi.
597 2341 734 2376 Etenim
757 2341 792 2375 in
804 2342 924 2385 quinto
937 2341 1158 2390 Concilioex-

270 2394 332 2430 ssat
342 2393 411 2437 ejus
432 2392 474 2428 ad
488 2391 603 2437 Regiae
613 2391 770 2429 Civitatis
781 2391 972 2428 Monachos
985 2391 1133 2436 Epistola
1147 2416 1158 2433 ,

271 2445 343 2489 post
354 2443 459 2478 varias
472 2443 506 2479 in
519 2443 647 2487 praefata
658 2442 811 2487 Capitula
821 2442 1040 2478 contumelias
1047 2442 1159 2486 adjun-

271 2505 354 2540 gens
376 2493 447 2530 haec
467 2506 476 2529 ς
503 2495 630 2534 cyrillus
656 2492 844 2538 blasphemat
869 2494 903 2528 ό·
924 2495 1068 2537 sparnum
1087 2495 1159 2527 San-

273 2548 375 2584 aum,
399 2555 460 2580 non
481 2556 518 2579 ex
542 2547 637 2579 Patre
658 2543 755 2587 ipsum
774 2545 932 2586 procedere
954 2545 1056 2577 dicens
1081 2567 1092 2583 ‚
1117 2541 1160 2586 se-

274 2597 403 2630 cundum
416 2599 537 2629 Domini
557 2604 658 2629 vocem
675 2617 686 2633 ,
707 2591 768 2635 sed
784 2603 823 2625 ex
850 2594 929 2627 Filio
950 2594 1019 2636 effe.
1047 2596 1093 2626 Et
1113 2593 1162 2634 iste

273 2648 345 2681 verb
366 2647 541 2687 Apollinari}
556 2642 708 2687 feminum
726 2641 851 2684 frudus
878 2642 916 2683 est
939 2666 947 2673 .
973 2645 1161 2686 Propinquat

274 2698 310 2734 (vy,
330 2695 499 2732 Macedoni!
516 2694 660 2736 malignaer
676 2693 817 2727 culture..
846 2692 984 2727 Etenim
1005 2693 1159 2728 Macedo·

272 2745 350 2783 nius
372 2743 502 2781 admisit
525 2742 592 2778 Dei
605 2742 686 2777 Filii
705 2754 788 2777 cum>
803 2743 879 2777 Deo
901 2743 1002 2778 Patre
1022 2742 1160 2778 consub-

272 2794 462 2831 stantialem
485 2791 658 2829 Deitarem
679 2816 691 2833 ,
728 2793 886 2837 Spiritum
905 2793 987 2829 vero
1005 2794 1160 2829 Sanctum

275 2845 364 2885 dixit
379 2854 560 2881 ereaturam
572 2867 583 2885 ,
609 2842 753 2887 ideoque
764 2842 873 2886 ipsum
888 2854 929 2877 ex
950 2852 1090 2889 utroque
1105 2856 1160 2889 per

276 2895 483 2931 creationem
494 2892 684 2939 procedere.
712 2891 943 2937 Apollinarius
968 2896 1054 2930 inter
1065 2896 1162 2930 Divi-

277 2957 336 2980 nas
356 2946 516 2983 Personas
533 2943 642 2987 posuit
660 2943 779 2989 gradus
799 2966 812 2984 ,
845 2942 957 2978 dicens
982 2945 1162 2981 secundum

277 3008 319 3031 ex
346 2996 454 3040 primo
473 3019 485 3037 ,
511 2993 643 3031 tertium
669 2993 843 3039 procedere
861 3004 905 3029 ex
924 2994 1034 3039 primo
1057 2996 1093 3030 δε
1118 2997 1162 3031 se·

277 3046 410 3083 cundo«

330 3096 388 3136 Est
413 3096 517 3140 igitur
540 3107 607 3131 non
627 3094 760 3133 modica
774 3093 907 3139 questio
920 3118 931 3135 ‚
956 3095 1038 3141 Qo
1047 3095 1161 3131 funda-

279 3145 642 3182 mentaTheodoretus
650 3146 680 3180 se
690 3145 934 3190 praecipitave'tit
945 3143 979 3179 in
990 3153 1097 3180 tantas
1109 3158 1161 3190 pe·

280 3195 437 3229 tulantias
447 3207 484 3230 ac
495 3193 736 3240 blasphemias?
760 3194 960 3240 Respondeo
972 3194 1061 3229 aliud
1072 3195 1091 3229 a
1108 3207 1160 3232 me

280 3255 353 3280 non
363 3244 435 3280 fiiri
447 3245 698 3283 fundamentum
711 3271 722 3286 ,
747 3247 811 3282 nisi·
817 3245 1015 3290 pertinacem
1033 3245 1160 3290 impres-

282 3295 409 3330 sionem
429 3294 478 3328 illi
499 3296 617 3329 fastam
642 3295 660 3328 a
681 3296 930 3339 Mopsuestienfi
950 3294 1136 3332 Theodoro
1148 3322 1156 3331 .

282 3343 493 3383 Teodoretus
511 3344 602 3383 enim
624 3347 862 3384 contumaciter
882 3346 1034 3393 probavit
1046 3346 1158 3383 omnia

713 159 1058 205 Vnuronum
1094 154 1342 198 PATRUM
1379 153 1709 214 EPISTOLAE,

1238 233 1415 271 Theodori
1438 248 1547 280 praeter
1567 239 1782 285 blasphemias
1795 240 1830 277 iu
1844 241 1965 277 librum
1978 241 2040 287 Job
2052 266 2064 284 ‚
2089 241 2127 278 in

1239 286 1418 321 Canticum
1429 288 1668 328 Canticorum‚
1696 291 1732 324 in
1743 290 1890 327 Psalmos
1902 317 1913 334 ‚
1939 305 1976 328 ac
1996 295 2030 327 in
2043 293 2128 328 alios

1238 335 1436 379 Prophetas.
1464 338 1568 384 Qod
1600 337 1741 381 Spiritus
1760 342 1870 376 Sancti
1898 344 1916 377 ἐ
1936 343 2025 377 Filio
2046 344 2127 378 Pro·

1236 387 1412 423 ceffionem
1426 386 1600 424 crediderit
1610 389 1672 423 effe
1684 389 1702 423 a
1713 387 1916 426 Macedonio
1925 403 1980 428 aut
1996 392 2125 437 Apolli-

1236 438 1330 471 nario
1352 438 1529 475 inventum
1553 449 1696 474 errorem
1708 464 1719 480 ‚
1746 450 1915 482 nunquam
1934 444 2102 478 credidero
2114 469 2124 478 .

1237 488 1316 523 Erat
1339 489 1430 523 enim
1452 490 1573 533 peritus
1599 487 1780 524 Christiani
1791 490 1974 534 dogmatis.
2001 493 2124 529 Prima.

1236 538 1301 575 rius
1311 538 1693 584 Constantinopolitanae
1702 540 1830 584 Synodi
1850 540 1966 584 scopus
1987 543 2050 576 fuit
2067 544 2125 579 eli·

1235 588 1359 624 minare
1381 600 1485 625 novas
1515 590 1653 626 istorum
1674 588 1953 626 haerefiarcharum
1975 589 2125 634 blasphe-

1234 639 1335 674 mias:
1361 640 1551 676 Hincillaa
1562 640 1799 688 Mopsuesteno
1809 640 1994 677 Theodoro
2005 666 2017 683 ,
2041 641 2125 677 Dio

1234 689 1317 725 doro
1337 690 1513 726 Tharsenfi
1526 716 1537 732 ,
1564 702 1620 727 aut
1645 691 1755 726 nescio
1777 702 1845 736 quo
1864 691 1932 726 alio
1951 692 2096 735 persuasa
2112 717 2124 734 ,

1233 740 1358 776 censuit
1368 740 1553 786 longiffime
1577 741 1847 777 retrocedendum
1872 741 1914 776 ab
1933 741 2069 777 istorum
2079 753 2125 778 et·

1233 790 1298 825 iarn
1317 791 1451 833 syllabis
1465 815 1476 834 ‚
1499 793 1640 836 ideoque
1665 804 1707 827 ex
1730 793 1867 836 antiquo
1891 791 2124 837 Epiphaniano

1233 841 1255 875 S
1256 839 1394 883 ymbolo
1406 842 1568 886 expunxit
1579 843 1717 887 Spiritus
1728 844 1863 879 Sanetus
1875 842 2120 878 Proceffionem

1230 889 1368 932 eFilio,
1395 893 1429 928 &
1451 894 1509 927 suo
1531 892 1693 938 Symbolo
1718 892 1875 937 imposuit
1897 892 1982 928 solas
2003 904 2123 928 voces:

1231 943 1295 985 ,Qui
1316 945 1336 979 ὰ
1349 945 1441 979 Patre
1460 945 1611 986 procedit.
1639 944 1704 978 Eas
1715 942 1967 982 Theodoretus,
1994 944 2123 987 praeser·

1230 992 1290 1028 tim
1301 991 1342 1029 ad
1356 994 1475 1031 Sancto
1487 993 1617 1038 Cyrillo
1628 993 1922 1029 contradicendum
1943 992 2057 1027 acerbe
2066 994 2122 1027 in-

1230 1041 1434 1087 flammatus,
1459 1043 1586 1078 censuit
1600 1043 1843 1084 sancrosancta,
1853 1054 1950 1086 atque
1961 1043 2007 1076 ita
2018 1043 2122 1077 diver-

1230 1090 1275 1128 sas
1286 1091 1375 1127 illius
1385 1103 1484 1130 voces
1503 1092 1627 1129 studuit
1647 1093 1836 1136 persuadere
1858 1091 2062 1136 blasphemas
2084 1093 2121 1128 δε

1230 1142 1361 1185 impias.
1390 1141 1467 1186 Ego
1478 1142 1567 1177 aliud
1580 1143 1689 1178 nescio
1701 1165 1713 1186 ,
1738 1152 1867 1185 paratus
1884 1142 1995 1176 doceri
2006 1142 2120 1178 melio-

1230 1202 1280 1226 ra.
1311 1190 1447 1226 Interim
1469 1191 1559 1236 quod
1573 1190 1936 1236 Constantinopolitani
1948 1190 2060 1226 Patres
2082 1192 2120 1226 iu

1231 1242 1290 1276 isto
1300 1241 1358 1276 suo
1370 1241 1574 1286 compendio
1593 1243 1676 1277 resta
1689 1241 1847 1280 senserint
1863 1241 1897 1276 δε
1909 1241 1973 1276 Dei
1984 1242 2121 1276 activam

1228 1291 1437 1336 spirationem
1459 1292 1646 1328 nullatenus
1666 1292 1831 1331 voluerint
1851 1291 2048 1332 excludere,
2072 1290 2121 1326 est

1228 1342 1329 1389 longe
1339 1342 1561 1378 certiffimum.
1587 1342 1789 1378 Notandum
1800 1343 1878 1377 item
1890 1342 2038 1386 est,quod
2046 1351 2122 1376 om·

1228 1404 1285 1431 nes
1297 1394 1483 1429 Graecorum
1494 1393 1608 1428 Patres
1619 1415 1631 1432 ,
1654 1393 1712 1437 qui
1724 1391 1833 1426 Sancti
1845 1390 1967 1433 Cyrilli
1984 1389 2121 1434 Capitu-

1228 1443 1257 1478 la
1271 1442 1489 1481 defenderunt
1498 1466 1510 1483 ,
1532 1443 1634 1479 etiam
1646 1443 1774 1486 profem
1786 1442 1850 1477 fint
1859 1440 2018 1484 Spiritum
2040 1440 2121 1475 Sau-

1226 1495 1312 1529 stum
1329 1492 1504 1538 procedere
1528 1504 1570 1528 ex
1581 1493 1687 1528 Filio.
1714 1492 1758 1526 Et
1774 1491 1828 1526 isti
1838 1489 2119 1527 Defensoresfiwo

1226 1555 1303 1577 runt
1319 1544 1630 1580 cunetiGraecorum
1651 1542 1826 1587 Episcopi.
1852 1542 1960 1576 Lucet
1981 1552 2024 1576 ex
2037 1540 2119 1577 asti:

1226 1592 1641 1640 ChalcedonenfisSynodi
1656 1615 1668 1636 ,
1678 1602 1719 1629 ex
1732 1592 1852 1639 quinto
1864 1590 2025 1626 Concilio
2038 1613 2052 1633 ‚
2075 1601 2116 1626 ae

1224 1655 1265 1679 ex
1286 1642 1400 1678 multis
1421 1643 1510 1679 aliis.

1274 1693 1409 1729 Aduexi
1426 1692 1553 1729 Scholii
1562 1691 1696 1728 Author
1708 1693 1776 1726 fine
1787 1690 2008 1728 fimdamento
2019 1689 2118 1726 dubi·

1227 1754 1274 1779 rat
1288 1768 1299 1785 ,
1324 1756 1365 1778 an
1378 1744 1512 1788 praesens
1522 1741 1658 1787 epistola
1667 1742 1704 1775 fit
1716 1741 1870 1777 veraciter
1881 1740 2093 1777 Theodoreti
2102 1765 2112 1775 .

1224 1793 1328 1842 Qod
1338 1794 1396 1834 fit,
1422 1794 1468 1828 est
1481 1792 1581 1838 longe
1589 1791 1799 1828 certiffitnum
1813 1816 1821 1825 .
1850 1791 1987 1827 Etenim
1999 1789 2117 1826 Theo·

1225 1844 1358 1879 doretus
1377 1844 1413 1879 &
1434 1842 1667 1888 pacificatorias
1685 1842 1795 1878 Sansti
1824 1841 1947 1885 Cyrilli
1969 1841 2117 1882 litteus,

1225 1895 1258 1929 δε
1270 1905 1428 1929 contenta
1442 1895 1476 1929 in
1501 1893 1574 1938 ipfis
1586 1891 1743 1939 dogmata
1755 1917 1768 1935 2
1792 1891 1828 1926 δε
1839 1889 2042 1926 Maximiani
2052 1891 2116 1925 Oe·

1224 1945 1432 1980 dinationem
1443 1969 1454 1986 ,
1467 1944 1608 1987 denique
1619 1954 1736 1978 omnes
1744 1943 1833 1987 pacis
1842 1941 1999 1987 articulos
2006 1950 2117 1985 prom-

1225 1993 1278 2036 pte
1304 1995 1434 2030 admisit
1459 2019 1471 2036 ‚
1506 2004 1619 2039 praeter
1643 1992 1791 2029 Nestorii
1824 1989 2116 2037 degradationem.

1225 2044 1326 2077 Hanc
1341 2044 1485 2086 profiteri
1497 2044 1702 2087 legitimam,
1729 2054 1768 2078 ac
1789 2042 1962 2085 praesertim
1981 2039 2117 2077 anathe-

1225 2092 1380 2127 matizare
1389 2091 1457 2135 ejus
1466 2090 1623 2136 dogmata
1634 2115 1645 2132 ,
1670 2090 1922 2134 pertinaciffime
1931 2090 2093 2125 recusavit
2103 2111 2114 2122 .

1226 2141 1270 2174 Et
1281 2142 1327 2177 ita
1338 2141 1476 2176 incurrit
1483 2140 1651 2185 utriusque
1662 2139 1762 2185 partis
1773 2138 1905 2174 aculeos
1913 2165 1922 2173 .
1950 2140 2113 2183 Joannem

1225 2190 1467 2232 Patriarcham,
1493 2191 1655 2230 &omnes
1673 2189 1706 2224 ei
1717 2187 1915 2224 adhaerentes
1932 2188 2114 2233 Episcopos

1225 2240 1366 2275 offendit
1387 2248 1518 2284 propter
1539 2238 1796 2281 recusationem3
1822 2237 1987 2273 Admiffio
1997 2238 2116 2274 atroci·

1226 2300 1275 2325 ter
1285 2289 1467 2325 momordit
1477 2288 1704 2324 Alexandrum
1719 2288 1971 2332 Metropolitam
1981 2312 1993 2330 ,
2019 2288 2114 2323 alios-

1226 2352 1289 2385 que
1298 2341 1406 2385 plures
1418 2365 1429 2382 ,
1453 2338 1673 2384 acvpraesertim
1682 2338 1786 2382 ipfirm
1798 2337 1992 2374 Nestorium
2005 2362 2014 2372 .
2039 2338 2112 2373 Hie

1226 2391 1317 2426 enim
1339 2401 1421 2425 tunc
1439 2390 1481 2425 ad
1492 2387 1747 2424 Theodoretum
1756 2388 1875 2431 scripsit
1886 2387 2112 2431 lachrymosas

1228 2441 1348 2477 litteras
1357 2464 1369 2481 ,
1393 2439 1435 2476 ad
1445 2451 1524 2485 quas
1533 2440 1655 2484 recepit
1666 2438 1856 2483 responsum
1868 2462 1879 2479 ,
1903 2437 1996 2484 quod
2008 2437 2112 2473 exstat

1228 2492 1263 2527 in
1285 2491 1402 2537 quinta
1423 2489 1583 2534 Synodo,
1609 2490 1645 2524 δε
1664 2488 1884 2535 quodexalia
1895 2487 2110 2525 translatione

1227 2540 1406 2578 adducetur
1430 2540 1582 2577 inferius.

1877 3392 2056 3431 'CAPUT
