2320 3730
352 180 454 240 '132
646 216 649 217 γ
701 180 1036 226 Vnutonum
1071 179 1318 225 Paruum
1353 177 1709 238 liptsrovfflz,>

286 264 488 306 prosecutus.
517 259 626 303 Lydia
638 263 728 297 enim
738 273 805 298 erat
814 263 956 298 Asiatica
971 260 1163 296 Provincia.
1226 256 1261 292 hi
1274 259 1407 302 quidem
1420 261 1568 304 videtur,
1595 264 1685 308 quod
1697 263 1733 298 in
1749 264 2042 311 Constantinopoli
2062 269 2113 302 sn·
2152 309 2154 311 ¹

283 313 437 359 Quo,
464 312 553 356 quod
571 311 633 347 isto
646 323 792 358 tempore
804 314 1030 348 Candidianus
1041 310 1164 343 Comes
1225 309 1362 352 scipiens
1375 310 1519 350 litteras,
1544 322 1624 354 quas
1637 316 1834 358 nuncusque
1844 317 2015 358 sustinuit,
2041 329 2113 352 eru,

282 361 425 396 necdum
435 362 533 406 plene
544 363 620 398 effct
631 374 724 398 extra
748 363 911 406 PrIncipis
924 361 1076 406 gratiam.
1107 358 1162 394 Et·
1224 360 1316 403 pisiet
1330 373 1340 392 .-
1370 360 1412 393 Et
1425 359 1626 402 impietatem
1640 383 1651 400 ‚
1678 372 1776 408 quam
1786 365 1869 400 olim
1889 377 2082 412 conceperat
2096 392 2109 408 ,

279 412 369 446 enim
390 412 575 456 Episcopus
599 413 735 455 lrenaeus
759 413 863 456 ipsum
884 409 1064 446 obtestatur
1089 433 1101 450 ‚
1125 418 1162 444 ut
1222 408 1393 446 clarissime
1422 410 1591 454 peperisset
1611 435 1619 441 .
1659 409 1769 446 Nobis
1796 414 1873 448 vero
1895 426 2005 452 tutum
2029 418 2110 451 ficut

278 462 430 497 adversus
452 461 519 497 haec
543 463 629 498 mala
651 463 736 506 apud
749 462 879 506 Imperii
894 458 1074 494 Potestates
1094 471 1161 501 por·
1222 457 1383 502 arbitror,
1409 470 1478 498 non
1497 460 1545 498 est
1557 484 1568 502 ‚
1592 470 1631 500 ut
1651 458 1692 499 de
1710 459 1831 498 ‚talibus
1851 464 1984 508 ulterius
2007 477 2110 503 tacea-

277 513 362 558 rigat
373 524 432 557 pro
453 523 553 547 manu
566 513 712 556 linguam
726 538 735 554 ‚
763 521 860 556 atque
884 511 928 543 ita
939 519 1028 544 curet
1039 509 1160 544 restitui
1225 521 1316 553 mus.

277 562 539 607 ‘theophanium
571 575 578 594 :
617 563 662 597 Et
683 562 836 606 extingui
862 558 946 593 male
972 559 1159 597 succensam

277 613 445 648 flammam
470 612 564 655 hujus
588 612 838 656 persecutionis.
868 608 957 642 Dico
976 609 1159 644 Candidia-

274 675 355 704 num
380 661 475 707 plene
501 662 640 697 necdum
665 662 758 695 fuisse
780 669 871 692 extra
897 658 1062 703 Principis
1089 672 1159 705 gra·

271 715 380 748 tiam.
409 713 544 754 Etenim
568 711 766 748 diminutam
791 708 841 751 illi
867 708 960 744 fuisse
983 709 1068 745 hanc
1089 707 1156 756 gra·

269 764 353 806 tiam
375 757 512 801 suadet,
538 761 626 804 quod
650 759 789 794 Itenaeus
813 759 918 801 ipsum
944 771 1061 804 roget,
1087 772 1156 796 non

1410 667 1916 720 ScuoLIQN.

271 813 357 856 apud
369 811 557 854 Principem
579 818 698 853 agere,
723 807 778 843 sed
800 807 886 853 apud
909 811 995 845 solos
1007 810 1075 854 ejus
1089 811 1155 845 Mi.

270 862 406 900 nistros.
433 857 590 893 Notanda
615 860 689 894 sunt
712 857 824 893 &haec
852 859 967 894 verba:
995 863 1154 905 ,Quia'ad-

270 910 431 954 vers-'amini
453 930 464 947 ‚
489 909 523 941 cb·
546 908 645 950 odistis
666 920 713 943 eos
736 935 744 942 .
770 909 1011 946 Demonstrant
1034 912 1155 948 Candi-

267 962 402 995 dianum
412 967 495 1004 tunc
506 958 614 998 adhuc
626 959 797 1004 perstitisse
816 960 851 997 in
867 960 921 999 sua
936 961 1081 1015 nequitia
1094 988 1102 996 .
1115 962 1117 968 ’

458 1281 713 1342 CAPUT
748 1283 913 1340 XLIII.
985 1300 1141 1347 .-.——13.1

254 1468 429 1535 ,Epistola
483 1468 633 1534 fimffae
691 1477 873 1522 memoria
930 1471 1149 1522 Venerabilis

252 1523 255 1525 ι
289 1539 291 1543 ’
322 1538 480 1587 Andreae
513 1575 527 1601 ,
562 1536 745 1608 Episcopi
778 1546 809 1588 S
810 1541 987 1609 amofittae
1035 1549 1147 1597 Civi-

322 1612 414 1654 tatis
443 1642 456 1673 2
501 1608 553 1654 ad
587 1609 854 1657 Alexandrum
891 1618 970 1681 Epi
990 1630 1148 1683 coptam-2

323 1676 657 1745 Hierapolitanum
691 1716 704 1739 ,
748 1679 790 1732 de
821 1682 1004 1740 ‚Rabbula
1050 1690 1147 1753 Epi..

311 1746 431 1815 scopo
465 1745 635 1812 Edcffino
669 1785 682 1809 ,
718 1755 781 1815 qui
804 1749 851 1817 [ἑ
887 1754 937 1800 ab
972 1759 1146 1804 Orienta-

321 1816 351 1876 li
387 1817 532 1892 Symdo
554 1816 792 1896 separa-trit,

254 2009 378 2097 HI
409 2013 467 2055 qui
493 2024 552 2056 pro
574 2015 654 2049 resia
678 2013 741 2050 fide
754 2015 922 2056 laborant,
948 2019 1143 2063 scripserunt

387 2061 473 2099 mihi
489 2063 530 2098 ab
553 2063 688 2105 Edessa,
717 2067 793 2108 quia
815 2066 984 2101 Rabbulas
996 2069 1142 2111 apertissi-

252 2111 304 2145 me
315 2112 493 2147 declinavit
515 2114 770 2159 aDogmatibus
796 2116 941 2150 veritatis
955 2142 966 2157 ,
992 2119 1028 2152 δε
1046 2121 1142 2162 perse·

253 2163 364 2205 quitur
377 2162 460 2197 relic
472 2162 548 2197 fidei
562 2165 775 2199 Defensores.
803 2166 851 2200 lta
863 2176 899 2200 ut
921 2166 1144 2203 Theodorum

253 2211 386 2255 quidem
402 2214 540 2247 Beatum
556 2216 643 2248 restae
656 2214 922 2250 Glorificationis
944 2216 1142 2263 Magistrum

253 2262 454 2305 praesumeret
464 2262 737 2298 anathematizare
757 2266 790 2298 in
804 2264 945 2300 Ecclesia
957 2291 967 2306 ,
992 2269 1027 2302 ἃ.
1040 2270 1142 2304 multa

252 2313 338 2346 mala
361 2323 478 2348 contra
501 2324 578 2348 eum
598 2314 813 2349 diffunderet.
841 2314 1143 2354 Anathematizaret

251 2362 329 2396 vero*
356 2363 498 2404 &illos,
525 2363 655 2407 quiea,
683 2375 751 2409 quae
772 2365 862 2400 illius
882 2367 981 2407 sunt,
1008 2368 1141 2412 legunt.

250 2412 385 2457 Insuper
409 2414 442 2447 &
456 2414 512 2458 qui
527 2414 583 2447 illa
595 2438 606 2454 ,
632 2426 704 2458 quae
717 2414 911 2458 scripsimus.
940 2416 984 2450 Et
998 2419 1143 2459 quicum·

248 2473 310 2506 que
331 2464 467 2497 veniunt
488 2487 498 2503 ‚
524 2464 558 2497 δε
571 2475 640 2498 non
654 2464 858 2508 portaverint
881 2464 924 2499 ad
942 2466 1142 2503 combustio-

249 2524 325 2546 nem
337 2512 515 2548 Theodori
527 2513 691 2548 codicem
703 2538 710 2546 .
740 2514 783 2548 Et
795 2526 851 2548 eos
865 2515 922 2557 qui
937 2527 1049 2559 praeter
1063 2518 1119 2552 illa
1131 2545 1141 2560 ‚

250 2575 319 2607 quae
342 2563 463 2605 Cyrilli
486 2564 561 2597 sunt
587 2588 597 2603 ,
622 2565 752 2606 sapiunt
776 2586 783 2594 -
812 2565 947 2597 Dicitur
967 2575 1074 2600 autem
1105 2569 1139 2602 ὅ(

249 2612 440 2656 praedicare,
466 2611 556 2656 quod
579 2623 644 2645 una
664 2613 792 2646 tanturn
806 2621 918 2646 natura
939 2613 1109 2649 sitChristi
1128 2643 1134 2650 .

251 2663 297 2696 Et
309 2663 472 2705 expellere
481 2661 588 2695 valide
599 2660 659 2696 hos
670 2686 681 2701 ‚
707 2662 765 2706 qui
776 2660 899 2705 aliquid
909 2663 998 2698 aliud
1011 2666 1137 2700 dicunt.

252 2711 420 2754 Superflue
444 2711 544 2756 igitur
558 2735 570 2752 ‚
595 2721 632 2745 ut
655 2722 808 2756 apparet,
836 2713 1005 2748 Dominos
1015 2717 1138 2749 consin-

252 2762 385 2806 gimus,
412 2762 468 2805 qui
481 2772 535 2805 per
545 2761 803 2796 taciturnitatem
830 2763 1015 2806 proditores
1026 2767 1139 2800 verita-

253 2813 296 2845 tis
308 2812 467 2846 efficimur
478 2837 485 2844 .
514 2813 558 2847 Et
574 2812 728 2846 festivitas
741 2812 873 2856 quidem
886 2838 895 2852 ,
923 2825 994 2857 quae
1014 2815 1136 2849 sistitin

251 2861 359 2906 januis
371 2885 382 2902 ‚
410 2874 500 2897 nunc
510 2863 688 2897 convenire
701 2874 761 2897 nos
775 2862 925 2907 prohibet
937 2888 944 2895 .
973 2864 1074 2909 Rogo
1089 2877 1141 2900 ve-

252 2911 314 2953 ro,
340 2923 377 2947 ut
397 2910 480 2947 mihi
498 2923 554 2947 tua
567 2912 716 2948 Probitas
739 2913 864 2947 indicet
878 2937 889 2953 ,
915 2925 985 2957 quae
1006 2926 1137 2958 oportet

252 2962 358 2996 dicere
371 2963 422 2997 vel
433 2974 528 3008 agere
539 2964 630 3007 super
642 2962 693 2997 his
705 2988 716 3004 ‚
744 2964 778 2997 ἀ
791 2964 974 3006 priusquam
987 2975 1048 2998 nos
1061 2977 1139 2999 con-

255 3013 363 3046 venire
384 3014 577 3059 contingat.
606 3014 719 3048 Amici
740 3012 838 3054 vero,
866 3013 922 3056 qui
947 3015 1137 3057 persecutio-

256 3073 331 3096 nem
342 3063 519 3105 sustinent,
546 3064 749 3109 interrogant
761 3074 842 3104 nos,
868 3063 889 3095 sr
910 3073 1061 3106 oporteat
1071 3065 1136 3107 jam

257 3111 437 3147 scissionem
448 3114 540 3155 fieri,
566 3114 601 3148 δε
623 3112 752 3148 ostendi
764 3113 936 3147 fiduciam:
964 3114 1054 3160 Qia
1078 3116 1137 3148 cir-

256 3171 295 3193 ea
311 3171 346 3193 ea
357 3164 527 3198 confilium
550 3163 689 3197 minime
699 3163 734 3198 id
759 3174 848 3197 nunc
860 3163 959 3206 usque
969 3164 1115 3199 fecerunt
1129 3191 1136 3198 .

259 3207 351 3241 Mihi
363 3221 468 3245 autem
485 3212 676 3247 rationabile
686 3214 835 3254 videtur,
863 3222 899 3246 ut
910 3212 965 3254 qui
979 3214 1137 3249 fiduciali-

260 3268 308 3293 ter
318 3258 418 3301 impie
429 3260 515 3303 agit,
541 3263 575 3296 δι
586 3272 700 3296 omnes
709 3262 869 3307 abjuravit
879 3263 1066 3297 Orientales
1079 3289 1089 3303 ,
1102 3265 1136 3299 ἀ

259 3317 443 3342 noscentra
463 3309 632 3344 eumclare
653 3322 852 3355 pugnemus.
879 3313 913 3346 si
936 3312 1012 3346 vero
1035 3316 1136 3349 essent

260 3355 392 3410 quidam
402 3357 522 3405 form,
547 3358 580 3395 &
592 3359 674 3395 illud
685 3361 774 3400 aliud
785 3363 855 3398 fieri
863 3361 991 3402 debuit.
1019 3363 1063 3398 Et
1075 3366 1135 3399 mi-

1219 809 1418 896 HUjus
1440 813 1595 857 Epistolae
1616 817 1759 854 radicem
1778 818 2107 863 exponitinBtevia·

1352 864 1401 898 rio
1409 862 1581 900 Liberatus
1589 864 1897 912 Carthaginensium
1911 868 2113 904 Archi-Dia-

1217 923 1320 948 conus
1330 927 1341 947 .-
1368 912 1499 954 Nesloru
1509 918 1529 948 5
1529 915 1670 951 creatores
1681 920 1819 952 videntes
1832 920 1922 952 libros
1934 920 2016 953 illius
2030 915 2108 962 blas·

1214 961 1336 1004 phemos
1348 975 1407 1000 non
1417 965 1493 1008 pff·
1509 965 1642 1008 prfferrt
1655 973 1689 1001 in
1695 968 1848 1009 publicum
1859 993 1870 1009 ‚
1895 970 2006 1012 eaquod
2025 972 2111 1008 synod

1217 1014 1254 1046 do
1275 1013 1425 1056 prefina
1448 1016 1727 1052 anathematizante
1744 1018 1871 1059 fuerant
1892 1020 2106 1059 condemnati,

1217 1063 1252 1096 6·
1263 1066 1416 1106 Imperial!
1423 1064 1486 1108 lege
1491 1066 1790 1109 prohibitumfuerat
1799 1094 1810 1110 ‚
1838 1079 1874 1101 ne
1886 1075 1954 1110 quis
1971 1079 2019 1102 eos
2033 1070 2112 1113 lege*

1215 1121 1247 1147 re.
1270 1114 1391 1149 auderet
1416 1123 1469 1149 aut
1491 1116 1650 1156 defendere
1675 1140 1687 1156 ,
1712 1127 1782 1151 tunc
1806 1127 1956 1160 coeperunt
1979 1119 2106 1152 Diodori

1219 1160 1386 1205 Tharsenfis
1398 1187 1413 1205 ,
1435 1164 1470 1197 ό*
1482 1164 1626 1199 Theodori
1639 1165 1847 1208 Mopsuestenae
1870 1172 2007 1201 civitatis
2030 1171 2109 1209 Epi-

1210 1211 1291 1254 scopi
1303 1236 1314 1252 ‚
1342 1215 1376 1247 (a
1397 1214 1523 1249 aliorum
1547 1213 1761 1258 Episcoporum
1773 1241 1785 1257 ,
1811 1223 1861 1259 qui
1882 1227 1984 1251 contra
2005 1220 2108 1258 Euno-v

1214 1264 1307 1294 mium
1333 1263 1598 1305 &Apollinarem‚
1624 1270 1712 1299 unius
1726 1275 1845 1300 naturae
1867 1269 2042 1309 Affirrores,
2069 1268 2108 1301 li·

1219 1311 1285 1349 bror
1296 1310 1534 1354 composuerant,
1564 1315 1641 1349 duas
1651 1319 1685 1349 in
1696 1313 1810 1355 Christo
1821 1316 2001 1357 ostendentes
2015 1326 2106 1350 natu-

1214 1368 1309 1394 rasin
1318 1372 1378 1393 una
1388 1361 1516 1404 persiana
1528 1387 1539 1403 ‚
1564 1365 1646 1405 quod
1655 1364 1810 1404 Nestorius
1825 1364 1865 1406 fic
1877 1378 1936 1399 non
1957 1368 2077 1400 dixerat
2093 1390 2106 1409 ,-

1213 1410 1401 1452 circumferre
1414 1412 1568 1445 volumina
1582 1437 1592 1452 ,
1618 1413 1869 1455 &fimpllciffimos
1881 1414 2007 1457 quosque
2030 1417 2106 1450 dect-

1209 1469 1281 1503 pere
1300 1466 1449 1503 cupientes
1462 1487 1472 1502 ,
1486 1460 1612 1503 ajebant
1624 1475 1683 1496 non
1691 1463 1820 1507 sapusffe
1832 1475 1912 1498 nova
1924 1464 2105 1506 Nestorium,

1209 1509 1265 1554 sed
1275 1517 1464 1555 antiquorum
1477 1514 1605 1553 Parrum
1613 1511 1894 1559 prosecutumfutffi·
1914 1514 2101 1555 amanam·

1213 1565 1260 1595 Et
1274 1567 1306 1595 in
1317 1573 1349 1597 eo
1361 1571 1480 1596 tantum
1485 1561 1578 1603 studit
1582 1563 1731 1607 gesserunt
1741 1588 1752 1605 ‚
1777 1573 1811 1598 ut
1830 1564 1896 1609 ipsa
1908 1576 2004 1598 eorum
2021 1567 2104 1599 volu·

1212 1618 1295 1644 mina
1315 1614 1464 1646 malitiose
1474 1618 1507 1646 in
1519 1615 1650 1652 Syrorum
1661 1616 1795 1658 linguam
1804 1640 1814 1655 ‚
1842 1617 1876 1649 &⁶
1888 1620 2102 1657 Armeniorum,

1212 1670 1302 1711 atque
1325 1661 1483 1705 Persarum
1504 1663 1728 1705 transferrent.
1758 1664 1817 1703 §ed
1835 1664 1897 1705 hac
1908 1664 1958 1698 ubi
1977 1677 2104 1709 agnove-

1212 1720 1283 1747 runt
1295 1716 1412 1745 Aeacius
1427 1713 1617 1755 Melitinenfis
1632 1739 1642 1754 ‚
1669 1716 1703 1748 (9
1716 1714 1870 1747 Rabbulas
1893 1715 2047 1757 Edeffenae
2062 1722 2103 1748 ct-

1214 1768 1324 1795 w'tatis
1338 1761 1504 1805 Epistopus
1518 1788 1527 1803 ‚
1548 1762 1730 1807 scripserunt
1755 1769 1902 1798 Armenia-
1920 1763 2077 1808 Episcopis
2089 1789 2101 1806 ,

1213 1823 1249 1844 ne
1260 1812 1403 1845 Theodori
1416 1811 1606 1854 Mopsuestem'
1618 1814 1707 1847 libros
1714 1812 1896 1856 susciperent
1909 1836 1919 1853 ,
1942 1822 2100 1857 tamquam

1212 1860 1364 1906 haertti'ct,
1392 1863 1427 1904 Ψ
1440 1860 1580 1902 Autboris
1591 1863 1738 1906 dogmatis
1763 1863 1967 1903 Nestorian1,-
1987 1863 2101 1906 infimu-

1217 1911 1349 1944 lantibus
1375 1910 1532 1954 Episcopi:
1557 1913 1671 1945 Cilictae
1695 1910 1868 1945 Rabbulam
1891 1913 2104 1953 &Acaciumt

1209 1963 1288 2004 quod
1299 1960 1350 1995 boc
1361 1972 1418 1996 non
1430 1973 1468 1996 ex
1480 1960 1630 1996 charitate
1639 1986 1651 2004 ‚
1671 1961 1733 2005 sed
1748 1974 1787 1996 ex
1808 1965 1997 1998 ‘emulatione
2009 1962 2099 2007 fecls-

1203 2011 1294 2055 sent.

1260 2061 1432 2099 Liberatus
1444 2073 1512 2098 non
1537 2062 1620 2099 vidit
1632 2061 1690 2099 has
1701 2061 1882 2109 Epistolas.
1909 2061 2044 2098 Etenim
2053 2064 2100 2098 as-

1210 2112 1318 2147 firmat
1331 2112 1494 2147 Acacium
1521 2111 1555 2148 ὃς
1567 2111 1754 2148 Rabbulam
1766 2114 1917 2156 scripsisse
1929 2138 1940 2154 ‚
1969 2114 2022 2147 seu
2042 2115 2099 2148 sua

1211 2162 1380 2207 Synodica
1401 2164 1542 2197 Decreta
1553 2164 1762 2203 transmisisse
1777 2164 1818 2198 ad
1832 2163 1918 2198 solos
1931 2163 2098 2198 Armenia:

1208 2214 1397 2257 Episcopos.
1427 2213 1510 2247 Item
1523 2213 1611 2248 solos
1619 2213 1742 2247 Cilicas
1752 2213 1956 2247 insurrexisse
1966 2215 2002 2246 in
2010 2211 2099 2248 Rab-

1209 2263 1338 2298 bulam.
1367 2262 1417 2297 At
1431 2263 1507 2297 vero
1518 2275 1559 2298 ex
1571 2261 1660 2298 hisce
1682 2262 1797 2310 litteris
1808 2263 1914 2303 lucet,
1941 2263 2031 2304 quod
2050 2272 2099 2298 et-

1210 2315 1276 2347 iam
1291 2311 1516 2356 Euphratem,
1543 2312 1648 2347 immo
1672 2313 1785 2361 &ipse
1795 2310 2027 2346 Antiochenus
2045 2313 2098 2355 19-

1208 2375 1310 2398 annes
1322 2364 1431 2398 statim
1445 2363 1677 2398 insurrexerint
1691 2387 1698 2394 .
1726 2362 1810 2397 Item
1819 2361 1909 2406 quod
1919 2363 2019 2397 etiam
2039 2373 2097 2406 per

1207 2414 1379 2448 Orientem
1403 2412 1454 2446 isti
1466 2413 1690 2447 Damnatores
1711 2413 1767 2446 sua
1785 2413 1926 2447 Decreta
1946 2411 2098 2457 divulga-

1208 2464 1313 2498 verint
1326 2487 1333 2495 .
1362 2460 1517 2505 Ejusdem
1529 2462 1575 2496 rei
1586 2461 1741 2497 meminit
1752 2459 1911 2495 Rabbulae
1922 2461 1958 2496 iu
1972 2461 2099 2497 Edesse-

1208 2525 1283 2547 nam
1298 2511 1473 2546 Ecclesiam
1489 2513 1660 2555 proximus
1669 2511 1835 2546 Successor
1845 2511 1917 2545 Ibas
1937 2511 1974 2547 in
1994 2511 2099 2548 famo-

1207 2564 1237 2596 sa
1249 2562 1397 2605 Epistola
1419 2561 1459 2594 ad
1473 2561 1596 2594 Marini
1607 2560 1742 2594 Persidis
1768 2561 1967 2603 Episcopum
1992 2573 2095 2606 agens

1209 2611 1249 2645 de
1261 2611 1474 2644 Ecclefiarum
1486 2609 1557 2652 post
1571 2607 1769 2652 Ephesinam
1779 2608 1951 2651 Synodum
1962 2612 2093 2646 Discor-

1210 2660 1274 2694 diis
1285 2673 1295 2693 .·
1323 2659 1416 2691 Multi
1439 2666 1509 2692 ante
1521 2659 1610 2691 oculos
1632 2670 1690 2692 non
1702 2657 1847 2693 babentes
1867 2662 1925 2693 Dei
1934 2664 2070 2694 timorem
2080 2685 2093 2701 ,

1207 2708 1344 2751 occafione
1366 2707 1632 2750 EcclefiasticiZeli
1655 2713 1864 2749 imminuam,
1891 2721 1982 2751 quam
2002 2713 2091 2745 occul-

1205 2767 1269 2792 tam
1282 2766 1315 2792 in
1325 2758 1456 2792 cordibus
1480 2758 1543 2802 sus‘s
1557 2758 1724 2792 habuerant
1734 2782 1747 2799 ,
1772 2762 1819 2792 ad
1835 2759 1966 2799 effec‘lu'm
1980 2762 2090 2802 perdu-

1204 2821 1265 2843 cere
1269 2808 1472 2850 festinabant.
1500 2811 1554 2842 Ex
1567 2809 1672 2851 quibus
1684 2819 1763 2842 unus
1786 2809 1883 2849 existit
1913 2808 2016 2849 nfflrae
2038 2813 2090 2851 TJ·

1202 2870 1316 2893 rannus
1338 2863 1474 2893 civitatis
1487 2884 1498 2900 ,
1523 2870 1607 2901 quem
1634 2860 1668 2893 (5
1695 2857 1756 2902 ipse
1774 2870 1831 2892 non
1856 2865 1993 2904 ignoras:
2019 2863 2087 2904 ,ραι

1204 2907 1415 2951 occafienefidei
1426 2919 1483 2942 non
1490 2907 1584 2952 solum
1599 2915 1740 2944 viventes
1759 2914 1871 2951 punit,
1893 2908 1954 2952 sed
1977 2910 2012 2943 Θ·
2030 2910 2084 2942 bor

1201 2965 1291 2994 etlam
1300 2959 1432 3002 quiolim
1453 2962 1497 2993 ad
1507 2963 1668 2993 Dominum
1689 2964 1915 3004 msgraverunt.
1947 2961 2084 3003 ,Quorum

1199 3021 1276 3044 unus
1295 3009 1333 3049 est
1357 3011 1471 3043 Beatus
1496 3009 1668 3044 <Theodorus
1681 3033 1691 3049 ,
1719 3014 1859 3043 veritatis
1875 3011 2060 3047 Praedicator
2074 3034 2086 3051 ‚

1199 3061 1233 3094 δ’
1245 3059 1351 3096 Βοὸἵον
1363 3058 1496 3103 Ecclefiae
1508 3084 1515 3092 .
1547 3065 1630 3093 Hunc
1640 3058 1730 3102 ausus
1741 3058 1778 3098 est
1790 3083 1801 3100 ‚
1827 3065 1879 3101 qui
1890 3065 1989 3093 omnia
2001 3068 2091 3102 praem

1193 3108 1285 3154 sumit
1310 3134 1320 3150 ,
1345 3109 1424 3143 clare
1443 3121 1541 3143 coram
1565 3109 1688 3151 Ecclesia
1711 3108 1970 3144 anathematizare
1993 3133 2001 3142 .
2023 3109 2083 3146 <Ex

1198 3160 1317 3203 quibus
1337 3160 1423 3196 lucet
1444 3159 1632 3194 Rabbulam
1657 3185 1668 3201 ,
1695 3159 1774 3194 dum
1797 3159 1991 3195 scribebatur
2012 3158 2081 3198 haee

1200 3210 1348 3253 Epistola
1371 3234 1383 3250 ,
1409 3209 1517 3246 adhuc
1541 3209 1654 3243 vixisse
1677 3224 1688 3245 ,ν
1715 3209 1896 3254 Epistolam
1921 3210 1985 3244 esse
2004 3209 2082 3243 scrin

1197 3271 1287 3303 ptam
1312 3259 1420 3293 statim
1439 3258 1654 3307 post-distum
1676 3257 1862 3294 Theodoro
1886 3256 2075 3297 anathema,

1198 3310 1241 3343 Et
1255 3308 1322 3343 haec
1334 3308 1429 3342 verba
1438 3333 1449 3349 ,
1474 3310 1540 3351 ‚Qui
1551 3320 1608 3342 non
1617 3308 1711 3353 solum
1722 3315 1860 3344 viventes
1870 3312 1982 3350 pumt',
2007 3310 2078 3349 sua,

1197 3358 1276 3398 dent
1297 3360 1381 3395 inter
1404 3358 1482 3395 istos
1505 3359 1749 3403 punitosfuisse
1775 3359 1810 3399 ἀ
1834 3359 1941 3403 ipsum
1961 3358 2050 3399 ‚Ibam
2066 3381 2079 3399 a

1946 3418 2026 3443 tunc
