2320 3730
350 183 383 230 23
396 175 461 213 06

657 211 659 213 ,
693 164 1036 214 -VAR1oRuM
1072 161 1321 207 Pri-raum
1357 158 1675 221 Emsrom,

280 253 418 290 omnem
441 250 532 284 suam
546 246 805 290 ‘Patriarchalem
826 247 1001 284 Dioecesun
1025 269 1033 277 .
1062 241 1170 277 Addit
1228 244 1284 277 &a
1324 243 1460 278 Docent
1480 245 1570 287 quod
1591 247 1730 288 Ioannes
1750 249 1933 285 constanter
1954 250 2108 287 affevern

280 299 454 338 manifesta
476 301 540 336 effe
561 298 696 336 istorum
723 300 859 335 nomina
873 321 881 328 .
903 296 1008 336 Supra
1029 291 1071 327 ab
1091 291 1169 328 Ale·
1227 293 1393 337 Cyrillum
1414 315 1426 333 2
1458 293 1536 328 licet
1555 305 1625 329 non
1642 297 1939 336 anathematizasset
1961 327 1972 343 ‚
1997 311 2108 336 tamen

279 349 406 386 xandro
422 349 675 394 Hierapolitano
687 349 871 384 audivimus
885 367 896 383 2
921 342 1012 386 quod
1025 342 1167 388 Ioannes

279 400 317 435 in
327 399 386 435 ista
398 399 538 444 synodo
547 400 694 444 quinque
713 393 921 439 degradarits
950 393 1082 438 Utique
1094 404 1166 436 prae-

276 459 328 487 ter
339 450 505 494 Gyrillum
518 475 527 485 .
553 451 602 484 At
615 446 688 482 vere>
703 444 861 479 Meletius
882 443 946 487 jam
967 441 1063 480 nobis
1085 442 1165 479 dicit

273 500 368 539 fuisse
380 500 456 537 illos
468 526 481 544 ,
505 499 562 543 qui
577 507 634 541 pro
643 494 775 539 cyrillo
786 494 993 530 ascenderant
1003 493 1164 528 Constan-

273 550 451 595 tinopolim
481 575 488 585 .
513 548 647 590 Nempe
672 545 824 590 Ephelini
850 544 999 579 Concilii
1022 544 1164 589 Legatos

271 599 315 637 ad
335 600 521 644 Principem
543 622 551 631 .
591 596 643 633 Hi
660 596 750 631 enim
779 593 924 631 omnino
951 595 1163 630 ascenderunt

269 651 443 695 praesertim
467 659 526 694 pro
548 648 668 686 Sancto
689 645 842 690 cyrillo,
869 644 1005 680 detento
1023 655 1102 680 tune
1126 644 1161 680 in

270 699 414 738 Militari
435 698 607 735 custodia.
634 697 738 734 Erant
764 697 861 732 osto:
890 693 1075 736 Arcadius,
1100 694 1161 730 Ita·

267 749 323 785 liae
349 751 529 793 Episcopus
544 748 696 792 Legatus
714 745 1080 789 celestiniPontificis‚
1108 746 1159 789 Ju-

268 799 395 833 venalis
404 797 734 841 Hierosolymitanus
745 820 757 838 ‚
781 795 960 832 Flavianus
970 795 1159 840 Philippen-

266 848 328 889 fis,
353 847 484 884 Firmus
505 846 712 883 Caesareensis
730 846 994 891 inCappadocia
1010 870 1021 887 ‚
1045 844 1159 886 Theo-

265 897 368 934 dotus
389 897 613 942 Ancwanus,
640 897 784 933 Aeacius
804 897 1046 940 Melitinenfis‚
1073 896 1158 932 Evo-

261 948 353 991 ptius
373 948 598 986 ptolomaidis
616 948 655 988 in
678 947 854 993 Pentapoli
879 971 892 989 ,
917 959 955 984 ac
980 946 1156 991 Philippus

261 994 428 1036 Romanae
439 998 590 1036 Ecclefiae
603 998 645 1034 ad
656 1000 792 1035 Sanstos
805 996 988 1042 Apostolos
998 997 1158 1032 Cardina-

260 1046 305 1084 lis
318 1048 496 1094 Prekbyter
507 1073 522 1091 ,
531 1050 679 1094 {legatus
693 1048 852 1092 Celestini
866 1047 1059 1088 Pontificis..
1068 1046 1157 1096 Qis

258 1098 363 1135 fuerit
383 1100 525 1142 tertius,
548 1099 692 1144 ignoro.
717 1099 868 1137 Forsitan
889 1095 1157 1135 fnit-Flavianus

257 1147 498 1194 Philippensis:
527 1147 632 1196 Qud
643 1147 720 1184 effer
731 1147 766 1181 in
779 1147 936 1185 Romano
947 1143 1148 1183 patriarcha-

257 1206 297 1235 tu
313 1223 324 1233 .
347 1196 616 1235 Meletiusetiam
627 1198 780 1237 sanstum
795 1195 962 1242 Cyrillum
974 1196 1103 1231 accusat
1113 1195 1156 1231 de

258 1249 381 1284 varii&
423 1248 592 1285 Omnium
615 1247 742 1284 summa
762 1246 810 1282 est
829 1271 842 1289 ‚
867 1246 958 1292 quod
978 1247 1156 1291 perseveret

255 1298 295 1335 in
307 1299 372 1335 suis
386 1299 550 1344 Capitulis
559 1324 571 1341 ‚
596 1299 747 1344 adeoque
758 1299 938 1343 perseveret
948 1296 1130 1334 Haereticus
1141 1319 1153 1339 ,

254 1347 388 1394 ineptus
411 1350 452 1385 ad
473 1349 747 1388 communionem
765 1361 804 1384 ac
831 1360 944 1393 pacem
966 1374 974 1384 .,
1003 1348 1154 1384 Primum

255 1398 302 1434 est
318 1422 330 1439 ‚
354 1399 446 1445 quod
457 1399 699 1445 propositioni,
724 1410 788 1444 qua
812 1398 1000 1434 Orientales
1020 1398 1153 1442 Episco-

255 1449 291 1493 pi
302 1460 358 1493 per
369 1451 503 1494 scriptas
513 1451 554 1488 ab
569 1450 697 1485 Acacio
710 1447 904 1485 Berrhaeenfi
915 1472 926 1489 ‚
954 1459 992 1482 ae
1015 1458 1071 1491 per
1082 1446 1156 1481 Ari-

255 1497 401 1534 stolaum
408 1500 604 1535 Tribunum
611 1500 736 1536 delatas
746 1499 870 1534 litteras
879 1506 1038 1544 rogarunt
1048 1498 1154 1540 ipsum

253 1548 325 1584 solo
340 1549 484 1585 Nieaeno
495 1549 658 1594 Symbolo
675 1550 738 1583 effe
749 1558 948 1584 contentum
960 1571 971 1587 ,
996 1547 1032 1582 ἃ
1055 1546 1154 1590 Capi-

254 1599 326 1633 tula
353 1598 396 1632 ab
422 1600 494 1642 ipso
515 1597 784 1635 anathematizari
807 1623 818 1639 ‚
846 1597 991 1632 noluerit
1029 1597 1154 1641 acquie-

251 1648 342 1684 scere
359 1672 367 1679 ·
394 1648 585 1685 Secundum
596 1649 643 1685 est
655 1672 666 1690 ,
693 1649 783 1692 quod
796 1649 831 1683 in
854 1650 913 1684 suo
936 1647 978 1683 ad
989 1646 1152 1683 Acacium

247 1697 436 1743 Rescripto
444 1699 597 1736 affievcret
612 1699 772 1742 Capitula
794 1699 859 1734 effe
879 1700 983 1739 resta,
1008 1697 1152 1742 ideoque

251 1759 429 1793 nunquam
446 1750 478 1785 se
488 1749 531 1784 ab
557 1749 624 1784 illis
635 1750 833 1787 recessurum
844 1772 852 1782 .

279 1814 282 1816 ¹
303 1798 426 1834 Tertio
441 1823 452 1840 ,
478 1798 571 1844 quod
590 1798 694 1833 etiam
713 1809 768 1842 per
788 1797 932 1834 Paulum
952 1798 1151 1834 Emesenum

252 1851 290 1887 in
301 1858 463 1894 reportata
474 1850 515 1885 ad
530 1849 692 1893 Ioannem
716 1845 971 1883 Antiochenam
991 1846 1127 1891 epistola
1140 1870 1152 1887 ‚

252 1900 331 1936 licet
343 1901 379 1935 in
392 1899 559 1944 superficie
569 1898 755 1944 praedicaret
778 1897 889 1933 minus
907 1897 1072 1936 deteriora
1090 1897 1153 1932 Ca·

251 1951 369 1996 pitulis
382 1976 394 1991 ,
416 1951 478 1997 illa
490 1961 602 1987 tamen
612 1961 675 1985 nec
685 1960 740 1992 per
750 1948 918 1982 somnium
938 1945 1151 1982 anathemati·

251 2008 360 2038 zaret-
390 1998 522 2044 Qarto
543 2022 554 2040 ,
582 1998 673 2041 quod
692 2000 730 2034 in
752 1998 886 2042 Vulgus
905 1999 1008 2041 sparsa
1030 1996 1149 2040 Cyrilli

252 2048 453 2095 poenitentia
464 2059 672 2092 nequaquam
683 2048 783 2081 fuerit
794 2048 867 2089 quis
878 2046 920 2080 ab
940 2046 1053 2090 aliquo
1071 2057 1150 2080 con-

251 2098 519 2140 fistuslibellus,
546 2096 601 2134 sed
626 2096 693 2142 ipsa
718 2096 805 2140 pacis
823 2094 984 2139 epistola.
1015 2094 1148 2141 Qintd

252 2150 338 2186 dicit
349 2173 361 2191 ,
387 2149 480 2193 quod
493 2148 555 2182 ista
567 2148 656 2182 fama
668 2146 792 2189 ubique
813 2145 956 2186 volarit,
982 2153 1081 2188 atque
1101 2145 1147 2180 ita

253 2200 392 2237 tandem
417 2198 460 2232 ad
480 2195 601 2240 Cyrilli
624 2205 719 2230 aures
742 2194 843 2230 ctiam
867 2194 1048 2236 pervenerit
1072 2206 1080 2226 ε
1107 2194 1152 2228 Et

253 2247 347 2295 quod
358 2247 414 2283 ille
425 2247 517 2281 suam
529 2243 762 2291 poenitentiam
777 2240 861 2278 adeo
874 2252 943 2276 mn
960 2242 1131 2286 agnoverit
1140 2265 1153 2283 ,

253 2311 295 2336 ut
306 2300 348 2335 ad
360 2300 436 2333 suos
448 2297 484 2331 in
494 2296 604 2341 Regia
617 2293 715 2330 Urbe
748 2291 977 2338 Apocrisarios
995 2292 1153 2335 scripserit

254 2351 360 2386 senec
382 2347 592 2392 poenituisse,
619 2357 680 2381 nee
703 2353 740 2379 ut
756 2343 972 2388 poenitentem
994 2342 1012 2376 a
1026 2343 1151 2385 joanne

255 2409 443 2445 receptum,
470 2409 532 2433 nec
545 2396 724 2442 quidquam
744 2393 762 2429 ὲ
775 2394 840 2429 suis
863 2392 1015 2429 adversus
1035 2393 1151 2427 Nesto·

254 2452 344 2487 rium
356 2447 560 2493 Conscriptis
570 2448 602 2483 se
614 2445 750 2483 movisse
762 2470 770 2478 .
799 2444 843 2479 Et
851 2443 940 2486 quod
953 2454 1021 2478 non
1034 2443 1151 2479 solum·

258 2500 363 2537 modo
375 2512 444 2536 non
458 2499 624 2544 poenitens
638 2522 650 2539 ,
674 2497 734 2532 Sed
753 2506 845 2538 neque
863 2506 972 2537 rogans
993 2493 1151 2536 quemlibet

259 2558 306 2586 ita
320 2559 452 2594 receptus
458 2549 496 2592 fit
506 2574 518 2591 ,
542 2547 600 2593 sed
607 2548 707 2591 potius
722 2548 738 2581 ἒ
752 2543 871 2588 diverso
882 2542 944 2587 ipse
954 2552 1074 2587 rogatus
1095 2541 1131 2584 fit
1142 2565 1153 2583 ,

260 2605 296 2638 co·
318 2600 533 2636 Antiochenam
552 2597 709 2642 susceperit
723 2619 730 2627 .
758 2595 815 2629 Est
828 2593 964 2637 epistola
975 2594 1015 2628 ad
1037 2592 1149 2628 Theo·

258 2652 417 2697 gnostum
435 2675 446 2691 ,
472 2647 729 2685 Charmonnum
742 2656 779 2680 ac
791 2644 990 2679 Leontium.
1019 2643 1150 2678 Ethinc

260 2699 540 2738 lucidediscimus
566 2698 654 2740 ipsos
663 2695 756 2730 fuisse
779 2694 887 2730 Sancti
900 2693 1019 2737 Cyrilli
1031 2694 1066 2727 in
1089 2693 1151 2728 Re-

261 2751 320 2798 gia
331 2749 479 2785 civitate
494 2745 739 2791 Apocrisarios‚
766 2745 802 2779 in
820 2745 883 2779 isto
905 2743 1018 2780 officio
1035 2744 1152 2779 succes-

264 2803 354 2837 sores
365 2798 504 2843 Eulogii
513 2795 700 2840 Presbyteri
714 2820 721 2827 .
750 2795 854 2841 Qod
865 2795 922 2829 ista
935 2794 1072 2837 epistola
1084 2805 1152 2829 non

266 2851 378 2887 solum
390 2846 642 2888 Alexandrum,
666 2845 721 2880 sed
730 2844 830 2879 ctiam
840 2844 921 2879 alios
937 2844 1005 2888 ejus
1016 2844 1155 2889 Symmi-

267 2901 331 2936 stas
353 2897 468 2936 acerbe
489 2896 707 2935 momorderit
728 2919 741 2936 ,
766 2894 852 2930 lucet
873 2905 914 2928 ex
937 2894 1155 2938 superioribus

267 2951 402 2987 Meletii
424 2946 690 2994 Mopsuestienfis
717 2944 836 2982 litteris
858 2943 900 2978 ad
932 2942 1022 2979 hunc
1048 2945 1154 2988 ipsum

268 2998 518 3037 Alexandrum.
544 2998 590 3034 Et
615 2996 671 3032 hie
684 2995 781 3032 sexto,
797 2993 910 3034 addit,
936 2994 1025 3038 quod
1046 2994 1155 3038 Cyril-

269 3052 322 3087 lus
332 3052 391 3087 ista
404 3050 518 3089 omnia
530 3049 630 3084 etiam
644 3047 686 3082 ad
698 3045 946 3083 Melitinensem
969 3042 1130 3080 Acacium
1141 3069 1152 3086 ,

270 3099 378 3135 immo
397 3099 484 3136 &ad
494 3109 602 3136 totum
615 3096 784 3134 Mundum
796 3094 954 3140 scripserit
974 3105 1013 3131 ac
1033 3094 1153 3130 affidue

269 3148 388 3184 elamet
404 3174 416 3191 ‚
441 3149 647 3193 pertinaciter
667 3148 846 3184 asseverans
871 3147 942 3181 sore
960 3154 999 3180 ut
1020 3146 1152 3180 suorum

272 3199 475 3243 Scriptorum
489 3198 618 3244 penitus
632 3198 718 3234 nihil
731 3198 871 3243 patiatur
881 3194 992 3241 repelli
1000 3196 1101 3240 usque
1111 3194 1151 3230 ad

273 3258 430 3285 mortem.

281 3312 284 3335 1
319 3297 480 3335 Notanda
492 3299 566 3333 sunt
576 3297 641 3333 haee
651 3298 748 3334 verba
770 3297 812 3334 de
830 3299 957 3342 Ioanne
967 3293 1152 3331 Antioche·

273 3359 342 3388 uo:
365 3349 533 3392 sudreie,
557 3349 768 3394 quodc'mllus
781 3350 926 3394 capitula
935 3348 989 3383 illa
998 3344 1150 3391 respuerit,

1222 341 1369 385 omnino
1381 343 1565 387 poenituiffe
1574 368 1588 385 ‚
1612 344 1645 379 δε
1656 347 1807 381 receffiffe
1818 348 1838 382 a
1847 350 1910 384 suis
1920 351 2084 394 Capitulis
2096 378 2108 395 ,

1223 393 1257 429 δε
1281 394 1448 437 Cyrillum
1469 393 1661 430 constanter
1677 398 1808 440 negasse
1828 398 1960 442 eadem,
1987 403 2108 439 &asse-

1223 443 1317 483 ruisse
1343 446 1506 481 contraria
1528 470 1535 479 .
1563 446 1608 481 Et
1628 445 1705 490 quia
1728 446 1871 489 Joannes
1896 451 2024 488 nullum
2045 455 2106 487 suae

1221 492 1404 531 assertionis
1414 494 1650 531 documentum
1661 521 1673 539 ‚
1701 497 1757 531 nifi
1770 497 1872 531 solam
1885 499 1973 541 pacis
1989 504 2108 545 episto.

1223 544 1286 581 lam
1308 555 1435 590 poterat
1453 546 1614 582 adducere
1629 571 1641 588 ,
1666 546 1701 581 in
1723 546 1786 581 isto
1798 547 1958 593 ambiguo
1977 550 2107 587 fluctua-

1222 594 1300 633 bant
1310 596 1498 633 Orientales
1512 597 1687 641 Episcopi,
1714 598 1748 632 ὅ(
1758 597 1896 644 quisque
1907 598 2055 635 credebat
2065 612 2107 639 ex

1220 644 1371 682 arbitrio.
1398 647 1493 685 Hinc
1505 646 1694 684 Alexander
1705 658 1740 682 ut
1751 648 1845 684 istam
1863 660 1977 693 pacem
1994 650 2029 685 &
2040 651 2110 693 cy-

1219 694 1566 736 rillicqmmunionem
1576 699 1810 743 amplctiatur,
1835 700 1870 734 ὃ(
1895 710 1931 735 ut
1942 700 2053 736 redeat
2065 702 2108 737 ad

1220 746 1356 789 Ioannis
1365 747 1590 785 obedientiam
1603 773 1615 790 ,
1641 748 1825 796 expostulat
1838 750 1944 785 varia.
1969 750 2107 794 Primo,

1220 806 1255 831 ut
1265 796 1408 842 Joannes
1421 798 1587 842 Cyrillum
1601 799 1755 844 perducar
1765 800 1807 835 ad
1820 799 1947 845 Scripto
1968 800 2106 836 anathe-

1218 846 1404 886 matizanda
1416 847 1571 893 Capitula
1584 874 1592 884 .
1620 850 1665 884 Et
1675 849 1809 894 quidem
1821 851 1947 897 fingula
1958 851 2105 887 nomina·

1219 897 1298 933 rim.
1326 898 1500 939 Secundo,
1526 910 1563 934 ut
1573 900 1716 943 eundem
1727 901 1882 944 perducat
1906 902 1948 937 ad
1971 902 2106 945 acquie-

1220 946 1375 993 scendum
1388 949 1447 984 soli
1460 949 1600 986 Nicaeno
1612 950 1776 994 symbolo
1787 975 1795 984 .
1822 950 1946 986 Tertio
1961 961 2018 992 ,ut
2028 963 2106 986 eun·

1219 995 1293 1035 dem
1311 999 1468 1046 perducat
1488 1000 1527 1035 ad
1540 999 1784 1036 admittendum
1795 1002 1935 1038 Librum
1958 1002 1976 1037 a
1990 1000 2106 1036 Theo·

1218 1045 1336 1084 dorato
1356 1048 1481 1085 editum
1504 1049 1656 1086 adversus
1681 1050 1834 1094 Capitula
1850 1075 1858 1084 .
1886 1051 1969 1098 Qae
1990 1052 2104 1096 sugge-

1218 1095 1281 1132 stin
1295 1097 1437 1133 omnino
1461 1099 1663 1140 proeeffitab
1679 1101 1753 1142 ipso
1763 1099 1982 1136 Theodoreto
1997 1126 2005 1134 .
2033 1101 2104 1136 An·

1218 1145 1308 1181 drcus
1329 1156 1412 1185 tunc
1435 1146 1542 1182 adhuc
1561 1155 1630 1181 crat
1642 1148 1676 1182 in
1699 1148 1800 1182 vivis.
1827 1149 1972 1184 Videtur
1996 1150 2038 1185 ab
2049 1151 2103 1187 ad-

1219 1196 1311 1231 m‘iffa
1321 1197 1422 1232 semel
1434 1207 1513 1239 pace
1527 1209 1596 1232 non
1604 1196 1799 1241 apostatasse
1818 1210 1895 1234 cum
1907 1198 2104 1236 Theodone-

1220 1256 1258 1282 ιο
1269 1271 1280 1288 ,
1307 1247 1453 1291 ideoque
1464 1247 1594 1283 videtur
1605 1248 1742 1284 amisisse
1751 1248 1934 1283 Alexandri
1946 1251 2085 1294 gratiam
2093 1274 2101 1285 .

1219 1296 1351 1345 Qartd
1370 1296 1561 1333 Alexander
1580 1307 1699 1343 rogat,
1724 1308 1762 1334 ut
1775 1299 1916 1344 Ioannes
1936 1299 2103 1344 Cyrillum

1218 1347 1278 1383 ista
1298 1346 1530 1384 detrectantem
1549 1348 1676 1393 explere
1689 1372 1701 1389 .
1724 1349 1838 1383 denuo
1850 1348 2104 1385 anathematizet

1218 1398 1376 1436 cumvsuis
1397 1397 1562 1442 Capitulis
1582 1423 1592 1441 ‚
1619 1398 1655 1435 ὄι
1672 1399 1809 1434 ειιηᾶος
1831 1399 1882 1434 illi
1919 1399 2104 1435 eommuni-

1217 1457 1344 1482 cantes.

1265 1496 1459 1534 Alexander
1470 1497 1573 1536 etiam
1592 1498 1740 1535 Paulum
1759 1498 1955 1534 Emesenum
1975 1499 2106 1535 ancusae

1217 1545 1259 1585 de
1280 1547 1393 1582 multis
1403 1547 1495 1582 Astis
1517 1548 1606 1593 apud
1626 1548 1886 1585 Alexandriam:
1914 1554 2010 1593 Agens
2028 1549 2107 1589 illa.

1217 1608 1284 1640 ραι
1304 1607 1382 1631 nunc
1405 1598 1593 1632 dinumerare
1615 1609 1676 1631 non
1695 1598 1805 1640 pefficm
1819 1623 1828 1631 .
1857 1597 2105 1633 Admirandum

1217 1646 1262 1682 est
1275 1670 1288 1687 ,
1313 1646 1402 1690 quod
1417 1647 1542 1683 nullam
1557 1646 1634 1682 Asti
1646 1648 1787 1691 speciem
1799 1647 2001 1691 exposuerit.
2025 1647 2106 1682 Nee

1217 1697 1257 1737 de
1270 1696 1426 1735 Nestorio
1449 1707 1556 1732 tacet:
1583 1698 1669 1731 Unde
1696 1698 1916 1740 &magnopere
1925 1702 2040 1741 agimus
2044 1705 2107 1740 pro

1217 1745 1406 1790 illapersbnae
1417 1772 1428 1789 ,
1455 1749 1487 1781 εό
1499 1748 1579 1790 quod
1588 1750 1650 1780 neo
1659 1751 1748 1781 unita
1752 1745 1791 1789 fit
1802 1744 1977 1790 conscientia
1988 1746 2103 1788 nostra*-

1218 1797 1419 1833 Protestatur
1441 1799 1569 1832 nullam
1588 1796 1647 1832 fibi
1667 1796 1765 1832 aliam
1783 1798 1847 1832 effe
1865 1807 1943 1833 cum
1965 1797 2024 1832 suo
2034 1797 2105 1832 Pa«.-

1216 1845 1357 1893 triarcha
1369 1847 1598 1883 inimicitiam.
1624 1848 1772 1893 Seagcre
1790 1858 1832 1881 ex
1845 1846 1912 1881 sola
1922 1846 2043 1882 devota
2062 1858 2103 1882 ac

1215 1895 1364 1934 devini-ia
1376 1899 1455 1935 Deo
1470 1898 1671 1934 conscientia
1685 1922 1696 1939 ,
1721 1909 1762 1932 ex
1782 1897 1857 1932 zelo
1878 1898 1967 1932 restae
1984 1896 2106 1938 Fidei,

1217 1948 1359 1993 ideoque
1371 1950 1401 1983 se
1414 1949 1479 1982 fine
1493 1950 1696 1993 praefatarum
1707 1946 1940 1984 conditionum
1949 1946 2103 1990 adimple·

1215 1997 1307 2033 tione
1319 2010 1389 2034 non
1401 1999 1490 2042 polle
1498 1999 1602 2034 redire
1615 1999 1655 2034 ad
1668 1999 1760 2033 suum
1770 1994 2009 2032 Patriarcham.
2037 1997 2103 2032 Es·

1216 2048 1248 2081 se
1268 2058 1417 2088 paratum
1442 2049 1484 2082 ad
1504 2049 1741 2091 qualecumque
1763 2048 1923 2087 exilium,
1947 2045 1991 2081 ad
2011 2053 2104 2090 quae·-

1214 2104 1356 2138 cumque
1378 2106 1564 2134 tormenta,
1588 2096 1629 2130 ad
1658 2105 1798 2130 mortem
1812 2119 1819 2126 -
1847 2096 2031 2139 Egregium
2052 2095 2100 2129 est

1216 2142 1281 2180 hoc
1290 2145 1359 2188 ejus
1380 2144 1636 2191 Epiphanema:
1662 2147 1782 2179 Reverti
1798 2143 1901 2188 sumus
1920 2143 2101 2186 infeliciffimi

1215 2202 1347 2229 omnium
1359 2217 1372 2233 ‚
1391 2193 1422 2235 fi
1422 2203 1544 2236 propter
1554 2195 1632 2228 viles
1641 2193 1796 2236 occafiones
1808 2218 1819 2234 ,
1844 2192 1992 2236 quaesunt
2012 2195 2100 2228 Divi-

1217 2254 1278 2282 na,
1303 2241 1480 2277 turbamus.
1509 2244 1605 2278 Hine
1631 2243 1824 2286 patet·quod
1846 2243 1944 2288 longe
1963 2242 2052 2278 aliud
2062 2243 2102 2279 fit

1216 2294 1441 2330 sacrosanctas
1461 2293 1594 2328 Divinae
1612 2293 1746 2336 Justitiae
1766 2293 1914 2336 Regulas
1923 2292 2040 2328 habere
2061 2294 2099 2328 in

1215 2342 1380 2379 intellectu
1392 2367 1403 2384 ,
1418 2341 1510 2378 aliud
1520 2344 1602 2387 ipsas
1612 2343 1731 2378 habere
1753 2343 1787 2378 in
1798 2343 1968 2378 voluntate
1979 2367 1987 2375 .
2014 2343 2100 2378 Lau·

1213 2393 1290 2428 data
1312 2393 1402 2427 enim
1424 2393 1536 2438 regula
1561 2393 1624 2429 fuit
1646 2393 1858 2429 remotiffima
1876 2394 1895 2428 a
1923 2393 2099 2429 voluntate

1217 2443 1410 2480 Alexandri.

1402 2673 1667 2728 CAPUT
1704 2676 1893 2726 CXLIL
1932 2693 2096 2736 --230

1215 2818 1454 2889 Rescriptum
1476 2853 1490 2878 ‚
1517 2816 1664 2883 inquit
1678 2851 1693 2876 ‚
1710 2813 1950 2883 publicatum
1964 2831 2007 2863 ut
2020 2831 2096 2875 ter-7

1284 2895 1403 2940 minus
1413 2906 1534 2938 eorum
1558 2906 1639 2954 quae
1651 2884 1807 2954 scripta
1819 2884 1917 2951 firm
1926 2884 1979 2932 ad
1988 2891 2093 2933 Ma-

1276 2956 1619 3031 gnificentiſsimum
1631 2961 1812 3005 Comitem
1834 2960 1894 3003 <9⁴
1903 2954 2096 3021 Vi'carium

1269 3036 1423 3082 'Titum
1449 3029 1475 3077 ιὶ
1499 3026 1769 3095 Gloriosiſsimo
1789 3025 2095 3095 MagssroMiq·

1284 3102 1374 3153 litiae
1398 3101 1595 3168 Dionyfio.
2092 3109 2096 3119 “

1311 3240 1378 3278 Uid
1397 3242 1438 3277 de
1457 3241 1616 3277 Helladio
1629 3264 1642 3282 ,
1667 3240 1702 3276 δε
1723 3239 1917 3279 Maximino
1927 3263 1941 3281 ,
1964 3237 1999 3272 δε
2017 3214 2098 3274 Alo-¹

1217 3244 1460 3360 Qxandro
1471 3317 1481 3334 ,
1503 3292 1538 3327 &
1549 3291 1768 3328 Theodoreto
1778 3315 1790 3332 ,
1807 3286 2092 3327 Reverendiffimis

1364 3344 1439 3381 viris
1449 3343 1619 3391 Episcopis
1631 3366 1645 3386 ‚
1667 3341 1799 3407 definiri
1817 3338 2095 3424 censueri‘tulffll’e}
