2320 3730
286 228 417 272 expedit
426 252 445 271 ‚.
463 225 498 261 iu
513 222 691 261 commune
704 226 880 271 cogitetis.
907 223 1067 258 Instanria
1080 218 1170 257 enim

284 279 392 314 nostra
410 300 421 318 ,
447 285 484 310 ut
496 274 610 317 video,
637 276 676 310 ad
699 276 786 314 nihil
810 279 904 310 suave
918 271 1092 316 proficiet,
1117 268 1170 306 sed

286 325 548 371 perturbationes
573 326 725 363 Ecclefiis
742 350 754 366 ,
778 327 811 362 &
833 321 980 364 Populos
1006 345 1016 364 ,
1043 320 1099 364 qui
1121 331 1172 364 pa·

284 377 437 413 seuerum
451 377 470 410 ὲ
484 375 580 417 nobis
594 402 604 417 ‚
631 377 714 418 lupis
725 374 821 409 cruda
836 371 1024 406 vorantibus
1044 370 1148 405 tradet
1162 394 1169 405 ,

283 426 396 464 Claret
405 427 495 464 enim
517 427 607 472 quod
628 424 735 458 exitus
747 422 873 456 nostros
893 421 1095 471 intendunt.
1125 421 1169 456 Et

281 485 376 513 erunt
400 475 602 520 producendi
623 484 680 515 pro
705 470 819 506 nobis.
850 472 893 508 Et
916 472 1017 506 timor
1034 471 1101 514 est,
1126 483 1168 506 ne

279 538 340 571 pro
355 525 417 565 hac
429 527 531 561 nimia
554 521 675 561 acribia
697 533 807 566 poenas
818 522 895 555 Deo
917 522 1100 563 solvamus,
1129 533 1168 561 ea

280 587 351 622 quae>
362 576 470 615 nostra
484 576 559 609 sunt
583 572 792 611 intendentes
804 595 815 612 ,
841 572 953 609 &non
966 572 1167 611 consideran?

279 636 328 663 tes
341 626 429 670 quod
440 623 581 668 Populis
600 622 752 667 expedit.
780 623 906 657 Omnia
927 634 1008 668 ergo
1028 624 1166 666 pensans

277 678 311 715 &
334 676 453 716 librans
475 674 642 720 Sapientia,
669 683 748 714 tua,
773 674 809 707 δε
828 673 957 713 lucrum
981 674 1074 716 lucro
1095 699 1106 715 ‚
1130 673 1165 711 ὅτ.

276 727 436 764 damnum
469 725 593 762 damno
627 734 870 767 contraponens
892 747 903 764 ,
939 723 1039 769 eligat
1063 723 1165 767 majus

277 778 426 819 lucrum,
450 774 608 816 &minus
626 773 785 815 damnum
799 798 806 812 2
831 774 884 814 Sic
903 776 994 811 enim
1016 776 1050 814 δε
1062 776 1139 813 Deo
1153 799 1163 815 ‚

276 834 313 861 ut
336 823 446 868 puto,'
462 823 683 872 placebimus,
710 826 743 867 ὃς
767 825 1005 862 conscientiam
1026 825 1164 864 minime

275 874 508 917 vulneramus,
533 875 568 913 δε
588 875 656 916 eis,
683 877 741 920 qui
764 875 889 923 ubique
919 876 955 914 in
978 887 1039 913 nos
1061 875 1164 919 adspi-

274 927 393 966 ciunt,
419 926 644 970 proderimus,
671 926 903 966 &commissos
915 926 1013 966 nobis
1025 927 1164 972 populos

272 987 344 1010 non
369 976 540 1023 perdemus
558 1002 566 1010 .
594 977 765 1018 Sufficiens
791 976 868 1013 vero
892 975 937 1010 est
961 977 1163 1015 Dominator

273 1025 428 1061 omnium
442 1026 534 1070 Deus
543 1051 556 1069 ,
573 1027 618 1069 »ὃς
630 1028 809 1067 &netarum
828 1026 1039 1065 Gubernator
1052 1027 1163 1059 Eccle-

273 1076 411 1122 fiarum,
436 1077 516 1120 quid
539 1076 596 1121 agi
615 1076 751 1116 debeat,
780 1088 835 1120 per
845 1087 917 1115 tuas
927 1076 1024 1113 nobis
1043 1074 1164 1109 cratim

270 1137 329 1161 nes
343 1126 536 1165 ostendere,
561 1127 595 1158 δε
610 1126 652 1159 ab
673 1125 725 1158 his
744 1125 859 1164 multis
882 1135 921 1158 ac
944 1124 1085 1167 peffimis
1102 1136 1164 1159 nos

273 1175 503 1216 voluminibus
514 1173 670 1215 liberare,
695 1172 910 1215 &modicam
933 1173 1032 1209 nobis
1043 1174 1165 1214 sereni-2

269 1234 371 1266 tatem
382 1248 397 1268 ‚
421 1224 761 1274 tranquillitatemque
782 1224 924 1269 donare2

457 1382 960 1445 Senotrou.

347 1524 559 1571 Uphratefiae
570 1526 755 1567 Provinciae
765 1525 921 1572 Episcopi
931 1525 1084 1565 videntur-
1094 1526 1164 1565 Do-

373 1586 490 1615 natum
515 1578 746 1625 Presbyterum
760 1602 773 1622 ,
798 1578 833 1613 δε
855 1577 1018 1616 Acacium
1040 1578 1164 1617 Diaco-

268 1624 351 1661 num
366 1650 378 1667 ,
404 1625 615 1666 Theodoreti
641 1629 794 1666 Clericus.
815 1640 892 1663 cum
914 1627 1048 1665 divertis,
1065 1625 1107 1663 ad
1117 1627 1164 1662 di-

269 1677 377 1710 versos
399 1677 520 1716 litteris,
538 1678 660 1724 legasse
670 1678 1025 1723 Constantinopolim,
1052 1678 1165 1722 depre-

265 1728 397 1763 caturos
420 1727 610 1777 ulteriorem
631 1728 863 1766 executionem
885 1729 1025 1765 duarum
1055 1729 1163 1765 sacra-

264 1787 339 1813 rum
354 1800 366 1817 ,
391 1787 476 1820 quas,
497 1779 592 1821 supra
612 1787 809 1814 memoratus
819 1779 963 1822 Ioannes
973 1777 1162 1815 Patriarcha

267 1826 518 1870 impetraverat..
543 1824 782 1866 Theodoretus
802 1828 857 1863 sua
875 1828 959 1862 circe
978 1827 1162 1865 Alexandri

265 1877 478 1914 retinendam
490 1887 546 1913 aut
564 1876 774 1914 deserendam
787 1877 1074 1915 communionem
1086 1879 1163 1913 Sen-

263 1927 299 1961 fa
323 1926 407 1963 stitit
428 1940 466 1966 ac
493 1926 658 1972 suspendit
670 1930 770 1972 usque
790 1928 990 1973 adipsorum
1001 1929 1159 1965 reditum.

264 1976 402 2012 Revera
419 1985 530 2012 autem
555 1978 682 2015 nullam
705 1977 823 2013 auxilii
852 1979 942 2021 spem
961 1978 1161 2020 attulerunt,

264 2024 323 2061 sed
345 2025 415 2062 sola
439 2025 589 2062 Consilia
605 2028 638 2063 &
652 2026 861 2064 hortamenta
871 2028 1100 2070 amplectendae
1110 2039 1161 2070 pa·

266 2075 332 2110 cis.
362 2073 576 2122 Qinimmd
607 2076 729 2119 aliqui,
755 2075 852 2118 ipsis,
874 2073 1161 2114 utSehismaticos

267 2123 448 2167 aversus,
472 2135 534 2161 nec
566 2124 697 2170 dignati
730 2125 806 2162 sunt
835 2124 1010 2161 rescribere
1033 2149 1041 2157 .
1067 2125 1161 2161 Hinc

267 2173 507 2210 Theodoretus
529 2174 599 2209 vela
625 2174 744 2213 vertit,
768 2174 896 2207 censuit
905 2174 1110 2210 redeundum
1121 2175 1161 2209 ad

267 2221 466 2261 Patriarchae
476 2221 703 2259 obedientiam
718 2243 729 2260 ,
756 2232 795 2258 ac
804 2220 956 2256 Ecclefiae
967 2231 1080 2264 pacem
1091 2246 1103 2263 ,
1128 2224 1162 2257 ἀ

270 2273 398 2310 studuit
408 2273 502 2309 suum
513 2271 766 2316 Metropolitam
776 2271 884 2307 secum
895 2270 1062 2306 reducere.
1087 2272 1163 2309 Cer-

273 2322 307 2360 te
316 2322 386 2368 ejus
395 2323 542 2360 rationes
554 2323 629 2360 sunt
640 2322 748 2370 digna:
759 2329 857 2357 tanto
880 2321 1044 2369 Episcopo
1053 2346 1064 2358 .,

488 2533 760 2583 CAPUT
805 2533 950 2581 CLII.
1021 2550 1164 2596 --240

282 2671 479 2745 Epistola,
511 2673 688 2739 inquit,
722 2677 803 2719 Deo
815 2670 1049 2738 Amiciſsimi
1070 2677 1168 2742 Epi-

350 2740 463 2810 scopi
506 2740 724 2791 Alexandri
768 2741 822 2788 ad
855 2740 1130 2791 Theodoretum
1150 2779 1163 2804 ,

353 2828 473 2880 quam
519 2809 709 2880 rfiripstt
754 2831 890 2880 rogans
922 2813 1069 2881 quidem
1099 2833 1168 2863 non

343 2884 421 2949 fibi
456 2880 501 2930 de
533 2880 670 2950 trifilem
691 2879 786 2947 fieri
817 2886 1168 2951 importunitatem,

353 2952 514 3021 dirigens
545 2950 641 3002 verb
670 2956 703 3000 ei
736 2950 881 3001 litteras
928 2952 957 3002 εὶ
991 2955 1172 3023 Constan-

354 3021 507 3092 tinopoli
568 3029 651 3073 Deo
706 3021 938 3092 Amiafiimi
982 3025 1172 3077 Monachi

291 3094 296 3157 'A
357 3092 579 3143 Parthenii.

390 3222 466 3258 Um
486 3222 567 3267 saepe
584 3230 649 3258 tuae
659 3224 837 3270 scripserim
848 3225 1018 3263 Sannitati
1037 3225 1081 3262 de
1100 3224 1169 3270 his,

416 3273 614 3317 superfluum
626 3283 708 3317 puto
718 3276 832 3311 eadem
841 3277 883 3312 de
894 3277 1015 3312 eisdem
1024 3277 1173 3313 rescribe-

293 3321 331 3361 re
338 3347 346 3357 .
367 3323 476 3371 Rogo
486 3323 588 3369 igitur
597 3322 864 3370 Religiofitatem
874 3336 966 3364 tuam
976 3326 1083 3374 legere
1095 3327 1173 3373 Epi·

715 141 1050 189 Vamonun
1084 137 1682 197 ΡΑτιωΜΕΡιετοιιε,

1237 219 1335 255 stolas
1346 244 1357 262 ,
1376 231 1454 265 quas
1464 220 1525 257 tibi
1535 233 1611 258 ante
1622 225 1776 261 transmisi
1786 251 1797 268 ,
1822 225 1858 262 &
1870 237 1936 260 non
1950 225 2031 262 mihi
2041 223 2112 263 ertia

1236 269 1315 313 flere
1325 271 1549 318 importunum
1561 294 1569 303 ·
1596 270 1694 310 vivit
1709 277 1799 311 enirn
1812 277 1980 313 Dominus
1998 278 2111 320 Deus,-

1234 321 1361 356 lucrum
1371 322 1542 359 conferens
1552 320 1646 357 lucro
1656 345 1668 364 ‚
1682 326 1812 365 prefero
1824 337 1899 362 ante
1910 329 2022 364 omnia
2033 328 2111 363 defi-

1233 370 1363 406 derium
1393 372 1460 406 Dei
1480 397 1491 413 ‚
1518 371 1732 416 &Regnum
1760 374 1918 412 coelorum
1935 377 2111 414 honori&

1231 420 1344 464 gloriar
1354 423 1457 461 saeculi
1471 422 1566 468 hujus
1576 446 1583 454 .
1613 422 1657 456 Et
1668 422 1828 459 damnum
1845 424 1967 462 damno
1981 440 2111 473 compa-

1231 483 1306 506 rans
1327 472 1472 518 approbo
1493 473 1597 517 magis
1617 484 1711 517 eam,
1738 484 1809 520 quae
1828 472 1883 510 hic
1909 477 1955 511 est
1969 500 1980 517 ‚
2003 480 2111 523 expul-

1231 522 1354 559 sionem
1367 548 1378 565 ‚
1404 523 1438 560 δε
1458 524 1598 559 exilium
1620 546 1632 565 ‚
1655 524 1693 562 ὃς
1716 524 1929 570 temporalem
1948 537 2112 572 mortem,

1230 571 1263 609 δε
1281 566 1497 617 opprobrium
1519 572 1698 611 hominum
1719 598 1731 614 ‚
1756 572 1791 612 δὲ
1810 574 1971 612 irrisiones
1993 586 2111 614 aeterno

1229 630 1416 661 tormento.
1446 624 1527 659 Non
1548 624 1625 658 vero
1646 624 1781 661 miretur
1805 624 2018 673 Religiofitas
2034 637 2111 663 tua:

1229 671 1330 717 Qod
1354 683 1391 710 tu
1402 674 1536 716 quidem
1548 673 1667 713 scribas
1687 674 1743 711 illa
1754 698 1766 716 ‚
1792 674 1868 722 quia
1880 676 2045 723 Cyl-illum
2058 688 2114 722 pu-

1229 732 1278 756 tas
1301 720 1546 770 orthodoxum;
1572 737 1637 771 ego
1651 724 1730 762 vero
1751 725 1830 767 ista,
1856 727 1933 772 quia
1944 726 2115 771 Cytillum

1230 771 1336 811 habeo
1349 772 1536 812 haereticum
1560 775 1789 817 abeuntibus,
1817 777 1951 820 quando
1971 778 2115 822 expelle->

1229 822 1308 862 bant
1330 825 1535 870 temporibus
1555 826 1673 863 nostris
1685 826 1864 864 Beatiffimi
1879 827 2052 872 Episcopi,
2076 835 2116 862 ut

1228 884 1330 917 pauca
1352 875 1394 911 de
1407 875 1553 920 pluribus
1566 877 1698 921 dicam,
1724 877 1906 919 Meletius‚
1932 877 2116 918 Eusebius,

1229 923 1338 964 Barses
1357 948 1368 970 ‚
1392 927 1427 964 &
1450 926 1565 974 reliqui
1585 938 1703 964 omnes
1726 952 1734 964 ,
1760 926 1891 964 Sciebat
1911 926 1979 962 haec
1999 929 2112 967 Deus,

1228 974 1262 1012 δε
1274 986 1334 1018 pra:
1345 975 1501 1015 omnibus
1522 989 1579 1020 pro
1592 978 1731 1014 Ecclesia
1743 977 1914 1022 cogitabat
1925 1003 1933 1012 .
1960 977 2004 1013 Et
2017 978 2115 1013 ratio·

1231 1035 1305 1063 nem
1318 1037 1387 1062 non
1398 1027 1508 1071 exegit
1519 1027 1561 1065 ab
1572 1027 1617 1063 eis
1628 1051 1638 1070 ,
1660 1027 1716 1070 qui
1732 1026 1855 1062 idcirco
1869 1029 2006 1071 propulsi
2019 1029 2094 1062 sunt
2104 1051 2113 1060 .

1232 1073 1340 1120 Qare
1350 1085 1418 1109 non
1429 1077 1713 1113 communicantes
1737 1075 1890 1113 haereticis
1900 1088 1957 1112 non
1966 1088 2114 1123 perman-

1231 1125 1339 1162 serunt
1349 1123 1384 1161 in
1395 1123 1545 1160 Ecclefiis
1557 1125 1643 1161 suis
1666 1125 1710 1160 Et
1723 1125 1798 1159 ideo
1804 1148 1816 1165 ,
1837 1128 2048 1163 confortente
2059 1137 2114 1162 me

1232 1173 1306 1211 Deo
1320 1198 1332 1215 ,
1358 1183 1489 1218 paratus
1501 1175 1572 1211 sum
1583 1183 1660 1211 curn
1671 1174 1764 1211 omni
1778 1175 1994 1211 satisfactione
2011 1178 2046 1213 ἀ
2058 1189 2115 1212 co·

1230 1234 1298 1262 ram
1321 1222 1556 1268 Principibus,
1582 1225 1617 1262 ὃ(
1638 1223 1889 1262 Praelidentibus
1906 1249 1916 1265 ‚
1941 1227 1976 1262 &
2000 1237 2114 1263 coram

1229 1272 1375 1321 Synodis
1396 1273 1439 1310 de
1450 1274 1519 1310 sola
1539 1274 1648 1311 nostra
1659 1275 1714 1319 spe
1723 1274 1921 1312 fiducialiter
1934 1287 2052 1322 egere,
2077 1277 2113 1312 δε

1229 1324 1364 1367 omnia,
1390 1325 1413 1360 fi
1436 1324 1530 1363 Deus
1549 1326 1727 1368 permiserit
1751 1349 1763 1366 ,
1790 1325 1946 1360 sustinere
1971 1351 1978 1360 .
2005 1326 2118 1373 Qid-

1229 1375 1308 1419 quid
1319 1374 1398 1419 ergo
1407 1383 1464 1412 tua
1475 1375 1633 1412 Sanstitas
1643 1376 1739 1411 novit
1761 1375 1913 1420 expedire
1922 1375 1989 1411 Dei
2003 1375 2116 1411 Eccle-

1230 1425 1279 1459 fiae
1300 1447 1311 1464 ‚
1334 1436 1407 1469 quae
1429 1424 1492 1463 tibi
1514 1425 1684 1463 commissa
1704 1423 1751 1461 est
1775 1448 1788 1466 ‚
1813 1424 1848 1461 id
1868 1436 1944 1470 agat
1960 1439 1972 1462 .·
1996 1425 2116 1460 Meam

1231 1486 1373 1520 namque
1397 1475 1593 1514 sententiam
1614 1475 1710 1512 novit
1721 1476 1798 1512 Deo
1817 1474 2014 1513 Amabilitas
2034 1486 2091 1511 tua
2103 1498 2115 1509 .

1233 1525 1471 1560 Verumtamen
1495 1537 1552 1566 ea,
1579 1537 1649 1568 quae
1669 1524 1754 1563 mihi
1778 1526 1855 1563 sunt
1878 1526 1994 1571 scripte
2009 1525 2116 1562 meo

1231 1575 1438 1610 Amiciffimo
1461 1573 1657 1618 Presbytero
1676 1598 1688 1615 ‚
1724 1576 1759 1612 ἀ
1781 1574 2114 1618 Archi-Mandrum

1228 1626 1319 1661 servo
1341 1624 1406 1659 Dei
1419 1623 1623 1667 Parthenio,
1649 1624 1870 1670 Religiofirati
1896 1633 1959 1662 tuae
1980 1623 2117 1671 trasm-

1229 1685 1256 1714 το.
1269 1700 1282 1721 ,
1305 1674 1372 1713 hoc
1394 1674 1604 1712 necessarium
1623 1683 1762 1722 putans.
2114 1700 2116 1704 s

1427 1829 1909 1878 Scuorron.

1338 1975 1409 2011 AEc
1420 1975 1557 2020 epistola
1569 1975 1680 2013 denuo
1690 1978 1864 2012 confirmat
1874 1972 2114 2011 indomabilem

1356 2026 1547 2062 ,Alexandri
1564 2026 1779 2070 pertinaciam
1802 2051 1813 2061 .
1837 2026 2005 2063 Videntur
2032 2035 2113 2069 qun-

1228 2073 1303 2106 dam
1314 2071 1393 2108 hinc
1405 2075 1484 2107 inde
1497 2075 1604 2109 deesse
1616 2075 1710 2109 verba
1721 2099 1732 2115 ‚
1757 2077 1791 2110 δε
1801 2075 1882 2110 hinc
1893 2076 2034 2110 nascitur
2053 2072 2112 2108 ob-

1229 2122 1379 2157 scuritas.
1407 2122 1568 2159 Notan'da
1581 2123 1656 2161 sunt
1674 2123 1742 2159 haec
1760 2122 1856 2159 verba
1869 2138 1881 2158 :
1907 2124 2042 2168 ,Quando
2059 2133 2111 2157 ex·

1225 2172 1378 2214 pellebant
1387 2173 1568 2213 temporibus
1579 2173 1685 2214 nostris
1697 2197 1708 2212 ,
1735 2174 1800 2208 dcc.
1825 2172 1990 2208 Videntur
2000 2173 2112 2207 affere·

1230 2232 1265 2255 re
1286 2243 1299 2260 ,
1322 2219 1414 2264 quod
1444 2220 1552 2263 plures
1575 2220 1731 2265 Episcopi
1749 2246 1762 2263 ,
1786 2222 1867 2258 dum
1894 2221 2113 2266 pacificatoria

1231 2269 1352 2314 Cyrilli
1373 2268 1509 2314 epistola
1522 2270 1680 2312 advenit,
1705 2283 1746 2308 ac
1755 2270 1821 2316 fuit
1840 2272 1998 2316 publicari
2007 2271 2088 2315 juna
2099 2295 2115 2313 ‚

1230 2319 1299 2364 ejus
1318 2329 1443 2354 nomen
1464 2319 1484 2355 ἐ
1502 2321 1632 2357 suarum
1643 2320 1862 2356 Eccleliarum
1883 2322 2004 2358 tabulis
2012 2330 2117 2367 expli*

1232 2370 1331 2405 ierint
1341 2393 1354 2411 ,
1376 2379 1477 2413 atque
1489 2370 1535 2405 ita
1544 2370 1711 2415 protestati
1725 2372 1789 2406 sint
1797 2372 1904 2416 ipsum
1916 2374 1980 2407 esse
1990 2370 2115 2407 haereti·

1232 2431 1310 2455 cum
1322 2445 1331 2453 .
1356 2419 1450 2454 Hinc
1463 2419 1654 2456 Alexander
1671 2420 1804 2464 scribit,
1830 2422 1921 2468 quod
1931 2422 2038 2467 ipsum
2058 2420 2116 2456 ha-

1233 2470 1309 2507 beat
1318 2468 1506 2505 haereticum
1516 2469 1558 2506 ab
1568 2470 1726 2507 omnibus
1738 2495 1745 2504 .
1771 2472 1810 2507 ld
1820 2473 1867 2508 est
1877 2496 1890 2513 ,
1903 2473 1945 2508 ab
1957 2470 2117 2508 omnibus

1232 2520 1351 2556 habeat
1361 2520 1459 2556 illum
1470 2521 1675 2557 haereticum.
1704 2520 1808 2559 Porro
1818 2532 2036 2557 memoratum
2056 2520 2118 2557 hie

1232 2571 1413 2607 Meletium
1431 2572 1594 2606 existimo.
1609 2574 1674 2607 effe
1696 2571 1988 2616 Mopsuefflensem
2006 2594 2015 2605 .
2041 2571 2115 2605 Hic

1231 2622 1321 2656 enim
1331 2620 1486 2655 adversus
1503 2632 1619 2664 pacem
1643 2623 1678 2655 δι
1698 2622 1850 2656 sanstum
1862 2621 2028 2666 Cyrillum
2048 2621 2116 2655 fuit

1232 2669 1804 2715 petulantiffimus&audaciffimus.
1830 2671 1911 2706 Haec
1922 2672 2042 2706 verba.-
2066 2673 2118 2703 Ee

1232 2726 1380 2756 rationem
1399 2730 1459 2754 non
1467 2725 1565 2764 exegit
1573 2720 1614 2753 ab
1624 2726 1672 2754 eis
1680 2743 1693 2759 ,
1715 2727 1768 2762 que
1778 2722 1888 2755 *dcirca
1894 2718 2119 2764 propuffifint,

1233 2773 1309 2806 sunt
1324 2770 1478 2807 obscura.
1505 2769 1669 2805 Existimo
1681 2767 1772 2805 hunc
1781 2771 1845 2806 else
1867 2773 1994 2806 sensum
2006 2783 2018 2805 .·
2044 2771 2120 2805 Do*

1233 2822 1344 2857 minus
1364 2820 1458 2855 Deus
1477 2820 1556 2855 illos
1575 2820 1659 2856 adeo
1680 2831 1752 2856 non
1767 2820 1939 2868 castigavit
1957 2822 2004 2857 ob
2025 2819 2121 2855 istu&

1233 2882 1317 2917 opus
1327 2895 1342 2913 ‚
1365 2880 1404 2906 ut
1420 2870 1521 2906 etiam
1541 2871 1719 2915 permiserit
1742 2871 1816 2916 ejici
1826 2872 1845 2907 e
1863 2873 1926 2908 suis
1939 2869 2090 2908 EcclefiiS
2100 2891 2116 2910 ι

1235 2931 1334 2968 atque
1350 2921 1398 2958 ita
1407 2921 1574 2967 Martyrio
1584 2923 1792 2959 coronaverit
1803 2946 1813 2956 .
