2320 3730
602 184 917 243 Scnorns,
955 196 1021 227 ET
1055 180 1250 229 No-r1s
1286 191 1690 227 ILLUSTRATAE.

355 340 497 389 CAP
515 342 559 389 U
574 337 616 388 T
653 340 868 388 CXXVI.
906 352 1072 398 --214

205 479 401 549 :Epistola;
428 481 598 549 inquit,
635 481 793 534 Joanm‘s
805 473 980 545 Epifiopz'
998 480 1083 522 An-

272 549 424 599 tiochen}
469 550 523 598 ad
555 556 635 598 Deo
670 546 952 614 Amicffmum
985 545 1083 613 Epa·-

261 619 422 689 fiopum
457 618 744 680 Alexandrum,
774 636 843 688 per
877 634 992 683 quam
1027 619 1083 662 in-

272 690 422 738 dicavit
446 727 458 751 ‚
511 692 606 757 quod
632 694 806 757 praecepit
852 690 1058 755 Imperator
1071 721 1084 746 ,

273 777 316 809 ut
362 759 484 810 nullus
517 757 764 807 Orientalium
814 755 1085 826 Epssoporum

272 828 620 897 Constantinopolim
647 827 970 897 prqficifieretujr.

206 968 395 1055 PLacuit
414 970 555 1015 piiffimo
579 971 613 1004 &
625 968 748 1004 Amico
762 965 884 1000 Christi
894 960 1084 1008 Imperatori

302 1019 414 1054 nostro
435 1019 620 1061 praecipere,
647 1027 685 1050 ut
705 1016 816 1051 nullus
827 1016 903 1050 Deo
922 1012 1086 1049 Amicim-

205 1076 335 1103 morum
355 1066 592 1111 Episcopotum
618 1077 709 1101 nunc
727 1067 768 1101 ad
787 1065 856 1108 ejus
868 1065 1081 1100 Comitatum

204 1117 380 1162 fatigetur,
406 1115 459 1151 sed
469 1115 692 1160 unusquisque
711 1116 746 1150 in
760 1117 814 1149 sua
827 1114 967 1157 persistat
984 1114 1088 1148 Eccle-

199 1165 244 1208 Ιὶα
263 1191 271 1199 .
298 1167 380 1200 Haec
401 1175 481 1200 nota
500 1176 555 1210 per
573 1175 626 1199 me
647 1165 716 1200 fieri
738 1163 845 1200 vestrae
867 1162 1087 1208 Religiositati

205 1215 387 1260 prospexit.
414 1216 506 1262 Qia
528 1214 630 1260 igitur
650 1225 711 1250 nec
732 1214 870 1258 justum,
898 1224 959 1246 nec
969 1213 1088 1256 absque

205 1265 354 1310 periculo
371 1265 436 1299 esse
456 1263 669 1306 arbitramur,
697 1274 766 1308 quae
784 1274 886 1307 nuper
908 1261 1006 1296 nobis
1017 1273 1088 1306 prae-

204 1324 299 1359 cepta
312 1314 467 1356 reticere,
493 1314 738 1350 manifestamus
752 1313 847 1350 vobis
857 1322 1007 1357 oportere
1019 1323 1089 1346 om-

206 1365 305 1400 nibus
336 1376 447 1409 parere
467 1364 639 1408 Praeceptis
656 1389 667 1405 ,
697 1365 731 1399 δε
754 1364 898 1399 vestrum
926 1372 1090 1406 quemque

208 1414 372 1459 quiescere
391 1438 402 1454 ‚
438 1415 607 1449 foventem
640 1414 819 1449 Ecclesiam
852 1413 942 1446 suam
963 1438 972 1444 .
998 1414 1091 1459 Qia

205 1465 355 1498 fandum
368 1463 414 1497 est
435 1462 490 1506 pio
501 1463 693 1508 Imperatori
717 1463 752 1497 δε
763 1462 887 1498 Amico
899 1461 1021 1496 Christi
1044 1464 1095 1497 in·

208 1512 434 1549 dubitabiliter
443 1512 578 1548 obedire
590 1538 598 1546 .
623 1512 774 1558 Dignare
785 1513 887 1557 igitur
899 1510 966 1546 haec
978 1513 1093 1548 eadem

209 1572 294 1598 nota
315 1564 420 1597 facere
440 1561 513 1602 his,
538 1563 597 1605 qui
620 1562 680 1595 sub
690 1572 745 1595 tua
759 1561 988 1604 Religiositate
1000 1563 1095 1601 sunt,

209 1612 289 1648 Deo
309 1609 526 1646 Amiciliimis
541 1610 728 1654 Episcopis.
757 1610 899 1645 Causam
923 1609 1002 1644 vero
1023 1612 1094 1655 post

210 1659 381 1708 paululum
391 1663 571 1705 cognoscet
588 1659 798 1705 Religiofitas
819 1670 874 1695 tua
886 1685 894 1693 .
922 1660 1068 1697 Omnem
1084 1687 1095 1704 ,

211 1721 403 1757 quaetecum
412 1710 458 1746 est
469 1734 481 1753 ‚
508 1710 758 1746 Fraternitatem
779 1709 958 1755 plurimum
970 1711 1071 1749 saluta
1087 1739 1094 1747 .

403 1864 887 1911 SCHOLION.

253 2009 364 2046 Oanni
377 2009 568 2046 Patriarchae
580 2035 592 2052 ,
618 2022 656 2046 ac
677 2010 763 2046 initae
785 2012 857 2056 paci
870 2012 1003 2048 rebelles
1014 2011 1097 2055 Epi-

276 2062 386 2104 scopi,
412 2061 585 2104 postquam
600 2061 775 2094 audierunt
787 2062 951 2104 praefatam
966 2062 1095 2095 Sacram

240 2116 241 2119 ’
282 2111 464 2151 emanasse,
490 2120 529 2143 ac
550 2109 613 2144 effe
633 2110 819 2152 suspensam
837 2134 849 2151 ,
876 2117 1096 2155 conceperunt

211 2161 302 2204 spem
326 2159 421 2204 ipsius
444 2157 725 2194 circumducendae
746 2173 757 2192 .·
785 2160 880 2194 Hinc
901 2172 941 2194 ex
964 2160 1022 2194 ista
1044 2161 1097 2201 spe

213 2210 425 2244 decreverunt
433 2207 587 2252 aquuose
598 2209 657 2240 suo
668 2207 825 2251 Collegio
836 2208 945 2252 legare
956 2209 996 2242 ad
1008 2208 1100 2242 Prin-

213 2258 322 2302 cipem
348 2282 355 2289 .
381 2256 508 2292 Verum
535 2255 635 2290 etiam
658 2257 801 2299 Ioannes
822 2255 1006 2291 Patriarcha
1028 2267 1097 2290 non

212 2307 372 2343 dormivit
398 2331 406 2338 .
444 2305 605 2342 Obtinuit
634 2315 691 2339 aut
722 2306 819 2340 aliam
849 2305 979 2341 Sacram
1006 2330 1016 2347 ,
1044 2315 1099 2339 aut

213 2357 355 2401 quodvis
369 2355 559 2401 Augustum
581 2355 795 2396 mandatum,
819 2356 910 2398 quod
932 2355 1029 2390 istum
1043 2366 1100 2389 ac-

215 2407 338 2440 cessum
363 2405 486 2438 cunetis
497 2405 668 2448 Episcopis
691 2405 896 2439 interdiceret
910 2429 921 2446 ,
947 2406 1101 2448 &pratee-

215 2465 311 2499 ptum
324 2453 415 2488 istius
430 2454 585 2487 Mandati
607 2454 732 2487 cunstis
754 2454 961 2489 insinuandi.
989 2455 1102 2502 Qare

216 2503 436 2539 dubitandum
457 2514 526 2537 non
551 2503 620 2543 est,
646 2503 736 2546 quod
760 2503 845 2538 istud
867 2515 936 2539 non
949 2504 1010 2539 soli
1027 2504 1103 2539 Ale-

214 2554 346 2588 xandro
370 2552 538 2587 insinuarit
563 2575 575 2592 ‚
613 2550 666 2586 sed
695 2552 728 2586 δε
763 2553 835 2587 aliis
856 2553 1101 2599 Metropolitis.

216 2602 362 2637 Videtur
383 2612 453 2636 non
475 2602 569 2635 fuisse
597 2601 712 2635 Sacra.
740 2602 874 2636 Etenim
897 2613 1022 2638 tantam
1046 2615 1104 2648 pro

216 2653 283 2687 suis
307 2651 399 2685 Astis
419 2650 643 2685 austoritatem
663 2651 806 2693 joannes
841 2663 911 2687 non
938 2654 1103 2688 tacuisset.

217 2701 355 2735 Interim
376 2700 460 2734 istud
473 2699 671 2746 Mandatum
694 2708 760 2735 erat
783 2701 836 2735 via
857 2702 898 2737 ad
922 2703 1103 2747 suspensam

219 2752 351 2785 Sacram
373 2747 630 2792 expediendam,
658 2761 695 2784 ac
719 2751 961 2786 mittendamin
974 2753 1103 2797 plenam

219 2799 450 2835 executionem
463 2823 470 2831 .
499 2799 543 2833 Et
554 2799 599 2833 ita
612 2798 658 2833 est
676 2801 817 2836 omnino
832 2804 951 2837 fastum
964 2827 971 2835 .
999 2802 1107 2838 Porro.

220 2851 363 2894 Joannes
399 2848 599 2884 Mandatum
620 2849 785 2885 intimavit
808 2852 885 2886 solis
911 2852 1103 2896 Metropoli-

219 2900 281 2934 tis.
310 2897 524 2934 patriarchali
548 2909 640 2933 more
662 2924 670 2932 .
696 2898 918 2947 Metropolitae
942 2902 1102 2939 debebant

221 2949 374 2984 intimare
384 2950 448 2984 suis
461 2949 632 2995 Episcopis
646 2975 653 2982 .

439 3157 504 3175 ⁴*-l

313 3396 426 3439 christ.
439 3401 518 3443 Lupi
529 3403 629 3443 opera
640 3391 752 3435 Ἰπνπ.

1855 185 1955 241 289-

1297 332 1560 382 CAPUT
1597 336 1833 382 cxxvu.
1866 351 2009 398 --215

1148 473 1349 542 Epistola,
1388 474 1569 541 inquit,
1606 470 1818 521 'Alexandri
1852 471 2029 542 Episcopi

1245 549 1282 592 in
1316 543 1515 611 Persbnam
1550 543 1800 610 Magssriani
1812 579 1824 603 ,
1861 546 1923 609 qm*

1375 614 1562 684 praefatas
1610 612 1793 661 attulerat

1502 684 1644 733 litteras
1657 721 1670 734 .

1232 814 1390 848 Pistolam
1412 811 1494 848 mihi
1515 814 1668 850 reddebat
1700 813 1951 850 Admirabilitas
1971 807 2031 848 tua‘

1255 863 1460 899 Antiocheni
1482 890 1488 896 .
1516 864 1628 912 Qam
1650 876 1718 899 non
1747 865 1868 909 suscepi
1899 874 2030 910 propter

1151 915 1275 957 aliquas
1305 913 1542 949 Ecclesiasticas
1569 914 1758 958 quaestiones
1781 941 1787 947 .
1815 916 1914 950 Lesta
1948 913 2031 948 vero

1152 962 1234 999 mihi
1253 964 1298 999 est
1314 964 1333 996 a
1345 963 1500 998 Bonitate
1521 974 1576 999 tua
1588 989 1597 997 .
1625 964 1669 998 Et
1692 974 1728 998 ut
1742 963 1806 998 hoc
1817 966 1912 1008 poffis
1924 963 2034 999 osten-

1152 1014 1226 1049 dere
1238 1038 1249 1054 ,
1274 1011 1357 1047 hanc
1369 1012 1550 1056 Epistolam
1561 1014 1623 1047 feci
1635 1013 1676 1047 ad
1689 1022 1778 1047 tuam
1789 1013 2011 1048 Nobilitatem
2022 1037 2036 1054 ‚

1153 1064 1319 1099 declarans
1330 1063 1419 1106 quod
1432 1062 1466 1096 in
1478 1061 1530 1097 his
1541 1087 1552 1103 ‚
1578 1073 1649 1106 quae
1659 1071 1811 1105 praecepta
1835 1063 1910 1096 sunt
1919 1062 1938 1095 a
1953 1063 2033 1096 Piis-

1154 1114 1236 1148 fimo
1257 1113 1426 1148 &Amico
1446 1111 1568 1146 Christi
1589 1112 1789 1155 Imperatore
1803 1110 1916 1145 nostro
1929 1135 1939 1151 ,
1965 1122 2034 1153 per-

1155 1174 1273 1199 maneo
1290 1177 1298 1196 ε
1324 1164 1372 1197 Ut
1384 1172 1443 1198 nec
1456 1162 1573 1206 fatiger
1584 1172 1674 1195 nunc
1685 1161 1726 1195 ad
1736 1161 1803 1203 ejus
1817 1159 1907 1205 pium
1923 1159 2041 1194 Comi-

1156 1224 1284 1255 tatum‚
1309 1213 1390 1247 &in
1402 1222 1475 1247 mea
1497 1210 1641 1246 Ecclesia
1663 1209 1846 1255 persistam,
1871 1209 2040 1244 orationes

1156 1264 1280 1299 faciens
1301 1274 1360 1307 pro
1380 1262 1449 1306 ejus
1469 1260 1629 1306 Imperio.
1658 1261 1820 1296 Notarius
1841 1259 1920 1296 ver&
1943 1283 1954 1301 ‚
1981 1258 2041 1305 qui

1158 1323 1287 1350 mecum
1300 1313 1344 1348 est
1355 1337 1368 1356 ‚
1393 1311 1518 1357 accepit
1530 1311 1600 1356 eius
1616 1311 1783 1360 exemplar
1795 1336 1803 1347 ,

1352 1468 1847 1516 ΞοΗοιιοΝ.

1235 1611 1397 1649 Raefatum
1418 1613 1621 1650 Mandatum
1632 1614 1810 1659 Imperator
1829 1610 2044 1646 Theodosius

1258 1663 1299 1697 ad
1310 1663 1469 1706 Ioannem
1484 1663 1705 1699 Patriarcham
1729 1663 1858 1697 miserat
1869 1673 1924 1706 per
1936 1660 2048 1706 Magi‹

1162 1712 1320 1748 strianum
1333 1737 1345 1754 ,
1372 1712 1481 1749 addita
1490 1714 1644 1749 facultate
1659 1713 1773 1749 utendi
1787 1712 1928 1756 ejusdem
1948 1721 2046 1756 opera

1163 1762 1203 1796 ad
1218 1763 1304 1797 idem
1318 1763 1511 1798 mandatum
1523 1763 1699 1798 intimandi
1712 1764 1836 1798 cunstis
1849 1761 1908 1796 fibi
1918 1761 2047 1796 rebelli-

1164 1812 1223 1846 bus
1246 1813 1434 1855 Episcopis.
1464 1814 1601 1847 Etenim
1622 1812 1830 1858 Magistriani
1851 1822 1944 1847 erant
1960 1810 2046 1844 simi-

1165 1862 1246 1895 lium
1260 1861 1488 1896 mandatorum
1501 1874 1539 1897 ac
1550 1862 1749 1897 Litterarum
1758 1863 1907 1897 consueti
1921 1860 2028 1904 Bajuli
2038 1885 2047 1893 .

1164 1913 1212 1946 lta
1225 1912 1402 1955 Imperator
1413 1912 1483 1946 Leo
1496 1913 1626 1947 Sacram
1639 1913 1726 1948 suam
1736 1936 1747 1952 ,
1774 1924 1838 1956 qua
1853 1912 1939 1947 circa
1949 1909 2052 1946 Chal·>

1164 1961 1352 1996 cedonenfis
1363 1962 1488 2005 Synodi
1502 1963 1679 2005 processum
1692 1986 1703 2002 ,
1731 1973 1769 1996 ac
1780 1960 1958 1995 Timothei
1969 1972 2048 1994 con-

1165 2011 1392 2045 tradiflionem
1406 2010 1536 2045 volebat
1550 2012 1664 2048 instrui
1676 2036 1687 2051 ‚
1713 2011 1754 2045 ad
1765 2010 1901 2045 Petrum
1912 2009 2051 2052 Myren-

1165 2060 1232 2093 sem
1259 2059 1459 2102 Episcopum
1481 2083 1492 2099 ‚
1518 2061 1631 2101 Lyciae
1651 2060 1903 2104 Metropolitam
1924 2084 1935 2100 ,
1961 2058 2049 2093 misit

1165 2119 1221 2152 per
1233 2107 1500 2143 Branemondum
1512 2108 1783 2154 Magistrianum.
1814 2109 1944 2144 Similes
1966 2109 2052 2143 litte-

1165 2169 1213 2192 ras
1224 2158 1265 2192 ad
1279 2157 1475 2193 AEtherium
1486 2158 1673 2193 sardensem
1685 2159 1885 2202 Episcopum
1894 2184 1905 2200 ,
1931 2158 2050 2202 Lydiae

1165 2206 1414 2248 Metropolitam
1443 2229 1456 2246 ‚
1481 2207 1566 2240 misit
1587 2217 1642 2248 per
1661 2207 1916 2249 Magistrianum
1939 2207 2049 2241 Eudo-

1166 2255 1259 2287 xium
1281 2277 1289 2286 .
1317 2253 1408 2288 Idem
1431 2253 1604 2288 Eudoxius
1624 2254 1740 2289 similes
1766 2255 1906 2292 Litteras
1927 2256 2049 2292 detulit

1166 2303 1207 2338 ad
1220 2302 1425 2347 Cyzicenum
1445 2303 1663 2348 Episcopum,
1690 2305 1943 2350 Metropolitam
1964 2307 2048 2341 Hel-

1166 2353 1321 2398 lesponti.
1347 2353 1495 2388 Plurima
1506 2354 1579 2388 sunt
1591 2354 1772 2390 istiusmodi
1785 2357 1944 2401 exempla.
1956 2357 2048 2391 Nam

1167 2403 1199 2437 δε
1211 2403 1332 2437 famosa
1346 2403 1401 2437 illa
1412 2404 1445 2437 ἀ
1458 2406 1661 2439 momentosa
1679 2405 1772 2440 Sacra
1788 2430 1798 2446 ,
1824 2417 1887 2450 qua
1912 2406 2051 2449 Impera-

1169 2452 1441 2487 torTheodosius
1465 2454 1608 2489 maxima
1629 2454 1788 2498 disposuit
1809 2456 1893 2490 circa
1919 2455 2048 2499 Ephefi-

1171 2514 1246 2537 nam
1257 2503 1428 2546 Synodum
1440 2528 1452 2544 ‚
1470 2504 1636 2547 deportata
1649 2505 1713 2540 fuit
1725 2516 1780 2548 per
1792 2505 2048 2550 Magistrianum

1166 2552 1341 2587 Palladem.
1369 2552 1471 2586 Porro
1483 2553 1700 2597 Metropolita
1714 2555 1900 2590 Alexander
1914 2554 2049 2590 horren-

1165 2601 1204 2635 de
1219 2601 1274 2636 hic
1288 2601 1432 2636 ostendit
1453 2603 1548 2636 suum
1571 2602 1793 2639 exulceratum
1816 2617 1876 2649 pro
1888 2605 2047 2640 Nestorio

1165 2653 1310 2686 animum
1326 2676 1336 2692 ,
1362 2652 1395 2686 δε
1406 2651 1538 2696 plenum
1553 2653 1639 2696 pacis
1654 2653 1770 2688 odium
1785 2679 1793 2687 .
1819 2655 1953 2689 Etenim
1977 2666 2050 2698 pro.

1165 2702 1270 2746 prii&
1281 2700 1337 2735 sibi
1354 2701 1536 2736 amiciffimi
1549 2702 1742 2738 Patriarchae
1755 2728 1766 2744 ‚
1792 2704 1950 2745 quoniam
1961 2705 1993 2738 se
2003 2704 2045 2739 ab

1164 2752 1230 2795 ejus
1242 2751 1479 2786 communione
1491 2752 1674 2795 sejunxerat
1689 2777 1700 2794 ,
1726 2754 1849 2788 litteras
1860 2765 1919 2788 nec
1930 2754 2049 2788 admit-

1165 2813 1230 2837 tere
1244 2801 1367 2836 voluit.
1394 2801 1642 2846 Longesminus
1662 2804 1836 2848 inspicere.
1866 2804 1958 2836 Hinc
1973 2804 2046 2836 Ma·

1163 2852 1336 2896 gisirianus
1349 2851 1430 2895 ipsas
1444 2851 1568 2895 aperuit
1581 2877 1592 2893 ,
1615 2852 1650 2886 ὃς
1670 2850 1859 2888 Alexandro
1878 2851 2020 2898 praelegit
2036 2875 2046 2887 ι

1166 2902 1208 2936 Et
1221 2901 1358 2946 ipsarum
1368 2901 1467 2937 finem
1483 2900 1630 2937 obtinuit
1645 2926 1652 2933 .

1772 3107 1835 3149 '‘

1371 3163 1407 3183 ix
1422 3162 1437 3173 κ
1770 3165 1804 3183 ἱκ
1822 3167 1835 3176 f

1594 3404 1622 3436 B
1649 3404 1669 3438 b
1915 3400 1989 3436 CA-
