2320 3730
599 172 918 227 Sc-norns,
959 186 1021 216 ET
1055 162 1250 216 Nous
1280 180 1688 215 attonuit-›riz-

204 267 272 302 que
283 253 370 292 unde
380 251 421 289 ad
431 258 558 302 tantam
570 255 673 298 usque
686 253 853 289 tristitiam
875 254 1089 299 asperitatem·

201 319 272 350 que
295 304 500 349 pervenerint
521 330 529 338 .
555 305 734 353 Quidquid
769 306 848 340 vero
872 304 1010 348 amplius
1035 303 1088 348 agi

205 354 348 401 potuerit
359 380 370 397 ‚
384 365 454 393 ¹aut
463 366 521 399 per
531 367 585 390 me
604 366 661 390 aut
674 367 728 400 per
741 356 862 391 litteras
874 379 885 396 ‚
911 354 1091 399 propitian-

205 416 238 440 te
258 405 357 446 Deo,
383 416 459 440 cum
474 406 577 441 multa
598 406 763 442 celeritate
785 403 1001 442 manifestabo
1013 404 1090 438 Ma-

199 455 376 501 gnitudini
392 456 517 492 vestras.

392 610 887 660 Seuer-rou,

319 754 389 790 AEc
409 756 542 800 RelatIo
572 753 675 791 lat-ine
693 755 800 791 exstat
826 780 838 798 ,
864 765 934 791 non
962 752 1091 793 Graece.

205 842 208 845 ,
329 806 373 840 Ec
384 810 514 851 praesens
524 806 617 850 ipsius
627 807 820 849 translatio,
847 806 1007 852 quoniam
1022 816 1090 840 non

206 867 323 899 parum
348 856 472 891 diversa
496 857 543 891 est
569 882 581 898 ‚
608 868 670 891 nos
696 857 791 902 poffit
817 857 926 902 aliqua
944 855 1094 893 docere.

205 905 303 940 Hinc
320 905 404 940 duxi
427 905 693 953 adjungendam.

344 1126 390 1175 C
426 1128 471 1176 A
505 1126 542 1172 P
578 1129 626 1176 U
662 1127 705 1175 T
772 1131 878 1180 »XV
893 1129 958 1180 11.

201 1261 376 1331 Epistola
409 1267 570 1319 Joannis
615 1263 833 1314 Antiocheni
879 1262 1058 1335 Epifiopi
1083 1302 1097 1328 ,

275 1337 336 1381 &⁰
382 1334 523 1399 synodi
558 1353 636 1402 quae
686 1356 771 1384 cum
805 1357 844 1385 eo
890 1340 1059 1384 convenit
1079 1372 1092 1397 ‚

266 1404 329 1451 'ad
363 1407 627 1472 Imperatorem
660 1405 908 1472 Theodosium
933 1443 947 1468 9
984 1424 1099 1473 quam

274 1474 491 1535 direxerunt
518 1490 589 1547 per
619 1475 772 1524 eundem
806 1484 993 1531 Joannem
1027 1482 1100 1525 Co-

273 1548 406 1593 mitem
428 1579 443 1605 ,
477 1546 517 1591 in
553 1562 628 1611 qua
662 1549 777 1594 eriam
811 1545 1014 1595 Catholicae
1039 1546 1098 1611 fi-

273 1613 332 1663 dei
365 1613 437 1663 illa
471 1612 658 1682 Cory‘ffo
692 1621 892 1666 continetur
925 1653 939 1678 ‚
984 1635 1098 1683 quam

267 1684 398 1760 postea
432 1685 599 1750 Cyrillus
637 1686 917 1739 Alexandrinus
938 1686 1096 1757 Episso-

268 1773 345 1828 pus
372 1773 442 1826 per
476 1755 688 1822 Pacificam
724 1757 907 1807 laudavit
941 1759 1096 1828 Episto-

274 1825 360 1875 lam
390 1865 407 1888 ,,
433 1825 602 1894 scribens
636 1828 749 1876 eidem
786 1833 928 1884 Joamn‘
964 1834 1101 1876 Antio-

277 1895 387 1943 cheno
433 1895 592 1963 Praefidi
632 1915 702 1965 per
749 1902 944 1965 Legatum
990 1903 1099 1948 Pacis

277 1964 446 2013 Paulum
479 2002 494 2026 ,
531 1965 753 2032 ΕνηςῘὲηιιῑη
786 1967 1016 2035 Epffcopum
1030 2001 1063 2035 0¹

297 2106 529 2149 Onsequenter
539 2106 612 2150 quis
623 2117 681 2142 eos
694 2131 705 2147 ‚
730 2105 786 2151 qui
802 2118 891 2141 nunc
914 2096 1014 2146 sunts
1036 2106 1101 2141 val-

323 2156 364 2190 de
383 2155 545 2191 beatificet
558 2156 709 2192 homines
720 2157 804 2192 ultra
824 2157 901 2192 illos
916 2182 927 2199 ‚
948 2158 1007 2199 qui
1026 2156 1102 2191 ante

210 2206 357 2244 nostram
368 2207 459 2241 fuere
472 2207 662 2252 progeniem
674 2232 685 2249 ,
711 2207 754 2242 eo
766 2208 856 2252 quod
876 2207 894 2241 a
914 2207 1022 2242 vestro
1043 2218 1101 2252 gu-

210 2256 389 2294 bernentur
413 2257 558 2300 Imperio
580 2283 587 2289 .
625 2257 752 2292 Decem
775 2257 924 2292 millibus
944 2258 1101 2301 siquidem

211 2306 297 2342 curis
319 2318 378 2350 pro
397 2303 532 2342 Mundo
545 2307 646 2342 vestra
664 2307 774 2342 Pietas
795 2317 892 2342 utens
909 2333 920 2348 ,
945 2307 1102 2343 omnibus

211 2356 334 2391 caeteris
355 2356 601 2400 providentiam
622 2369 682 2402 pro
707 2358 759 2402 pia
778 2357 961 2404 Religione
983 2369 1103 2402 praepo·

211 2405 276 2441 suit
287 2431 294 2439 .
322 2405 537 2441 Praehonorat
550 2409 651 2442 etiam
662 2407 949 2443 laudandiffimum
963 2419 1102 2453 regnum

212 2456 354 2488 vestrum
365 2465 403 2488 ea
414 2478 426 2494 ,
452 2466 524 2497 qua:
534 2457 600 2489 Dei
611 2458 686 2489 sunt
698 2480 709 2495 ,
736 2457 822 2491 ultra
834 2458 984 2491 universa
1009 2467 1103 2490 terre·

212 2515 276 2544 na,
300 2504 462 2545 quoniam
483 2504 608 2538 fidesin
623 2515 700 2539 eum
715 2504 858 2548 optimas
882 2505 1103 2550 cogitationes

211 2553 329 2588 vestras
355 2553 391 2588 &
410 2554 500 2587 astus
519 2554 560 2588 ad
572 2555 719 2589 universa
753 2553 842 2588 bona
853 2553 974 2590 Pietati
997 2555 1103 2589 vestrae

209 2613 424 2647 cooperatur.
452 2602 535 2641 Haec
558 2603 603 2639 ita
624 2604 657 2637 se
679 2602 798 2646 habere
819 2604 944 2647 semper
969 2604 1102 2647 quidem

210 2654 446 2699 cognoscimus
456 2665 497 2688 ex
512 2654 585 2696 ipsis
595 2653 763 2688 effeffibus
774 2665 782 2686 ε
810 2653 962 2688 Maxime
974 2655 1051 2689 vero
1066 2655 1101 2689 in

212 2704 360 2748 praesenti
390 2702 457 2738 hoc
478 2704 598 2738 fastum
617 2704 665 2738 est
694 2713 841 2747 tempore
867 2705 1099 2739 manifestum.

213 2754 305 2790 Nam
315 2754 395 2789 dum
411 2751 601 2789 Sacerdotes
613 2754 790 2798 improvisis
802 2755 1103 2798 perturbationibus

213 2804 438 2847 comprehensi
452 2805 548 2845 sunt,
572 2805 731 2840 &contra
744 2805 887 2842 invicem
901 2804 985 2840 bella
1012 2817 1102 2840 com-

215 2865 349 2889 movere
358 2855 568 2899 confligunt,
594 2866 828 2900 commotaque
840 2856 879 2890 sit
891 2856 1000 2890 nostra
1024 2868 1101 2891 con-

215 2904 353 2946 cordia,
380 2904 552 2950 AEgyptio
572 2905 741 2943 Mundum
751 2906 906 2941 consuete
928 2905 1079 2941 turbante
1093 2933 1103 2949 ‚

215 2954 396 2989 Decretum
408 2956 518 2989 vestrae
530 2955 666 2990 Pietatis
677 2981 687 2996 ,
713 2956 802 3002 quod
816 2967 870 3001 per
882 2957 1100 3002 Magnificen-

217 3004 374 3039 tiffimum
399 3005 433 3040 &
443 3005 717 3041 Gloriosiffimum
731 3007 901 3042 Comitem
913 3010 1100 3043 cunctarum

218 3052 450 3097 Largitionum
466 3056 625 3099 Joannem
637 3057 882 3104 promulgatum
892 3057 937 3092 est
948 3083 959 3100 ‚
986 3060 1034 3094 sat
1054 3059 1100 3094 est

218 3101 261 3136 ad
284 3113 379 3137 vanas
399 3106 604 3142 aestuationes
629 3108 781 3142 omnium
801 3109 1021 3153 reprimendas
1035 3134 1046 3150 ,
1077 3110 1099 3143 fi

219 3162 330 3187 tamen
343 3152 480 3189 velimus
493 3155 594 3191 sobrie
606 3168 700 3202 agere
714 3183 721 3190 .
748 3158 834 3193 Illud
846 3157 920 3193 vero
932 3160 1037 3205 magis
1054 3159 1099 3194 est

215 3202 396 3244 universis,
421 3206 637 3250 quodinipsis
648 3208 764 3243 litteris
789 3210 929 3245 vestrum
951 3211 1101 3255 praecepit

219 3252 399 3296 Imperium
410 3256 529 3289 auferri
549 3256 681 3300 quidem
693 3259 865 3301 scandala,
891 3271 960 3305 quae
983 3260 1026 3295 ab
1046 3261 1099 3296 ali·

217 3301 339 3347 quibus
348 3304 436 3338 restat
447 3306 720 3349 superintrodueta
732 3311 806 3344 sunt
819 3310 919 3351 fidei,
946 3310 1003 3345 illa
1025 3310 1102 3346 vero

218 3353 270 3387 uti
292 3354 403 3400 regula
428 3355 463 3389 δε
485 3357 633 3391 mensura
643 3358 741 3402 fidei,
767 3371 836 3404 quae
857 3360 899 3396 de
914 3362 991 3396 Deo
1012 3361 1100 3401 &Pa-

217 3403 323 3439 txibus
345 3405 380 3440 in
402 3404 515 3444 Nicaea
530 3407 673 3453 exposita
683 3408 728 3444 est
741 3433 753 3452 ,
778 3421 849 3454 quae
871 3422 977 3457 neque
992 3412 1100 3447 minus

1910 182 1967 226 55

1147 249 1271 286 habens
1290 249 1413 295 aliquid
1437 261 1544 295 neque
1563 250 1761 294 superfluum
1782 276 1794 294 ,
1820 251 2033 297 compendio-

1150 303 1217 336 sam
1237 301 1375 335 salutem
1402 301 1526 345 praestat
1547 325 1558 341 ‚
1595 301 1707 344 paucis
1727 303 1832 338 verbis
1853 304 2035 339 continens
2083 337 2085 340 .

1152 362 1260 387 totum
1282 377 1295 393 ‚
1319 351 1481 397 quidquid
1505 350 1603 386 nobis
1626 351 1667 385 de
1689 351 1810 396 pietate
1830 353 2037 390 tradiderunt

1153 403 1322 446 Scripturae
1345 403 1498 437 Divinae:
1526 403 1613 451 Qae
1638 402 1674 436 ὅ(
1695 402 1855 446 abjuravit
1877 415 1953 446 eos,
1978 405 2038 447 qui

1156 453 1252 487 nobis
1273 452 1389 490 volunt
1408 453 1561 489 inducere
1579 452 1744 488 novitates
1764 453 1915 487 sensuum
1934 465 2041 490 erran-

1155 505 1258 538 tium.
1863 518 1867 522 ·

1204 553 1315 597 Hujus
1331 553 1376 588 rei
1397 553 1502 601 gratia
1522 577 1533 594 ,
1560 552 1674 587 litteris
1696 552 1835 589 Pietatis
1857 553 1970 588 vestrae
1991 553 2040 589 sn-

1157 604 1270 646 sceptis
1294 628 1305 643 ‚
1330 605 1495 639 intuentes
1514 604 1605 649 quod
1624 604 1759 648 Imperii
1779 603 1876 639 vestri
1896 603 2043 638 intentio

1152 654 1243 688 1ectae
1265 652 1399 687 Parrum
1421 654 1500 691 fidei
1521 655 1739 695 conveniret,
1765 654 1991 691 festinavimus
2005 653 2044 687 il-

1157 703 1208 743 la,
1236 713 1307 745 quae
1321 714 1423 745 nuper
1433 704 1578 749 exposita
1589 706 1663 739 sunt
1684 705 1704 740 a
1722 704 1876 749 Cyrisso,
1907 705 2043 748 Capitu-

1156 753 1189 787 la
1211 752 1421 797 Evangelicae
1445 755 1480 791 ὃς
1502 753 1704 798 Apostolicae
1724 755 1893 791 Destrinae
1913 764 2043 789 contra-

1157 804 1204 837 ria
1227 801 1447 836 condemnare
1471 814 1479 833 ε
1518 804 1557 837 ln
1577 804 1699 847 quibus
1716 817 1834 841 omnes
1858 830 1871 847 ‚
1895 814 1965 840 tam
1985 803 2045 848 qui

1159 864 1248 887 nunc
1269 853 1344 887 sunt
1364 876 1375 892 ,
1404 862 1504 895 quam
1526 853 1584 894 ςέιιὶ
1609 854 1691 890 olim
1722 856 1872 900 quolibet
1897 865 2046 899 tempore

1160 905 1293 938 fuerunt
1311 927 1322 944 ,
1349 902 1486 937 Sanctos
1510 900 1787 941 anathematizare
1823 905 2022 951 praesumpfit
2037 930 2048 938 .

1157 954 1244 1001 ,Qae
1265 952 1322 987 ille
1343 953 1377 986 in
1403 952 1548 997 praesenti
1566 961 1715 996 tempore
1735 957 1823 995 quasi
1843 955 2048 1000 Episcopalis

1160 1003 1414 1048 perturbationis
1425 1003 1585 1045 quaesitam
1597 1000 1654 1037 diu
1663 1002 1868 1038 occasionem
1879 1008 2050 1049 reperiens,

1159 1055 1194 1094 ἀ
1216 1054 1474 1098 cooperatricem
1496 1053 1626 1087 sumens
1647 1052 1871 1097 ignorantiam
1898 1056 2052 1097 plurimo-

1159 1115 1253 1146 rum,
1282 1103 1493 1148 quorundam
1515 1102 1593 1138 vero
1613 1102 1812 1138 &morbum
1825 1127 1836 1144 ,
1862 1104 1920 1148 qui
1945 1105 2054 1138 occul·

1159 1165 1244 1190 tatus
1254 1155 1337 1190 olim
1347 1180 1359 1197 ,
1385 1166 1475 1189 nunc
1486 1153 1677 1189 manifestus
1688 1152 1818 1188 effeetus
1829 1152 1876 1187 est
1887 1177 1899 1194 ,
1927 1154 1962 1188 &
1973 1155 2056 1188 frau-

1160 1206 1297 1240 dulenta
1321 1205 1503 1250 pertinacia
1527 1214 1647 1246 utens,
1674 1204 1843 1248 Synodica
1857 1205 2056 1239 confirmare

1159 1253 1359 1290 authoritate
1370 1256 1530 1291 tentavit.
1557 1255 1642 1291 Haec
1652 1265 1785 1297 autem,
1812 1255 1895 1289 ficut
1914 1254 2057 1289 vestrum

1159 1306 1321 1351 cognovit
1333 1306 1514 1350 Imperium
1527 1331 1539 1348 ,
1565 1305 1689 1344 &Deo
1702 1304 1931 1340 Amiciffimus
1957 1315 2058 1349 atque

1160 1355 1382 1392 Sanctiffimus
1401 1356 1498 1391 Patet
1518 1358 1626 1392 noster
1651 1357 1685 1390 δε
1709 1356 1889 1400 Episcopus
1914 1354 2058 1390 Aeacius

1163 1407 1314 1442 Sanctam
1336 1406 1514 1451 Synodum
1546 1418 1603 1451 per
1626 1406 1751 1441 litteras
1772 1406 1908 1441 edocuit
1929 1430 1939 1447 ,
1964 1405 2059 1451 quod

1163 1455 1365 1501 Apollinarii
1386 1457 1550 1502 impietati
1576 1457 1782 1492 conveniunt
1804 1483 1812 1489 .
1847 1456 1960 1491 Novit
1981 1454 2060 1490 vero

1165 1506 1230 1542 haec
1243 1507 1328 1543 clare
1341 1508 1409 1547 vir,
1438 1508 1495 1552 qui
1507 1517 1640 1542 centum
1652 1506 1767 1542 decem
1784 1506 1858 1540 vitae
1881 1517 1988 1541 annos
2007 1516 2064 1541 ex-

1165 1558 1265 1601 plevit
1278 1582 1289 1599 ,
1316 1569 1454 1593 omnem
1465 1557 1542 1592 vero
1556 1558 1658 1592 vitam
1670 1557 1705 1591 in
1728 1555 1941 1600 Evangelicis
1962 1565 2062 1589 certa-

1166 1608 1311 1642 minibus
1322 1608 1511 1643 desudando
1525 1608 1704 1651 transegit;
1731 1606 1764 1638 δε
1780 1605 1926 1647 synodis
1948 1604 2061 1638 multis

1166 1659 1315 1692 interfuit
1336 1671 1346 1702 ;
1373 1659 1406 1697 &
1430 1669 1487 1692 eos
1509 1658 1565 1700 qui
1589 1655 1795 1700 Apollinaris
1813 1654 1971 1699 dogmata
1993 1655 2063 1689 sen-

1165 1707 1254 1742 tiunt
1265 1732 1276 1749 ,
1302 1710 1428 1753 semper
1439 1706 1616 1742 secundum
1631 1707 1743 1741 locum
1752 1705 1922 1749 proximos
1935 1704 2062 1739 habuit.

1167 1758 1275 1794 Unde
1300 1759 1335 1793 &
1356 1767 1425 1793 tam
1450 1757 1609 1792 facillime
1631 1755 2063 1802 comprehendere‘valuit,

1165 1809 1255 1852 quod
1267 1809 1356 1844 illius
1370 1809 1507 1843 vesaniae
1518 1809 1579 1843 sint
1593 1809 1720 1853 ptaefata
1734 1806 1891 1850 Capitula
1902 1831 1910 1839 .

1217 1860 1298 1892 Haec
1320 1867 1357 1892 ut
1378 1859 1598 1901 projicerent,
1623 1859 1656 1896 ἀ
1678 1868 1735 1891 eos
1755 1858 1813 1899 qui
1835 1856 1918 1890 olim
1940 1855 2062 1890 seduffl

1166 1908 1240 1942 sunt
1261 1908 1445 1951 Episcopos
1465 1931 1478 1947 ‚
1502 1907 1535 1941 &
1563 1907 1596 1940 in
1632 1906 1679 1941 eis
1707 1904 1906 1940 subscribere
1926 1906 2063 1939 fuerunt

1167 1957 1265 2001 paffi,
1292 1957 1480 2000 rogavimus
1489 1967 1567 1989 cum
1585 1957 1713 1998 Joanne
1727 1954 1972 1989 Gloriosisfimo
1995 1955 2064 1988 Co-

1167 2007 1248 2040 mite
1261 2029 1273 2046 ‚
1298 2006 1332 2039 &
1355 2015 1391 2040 ut
1413 2005 1432 2038 a
1445 2006 1527 2041 resia
1548 2005 1614 2039 fide
1626 2015 1663 2039 ea
1678 2006 1857 2038 faterentur
1871 2005 2001 2043 aliena,
2025 2014 2064 2038 ac

1134 2089 1137 2091 ,
1164 2056 1340 2091 nobiscum
1362 2053 1597 2090 subscriberent
1628 2056 1748 2090 restam
1772 2053 1909 2089 Parrum
1939 2053 2064 2096 fidem,

1164 2107 1220 2151 qui
1234 2106 1383 2157 Nicaeam
1397 2114 1646 2141 convenerunt:
1672 2105 1716 2140 Et
1727 2115 1784 2139 eos
1795 2104 1986 2148 persuadere
2006 2115 2066 2138 ne-

1165 2158 1334 2202 quivimus
1352 2182 1360 2189 .
1403 2156 1494 2203 Qa
1515 2167 1584 2191 tam
1606 2156 1705 2191 semel
1729 2167 1786 2190 eos
1805 2156 1951 2200 contigit
1978 2154 2064 2190 male

1167 2207 1351 2252 praeveniri.
1381 2207 1424 2242 Et
1436 2207 1593 2250 compulsi
1605 2205 1712 2241 sumul
1736 2207 1823 2241 inter
1846 2207 2064 2249 nosmetipsos

1167 2258 1263 2302 ipsius
1276 2257 1492 2292 sinceritatem
1513 2257 1590 2292 fidei
1603 2257 1753 2291 confiteri
1766 2281 1776 2298 ,
1802 2266 1900 2301 atque
1911 2256 1969 2300 ipsi
1991 2256 2067 2291 sub·

1165 2307 1329 2349 scribere,
1353 2308 1389 2342 &
1412 2317 1566 2342 excutere
1587 2307 1702 2351 scripta
1726 2306 1945 2342 Conseffione
1969 2305 2062 2340 illam

1166 2359 1360 2403 superfluam
1372 2382 1384 2399 ,
1409 2358 1575 2393 malorum
1590 2358 1743 2401 sensuum
1756 2357 1887 2402 plenam
1899 2382 1910 2398 ,
1937 2356 2064 2400 expofi·

1166 2409 1292 2442 tionem
1317 2408 1575 2451 Capitulorum.
1603 2407 1741 2443 Illorum
1765 2419 1910 2451 namque
1942 2417 2063 2451 pauco-

1167 2468 1238 2489 rum
1251 2456 1423 2489 verborum
1434 2458 1521 2489 restae
1531 2456 1610 2490 fidei
1622 2457 1794 2490 Confeffio
1807 2457 1926 2490 sufficit
1945 2457 1981 2489 &
1991 2466 2064 2490 orn-

1168 2517 1244 2539 nem
1257 2503 1445 2539 haereticum
1456 2515 1598 2539 errorem
1609 2505 1805 2540 convincere
1817 2530 1828 2547 ,
1842 2506 1877 2540 δε
1889 2504 2060 2543 veritatem

1167 2555 1315 2590 volentes
1338 2554 1499 2589 imbuere.

1214 2604 1336 2648 Neque
1348 2603 1437 2638 enim
1449 2604 1490 2639 de
1501 2601 1575 2644 his,
1601 2613 1673 2647 quae
1692 2602 1733 2638 ad
1755 2602 1939 2649 Unigeniti
1962 2604 2060 2641 Divi-

1166 2655 1302 2689 nitatem
1317 2655 1483 2698 pertinent
1496 2679 1506 2694 ,
1533 2653 1681 2698 praedista
1692 2655 1882 2689 Sanctorum
1906 2655 1987 2689 fides
1999 2655 2058 2690 Pa-

1165 2715 1255 2739 trum
1268 2704 1333 2739 huc
1359 2714 1457 2749 atque
1470 2704 1549 2739 illuc
1560 2705 1635 2738 ferri
1649 2704 1791 2749 permisit
1803 2729 1814 2745 ,
1841 2705 1895 2739 sed
1916 2705 2059 2740 consub-

1166 2755 1412 2791 stantialitatem
1442 2754 1618 2799 praedicans
1644 2754 1838 2790 inconcusse
1873 2755 2058 2791 intellectus

1166 2806 1314 2841 fidelium
1336 2805 1521 2850 praemuniit
1544 2830 1555 2845 ,
1589 2804 1749 2841 Arianam
1773 2805 1941 2840 destruens
1961 2804 2056 2841 hare-

1166 2858 1224 2891 sim
1244 2882 1252 2890 .
1291 2856 1335 2891 Et
1362 2855 1610 2901 Dispensationi
1633 2856 1861 2902 integerrimos
1894 2856 2056 2891 terminos

1166 2906 1319 2947 tradidit,
1345 2906 1694 2941 inconvertibilitatem
1710 2918 1772 2942 nos
1797 2906 2058 2941 &immutabili-

1166 2967 1266 2992 tatem
1278 2956 1477 2993 Divinitatis
1487 2957 1671 3002 Unigeniti
1683 2956 1804 2992 docens
1817 2981 1827 2997 ‚
1853 2956 1887 2990 &
1900 2967 1968 2991 non
1990 2958 2056 2992 esse

1166 3007 1336 3043 hominem
1349 3019 1465 3052 purum
1477 3009 1666 3043 Dominum
1680 3008 1827 3042 nostrum
1840 3007 1945 3050 Jesum
1957 3005 2056 3042 Chri·

1165 3059 1273 3099 stum,
1299 3058 1351 3093 sed
1375 3058 1482 3093 revera
1505 3058 1627 3092 Filium
1649 3057 1716 3093 Dei
1739 3058 1826 3093 credi
1840 3057 2053 3101 praecipiens,

1164 3110 1350 3144 consonans
1362 3109 1497 3143 Divinis
1508 3108 1693 3153 Sanstisque
1704 3108 1876 3152 Scripturis
1885 3132 1896 3148 ,
1923 3118 2053 3143 annun-

1163 3160 1248 3195 ciat.
1276 3158 1376 3193 Unde
1402 3160 1437 3194 &
1458 3170 1519 3193 nos
1530 3159 1585 3193 illa
1598 3160 1791 3203 sequentes,
1818 3157 1896 3192 fidei
1916 3158 2052 3201 quidem

1163 3209 1434 3254 confessionisque
1443 3209 1642 3253 expositioni
1652 3221 1759 3254 neque
1769 3208 1943 3252 adjicimus
1957 3208 2053 3252 quid-

1156 3271 1283 3305 quam,
1312 3270 1416 3305 neque
1441 3257 1661 3296 subtrahimus
1681 3284 1692 3300 ,
1717 3258 1896 3296 sufficiente
1919 3259 1961 3293 ad
1983 3268 2052 3293 om-

1163 3312 1216 3346 nia
1226 3311 1431 3355 expositione
1442 3309 1580 3345 Paterna
1596 3335 1603 3343 .
1631 3310 1804 3356 Qoniam
1823 3308 1922 3348 vero,
1948 3309 2052 3352 Impe-

1162 3371 1281 3396 ratores
1293 3361 1429 3395 Piiffimi
1442 3385 1454 3401 ,
1480 3361 1670 3404 praecepistis
1681 3361 1750 3404 post
1770 3360 1861 3395 hunc
1886 3360 2048 3394 assensum

1163 3411 1366 3448 inviolabilis
1378 3410 1455 3449 fidei
1481 3411 1514 3447 &
1537 3409 1578 3448 de
1589 3412 1705 3449 Sancta
1731 3412 1766 3448 ὗε
1787 3408 2050 3494 Οείνᾷειξίττίεο

1896 3467 2001 3503 irgine
