2320 3730
354 136 448 183 218

277 221 348 261 las,
374 231 454 263 quas
475 219 518 254 ad
543 219 733 263 Dominum
758 232 892 262 meum,
917 231 1038 264 perque
1058 218 1175 252 omnia

277 270 516 309 Sanstiffimum
539 281 753 315 communem
772 272 905 314 Patrem
919 269 1082 310 ¹Acacium
1098 267 1178 310 Epi-

276 323 412 363 scopum
433 320 603 362 dii-existi:
631 323 677 364 Et
701 321 768 362 vidi
801 319 1039 362 subtilitatem,
1065 318 1171 362 tnagis

275 381 385 405 autem
401 371 614 412 minutiarum
627 371 815 413 Dialesticae
824 367 1055 409 minutissimas
1068 392 1079 408 ,
1099 379 1171 412 quae

274 420 311 454 in
323 420 471 465 Epistola
484 422 682 466 ferebantur.
711 421 793 455 Non
807 427 917 461 tamen
929 415 1015 459 hanc
1037 417 1171 462 subtili*

274 467 376 512 ,tatem
411 473 508 507 video
543 470 689 517 praesenti
728 469 869 514 tempori
895 467 1011 511 utilem
1028 492 1036 499 .
1076 468 1169 506 Dum

272 522 365 562 enim
389 534 447 558 vos
458 531 607 567 oporteat
630 520 799 565 delectari,
828 519 869 553 eo
891 518 980 561 quod
1000 518 1040 553 de
1062 529 1170 560 come-

271 570 493 614 dentiexierit
512 572 625 611 cibus,
650 572 684 614 δε
698 582 739 605 ex
753 581 865 604 amaro
886 567 1050 611 dulcedo,
1077 570 1111 604 ὅ(
1126 569 1167 613 ab

270 632 314 659 eo
329 646 341 664 ‚
367 623 423 668 qui
450 634 516 657 uon
542 623 624 667 sapit
645 634 682 661 ea
695 632 766 664 quae
778 619 886 661 nostra
900 621 974 661 sunt
989 643 1001 661 ,
1029 619 1087 659 illa
1098 630 1167 664 ,quae

270 672 381 712 nostra
406 675 480 716 sunt
504 696 515 713 ,
539 674 595 707 illa
618 682 689 714 quae
720 669 863 713 sapimus
887 681 949 705 nos
971 694 983 711 ‚
1010 669 1163 714 patimini

269 722 374 764 illud,
401 723 489 767 quod
506 719 544 765 'in
559 719 811 755 proverbiorum
836 719 921 755 libro
945 720 1067 764 didium
1093 721 1160 755 est:

266 776 300 813 15
311 779 364 814 qut
377 777 489 813 vincit,
517 774 642 814 negavit
652 769 751 815 [ἕρπε
763 771 926 816 timorem.
954 771 1074 817 Homo
1094 772 1161 806 Dei

264 831 488 862 commemora
501 821 735 867 temetipsum,
765 822 925 865 quoniam
952 822 1087 857 totietas
1098 821 1160 865 haz-

262 871 333 905 resis
345 870 550 914 Apollinaris
574 872 608 906 in
633 882 823 917 naturarum
846 872 1015 907 mixtione
1037 873 1158 908 &con-

260 921 386 955 fusione
408 933 544 963 ornnem
568 922 813 965 consistentiam
836 921 960 966 habet,
986 923 1058 967 Ipse
1081 922 1159 967 vero

259 969 294 1012 id
317 970 413 1005 latius
428 972 556 1017 sepulit
580 998 591 1015 ‚
630 973 914 1021 anathematizans
938 973 1156 1014 mixtionem,

258 1033 330 1065 quae
341 1022 426 1066 apud
447 1022 616 1066 eumjaeet
644 1024 676 1057 in
694 1024 808 1058 multis
819 1024 913 1068 ejus,
939 1024 1019 1058 sicut
1042 1024 1156 1066 &ipse

257 1072 342 1109 nosti
357 1073 368 1113 ᾖ
394 1073 601 1118 Conscriptis
616 1097 626 1112 ,
645 1075 685 1108 -&
697 1075 925 1119 confusionem
941 1083 1130 1116 naturarum
1145 1094 1154 1105 .

256 1122 301 1164 Et
315 1123 453 1166 alterum
466 1122 580 1156 dicens
589 1125 650 1157 effe
662 1124 884 1158 Divinitatem
896 1147 908 1163 ,
934 1123 1073 1162 alterum
1084 1134 1155 1157 cor-

253 1183 332 1216 pus.
361 1173 414 1205 Sic
429 1176 518 1206 enim
533 1172 758 1217 supersignans
773 1174 891 1216 adjecit
909 1186 916 1206 ε
942 1175 1030 1216 ,Quia
1044 1172 1152 1216 impas-

246 1222 344 1265 fibriis
355 1223 392 1261 est
406 1226 588 1264 Divinitas,
616 1229 688 1266 quiq
698 1226 769 1257 duae
788 1233 908 1257 naturae
921 1248 929 1257 .
958 1223 1060 1272 Qod
1076 1224 1153 1259 nul·-⁴

252 1273 303 1306 lus
315 1272 469 1314 haetenus
484 1285 598 1313 eorum
610 1268 629 1314 ,ἢ
649 1276 705 1321 qui
720 1286 810 1309 nunc
823 1276 898 1319 sunt
920 1274 954 1308 in
967 1274 1081 1318 Ponto
1092 1271 1149 1321 lla·

255 1322 421 1365 bitantes‚
447 1335 503 1358 aut
525 1324 611 1366 dixit
627 1335 683 1365 aut
696 1325 802 1369 sapuit
818 1350 825 1358 .

300 1374 345 1413 Et
368 1374 441 1407 sunt
467 1373 534 1408 haec
561 1374 818 1421 manifestisiime
844 1375 1013 1419 convistio
1034 1384 1150 1420 contra

246 1434 323 1461 eos.
353 1423 397 1458 Et
409 1425 538 1468 utinam
551 1427 728 1470 contingat
743 1437 842 1466 eum,
869 1427 986 1471 quiest
1016 1438 1058 1460 ex
1070 1425 1149 1459 vici-

247 1473 303 1507 nis
323 1473 412 1513 tuis,
439 1486 610 1510 occurrere
638 1477 673 1510 in
702 1476 790 1510 hanc
818 1476 1055 1520 confessionem
1079 1500 1090 1516 ,
1117 1476 1151 1510 δε

246 1523 330 1564 alios
362 1523 419 1567 qui
444 1525 528 1560 ultra
552 1526 706 1560 Taurum
730 1527 805 1562 sunt
833 1539 840 1559 :
868 1527 912 1561 Et
937 1527 1052 1561 omnia
1075 1527 1150 1571 ipsis

246 1584 382 1617 quoque
406 1574 512 1610 soluta
539 1576 634 1609 sunt.
664 1576 769 1611 Vides
793 1578 884 1611 enim
908 1576 983 1623 quia
1009 1577 1150 1620 omnino

244 1621 298 1658 his
320 1634 389 1665 quae
411 1624 462 1657 illi
486 1624 624 1664 dicunt,
649 1623 748 1666 &his
772 1638 844 1671 quae
857 1627 968 1670 ipsein
984 1627 1149 1670 Capitulis

244 1673 378 1724 posuit,
408 1673 484 1713 sunt
509 1674 569 1709 ista
594 1677 759 1717 contraria
775 1701 782 1708 .
813 1676 939 1712 Verum
964 1689 1005 1713 ne
1034 1678 1150 1711 sermo-

244 1735 323 1760 nem
335 1723 515 1770 producam
528 1748 540 1766 ,
565 1725 606 1760 ad
619 1726 710 1762 aliud
725 1737 841 1761 eorum
854 1751 865 1768 ‚
893 1739 966 1772 quae
994 1726 1090 1762 nobis
1102 1728 1148 1761 vi-

245 1775 277 1809 sa
292 1776 366 1809 sunt
381 1798 392 1814 ,
420 1774 518 1808 venio
531 1798 538 1806 ·
565 1776 674 1818 Fuiin
686 1774 857 1818 Berrhaea,
886 1779 922 1821 ἀ
941 1777 1022 1811 dum
1044 1778 1146 1821 multa

243 1823 342 1858 nobis
359 1823 413 1857 hic
439 1825 636 1860 exercitatio
648 1827 731 1872 facta
755 1826 887 1871 fuisset,
914 1828 1147 1868 &communis

245 1873 343 1909 Pater
364 1899 375 1916 ‚
401 1873 574 1918 Dominus
597 1886 689 1911 meus
712 1901 723 1917 ,
754 1875 898 1910 Aeacius
926 1877 1146 1918 Sanstiffimus

242 1924 428 1968 Episcopus
447 1936 549 1960 omne
572 1925 700 1961 bonum
726 1937 896 1968 moveret,
925 1936 962 1962 ut
991 1927 1145 1962 Ecclesia-

243 1986 317 2015 rum
329 1974 429 2008 status
453 1974 487 2008 in
504 1976 709 2019 semetipsum
733 1977 863 2017 redeat,
893 1977 1017 2019 placuit
1042 1986 1078 2011 ut
1094 1989 1146 2013 ro.

243 2034 339 2069 gatus
365 2023 383 2057 ὲ
408 2023 505 2058 nobis
530 2025 699 2060 Dominus
725 2037 818 2060 meus
844 2026 1144 2070 Religiosiffimus‚

245 2076 280 2110 &
305 2074 496 2108 communis
520 2074 634 2109 Frater
656 2075 827 2110 Dominus
850 2086 942 2109 meus
963 2074 1144 2118 Episcopus

245 2123 369 2159 Paulus
394 2124 436 2159 ad
451 2124 645 2169 AEgyptum
669 2126 730 2159 iter
751 2127 888 2167 assumat
909 2136 969 2169 pro
981 2135 1059 2168 pace
1071 2126 1143 2167 uni-

245 2175 360 2209 versali
378 2199 389 2215 ‚
418 2184 455 2208 ut
482 2174 531 2213 ibi
554 2171 711 2208 conflistu
732 2173 849 2213 habito
871 2186 927 2220 per
955 2175 1065 2210 vivam
1089 2187 1147 2211 vo·

246 2236 317 2259 cem
345 2248 356 2264 ‚
394 2235 463 2267 quaej
487 2223 643 2258 dicuntur
665 2224 705 2258 ad
728 2224 885 2268 majorem
908 2223 1146 2269 manifestatio·

246 2285 324 2309 nem
346 2270 585 2318 clarioremque
618 2275 806 2318 perveniant
833 2300 840 2307 .
869 2273 926 2310 Ut
952 2273 1037 2317 illud
1062 2275 1140 2314 fiat,

247 2324 338 2370 quod
367 2323 408 2358 ab
427 2322 500 2366 his,
526 2324 584 2369 qui
608 2325 688 2360 foris
715 2326 811 2366 sunt,
838 2325 1048 2368 Sapientibus
1064 2323 1144 2359 dici·

247 2386 320 2412 tur:
347 2378 400 2417 Ea
418 2386 488 2418 quae
506 2376 542 2418 de
554 2378 614 2409 Deo
634 2376 796 2418 dicuntur,
823 2376 858 2415 e·
873 2373 990 2418 saepius
1012 2375 1145 2418 audiun·-

247 2435 296 2460 tur
308 2451 318 2466 ,
346 2431 403 2460 ὀἰκ
415 2426 537 2466 tandem
543 2424 618 2468 ficut
630 2438 739 2460 aurum
747 2435 919 2470 purgantur
928 2450 935 2458 .

297 2476 470 2521 Noliergo
480 2476 542 2511 esse
554 2476 795 2520 pusillanimis,
821 2477 948 2522 quaeso.
976 2475 1146 2511 Sufficiens

247 2526 295 2561 est
318 2527 411 2561 enirn
426 2527 518 2561 Deus
541 2524 731 2561 inchoatam
753 2522 947 2566 suavitatem
973 2525 1007 2558 δε
1031 2526 1146 2559 clario·

249 2588 318 2612 rem
332 2575 463 2611 reddere
486 2576 713 2611 &firmiorem
725 2599 736 2615 ,
764 2575 845 2609 dum
871 2576 954 2608 fasta
975 2574 1071 2616 suerit
1086 2574 1145 2608 ista

248 2627 410 2671 profectio
433 2624 473 2659 ad
495 2625 624 2660 bonurn
646 2649 657 2666 ,
683 2625 763 2658 ficut
791 2623 930 2659 arbitror
956 2648 967 2664 ,
995 2624 1144 2659 Ecclefiae

249 2677 338 2710 Dei.
367 2675 411 2717 Et
423 2673 495 2709 vere
509 2686 668 2718 magnum
688 2674 734 2709 est
749 2699 760 2715 ‚
787 2684 825 2709 ut
835 2674 983 2709 adsumat
994 2675 1143 2718 animum

250 2725 420 2769 Dominus
443 2735 538 2767 meus
560 2724 701 2765 Paulus,
727 2723 908 2770 despiciens
930 2724 1143 2765 &infirmita-

252 2787 322 2813 tem
344 2775 512 2819 corporis,
536 2775 570 2815 ἀ
583 2776 742 2819 senectam
755 2799 766 2816 ,
793 2776 942 2819 &multa
962 2774 1065 2810 millia
1084 2774 1142 2809 flu-

253 2827 439 2867 &nationes
453 2849 465 2866 ,
491 2835 571 2870 quas
584 2825 791 2860 dinumerare
812 2826 908 2867 facile
918 2837 986 2861 non
1009 2825 1078 2866 est,
1104 2837 1142 2869 ac

253 2877 463 2921 semetipsum
485 2875 673 2917 committat
692 2876 726 2915 δε
748 2874 930 2918 Provinciae
946 2876 1142 2921 peregrinae,

255 2928 289 2962 ὅ(
306 2926 376 2962 viro
390 2926 446 2972 qui
469 2937 538 2965 non
560 2938 675 2970 parurn
700 2925 746 2967 est
766 2927 967 2969 exasperatus
986 2927 1004 2968 a
1026 2925 1141 2967 nobis,

256 2978 333 3012 licet
359 2988 426 3012 non
455 2988 496 3019 ex
521 2976 637 3019 nobis.
665 2977 698 3012 Si
710 2973 787 3018 vero
804 2975 908 3018 dicis,
935 2975 1142 3020 quiacrucifi—

257 3039 317 3061 xus
335 3028 373 3061 sis
395 3026 553 3067 Mundo,
580 3028 613 3062 &
629 3024 778 3068 Mundus
799 3025 973 3063 crucifixus
994 3027 1032 3060 sit
1059 3025 1142 3065 tibi,

258 3077 301 3110 ad
322 3088 355 3111 te
377 3077 466 3119 quod
481 3077 564 3112 bene
586 3078 619 3119 se
640 3075 759 3118 habet,
785 3076 826 3118 ad
841 3074 1008 3118 Mundum
1019 3074 1140 3110 veroid

260 3124 346 3159 nihil
368 3126 413 3160 est
438 3151 445 3159 .
473 3128 545 3161 Nec
569 3128 659 3170 enim
684 3125 907 3170 Philosophiae
930 3137 1019 3164 nunc
1046 3150 1057 3166 ‚
1083 3136 1142 3159 nec

260 3173 553 3221 Martyriitempus
565 3176 633 3217 est,
660 3176 714 3211 sed
730 3176 945 3222 correptionis
969 3176 1070 3210 totius
1081 3177 1140 3210 Or·

262 3223 314 3259 bis
324 3234 477 3259 terrarum
492 3251 503 3266 ,
530 3227 562 3268 ἀ
575 3223 831 3270 perturbationis⁴
847 3225 1092 3268 Ecclesiasticae.

314 3275 474 3318 Significo
486 3277 562 3317 Deo
569 3274 780 3316 Amabilitati
791 3287 870 3316 tuae,
894 3276 983 3321 quod
994 3275 1142 3312 Piscator

263 3324 416 3367 demissus
435 3323 473 3359 fit
484 3349 496 3367 ‚
523 3325 627 3370 magis
647 3324 725 3361 vero
740 3326 907 3371 sublatus,
932 3327 966 3364 δι
982 3327 1141 3372 quieverit

691 134 1029 183 ,VARIORUM
1064 135 1319 186 PATRUM
1354 135 1682 201 Eprsmm,

1239 217 1391 260 turpiter.
1419 217 1538 254 Adfert
1559 221 1637 258 ¹vero
1659 222 1694 259 id
1705 234 1774 263 non
1793 223 1963 260 modicam
1973 226 2120 263 consola·

1233 269 1379 309 tionem.
1405 267 1513 309 Valde
1523 270 1613 304 enim
1623 282 1698 307 eum
1720 275 1835 317 &ipsa
1853 274 2027 319 AEgyptus
2048 286 2123 311 exe-

1232 329 1339 352 cratur
1357 342 1370 361 ‚
1398 317 1479 352 sicut
1497 321 1715 363 cognovimus
1744 323 1765 361 ,a
1783 324 2006 368 Magistriano
2026 351 2036 367 ‚
2062 326 2121 370 qui

1233 369 1347 410 yenit,
1377 367 1430 411 ipsi
1444 368 1516 411 plus
1529 368 1786 412 perturbationis
1805 371 1988 414 adscribens
2002 400 2008 407 .
2036 375 2119 412 Haec

1232 429 1287 460 per
1309 418 1491 461 Epistolam
1513 418 1693 467 scripsimus
1713 418 1877 462 studiose,
1903 434 1940 462 ut
1962 424 2049 460 unde
2069 426 2120 461 lu-

1231 469 1300 509 tstus
1319 467 1448 508 nostros
1469 469 1660 514 mitigemus
1683 494 1694 511 ,
1722 468 1917 509 habeamus.
1943 474 2025 513 Haec
2046 477 2119 520 qui.

1229 518 1307 557 dem
1323 520 1366 561 sic
1388 520 1419 553 se
1441 518 1581 555 habent.
1610 521 1687 555 Deo
1709 520 1935 556 Amiciffimus
1957 520 2118 570 veroEpi-

1230 568 1550 614 scopusArchelaus
1563 594 1574 612 ,
1600 572 1633 614 §c
1648 570 1671 604 fi
1695 582 1753 615 pro
1766 572 1936 619 Dogmate
1954 570 2040 613 nihil
2069 578 2116 614 est

1200 643 1204 646 -
1228 620 1331 664 passus
1343 644 1353 661 ,
1380 632 1606 664 verumtamen
1620 623 1858 666 perorationes¹
1875 632 1945 663 tuas
1958 623 2118 667 multatus

1226 670 1271 708 est
1284 671 1323 705 ad
1336 672 1411 715 οὲὶο
1425 672 1530 709 millia
1544 672 1732 713 Solidorum
1750 672 1791 707 ab
1803 673 1996 718 Augustino
2008 673 2118 712 ‚Seleu-

1225 722 1302 755 ciae.
1331 721 1374 755 Et
1400 720 1523 767 placuit
1549 734 1585 759 ut
1604 722 1817 765 describerent
1839 724 1975 763 universi
1996 748 2003 756 .
2031 722 2116 761 Para

1225 772 1327 816 igitur
1350 783 1511 816 quantum
1536 773 1674 814 devotio
1699 785 1755 809 tua
1771 774 1979 820 suggesserit.
2006 775 2113 822 Qod

1223 822 1245 859 fi
1259 833 1327 856 non
1341 821 1482 863 habeas,
1511 825 1562 858 vel
1574 825 1723 870 legitima
1745 824 1775 860 ei
1788 826 1957 875 prospice.
1984 823 2113 867 Petem-

1221 873 1326 924 ptorie
1338 875 1427 909 enim
1441 873 1586 917 addistus
1594 886 1647 917 es„-
1789 875 1794 879 ’

1408 1030 1914 1084 5011οι1οῌ..

1215 1168 1487 1256 ALexander
1509 1172 1724 1217 Hierapolios
1743 1173 1962 1219 Metropolita
1984 1177 2110 1223 semper

1233 1246 1248 1254 -
1338 1224 1401 1258 fuit
1425 1234 1509 1258 unus
1530 1236 1571 1258 ex
1590 1224 1718 1259 intimis
1738 1224 1877 1271 Joannis
1901 1226 2111 1267 Antiocheni

1214 1271 1331 1308 amicis
1355 1274 1391 1310 δε
1416 1273 1639 1310 Confiliariis.
1667 1273 1764 1310 Hinc
1785 1275 1857 1320 post
1878 1276 2110 1318 auditas&vi-

1215 1323 1260 1357 s'as
1281 1323 1388 1359 Sancti
1411 1324 1533 1368 Cyrilli
1553 1324 1791 1377 pacificatorias
1808 1325 1850 1360 ad
1867 1325 2108 1367 Berrhaeens'em

1214 1374 1375 1419 Acacium
1409 1374 1533 1415 litteras
1551 1397 1563 1414 ,
1603 1374 1714 1419 statim
1751 1375 1872 1419 scripsit
1904 1374 1946 1410 ad
1970 1376 2109 1416 Patriar-

1213 1423 1310 1467 cham
1328 1450 1341 1466 ,
1366 1424 1400 1458 δε
1419 1424 1460 1459 ad
1482 1424 1626 1468 eundem
1651 1421 1819 1467 Acacium
1837 1449 1849 1467 ,
1875 1425 2082 1467 Dirediorem
2095 1450 2107 1468 ,

1213 1487 1250 1510 ac
1262 1475 1424 1513 arbitrum
1443 1474 1554 1510 omnis
1575 1474 1669 1519 hujus
1682 1475 1830 1520 negotii.
1860 1475 1903 1517 Et
1928 1476 1962 1518 in
1987 1475 2111 1521 Cyrilli

1212 1526 1329 1561 litteris
1355 1526 1446 1568 plura
1458 1524 1690 1570 reprehendit,
1715 1525 1882 1568 affirmans
1893 1525 2047 1567 dolosas,
2072 1527 2108 1566 δε

1213 1575 1418 1620 nequaquam
1432 1576 1647 1617 recedentes&
1669 1575 1857 1625 Capitulis.
1887 1577 1931 1610 Et
1956 1575 2108 1616 evincere

1211 1625 1244 1660 id
1261 1636 1401 1669 conatus
1411 1626 1457 1660 est
1471 1637 1527 1670 per
1538 1623 1768 1668 minutissimas
1786 1624 1981 1668 subtilitates
1991 1624 2107 1667 Diale-

1210 1676 1298 1713 fficae
1311 1701 1319 1710 .
1347 1676 1400 1711 Ex
1413 1687 1481 1718 quo
1501 1674 1591 1719 vides
1613 1675 1713 1717 istum
1728 1685 1854 1717 naevum
1869 1673 2040 1718 nunquam
2050 1675 2111 1711 de·-

1210 1727 1305 1761 fuiffe
1327 1725 1492 1760 Ecclesiae.
1523 1725 1567 1759 Et
1588 1723 1781 1763 melioribus
1793 1724 1943 1760 Ecclefiae
1953 1725 2108 1761 Doaori-

1210 1777 1269 1819 bus
1290 1777 1415 1820 semper
1438 1775 1623 1819 displicuit.
1650 1774 1744 1819 Hinc
1757 1775 1899 1819 Joannes
1910 1774 2113 1817 Alexandro-

1210 1826 1340 1871 reponit
1353 1826 1441 1867 varia
1454 1851 1461 1859 .
1490 1825 1605 1868 Primo
1614 1848 1626 1869 ‚
1651 1834 1762 1870 manet
1774 1826 1810 1859 in
1824 1826 1882 1859 suo
1893 1836 2000 1860 errore
2011 1850 2022 1867 ,
2034 1836 2108 1870 quo

1210 1878 1364 1912 Sandium
1377 1875 1544 1920 Cyrillum
1555 1876 1681 1919 censuit
1693 1885 1748 1920 per
1758 1874 1911 1920 ,Capitula
1923 1874 2021 1920 fuisse
2028 1875 2106 1910 Hae-

1210 1928 1348 1963 reticum
1361 1952 1368 1959 .
1396 1925 1644 1966 Secundo,dicit
1653 1926 1720 1970 jam
1731 1927 1794 1961 esse
1807 1925 1961 1961 veraciter
1971 1936 2106 1962 conver-

1210 1978 1278 2012 sum
1303 2001 1314 2018 ‚
1340 1975 1483 2021 ideoque
1513 1976 1672 2012 omnibus
1693 1978 1756 2017 esse
1781 1976 1994 2021 gaudendum
2015 2000 2024 2009 .
2053 1975 2110 2013 Ea-

1208 2027 1299 2061 enim
1312 2028 1483 2061 conversio
1495 2027 1539 2060 est
1552 2027 1638 2069 quasi
1653 2037 1776 2068 novum
1791 2026 1984 2064 miraculum
2000 2050 2011 2068 ‚
2034 2037 2104 2071 quo

1207 2074 1248 2109 de
1258 2074 1456 2109 comedente
1468 2075 1561 2107 cibus
1573 2099 1584 2113 ‚
1612 2077 1647 2108 &
1668 2075 1709 2108 de
1720 2087 1832 2109 amaro
1842 2077 1924 2110 exiit
1935 2076 2098 2113 dulcedo;

1207 2124 1340 2168 Nempe
1352 2135 1413 2167 ea,
1440 2134 1509 2168 quae
1531 2123 1639 2161 nostra
1653 2125 1751 2166 sunt,
1777 2134 1844 2167 quae
1866 2135 1926 2158 nos
1938 2125 2102 2168 sapimus,

1208 2174 1249 2209 ab
1273 2174 1359 2215 illo,
1386 2174 1444 2221 qui
1465 2185 1503 2209 ea
1527 2185 1595 2211 non
1616 2172 1781 2216 sapiebat,
1807 2173 1977 2207 exierunt.
2004 2174 2102 2213 Hine

1209 2223 1438 2267 Alexandrum
1451 2233 1566 2268 rogat,
1597 2223 1733 2265 utjuxta
1753 2223 1915 2266 Sapientis
1925 2210 2102 2260 Monisum

1207 2283 1386 2314 contentus
1398 2272 1436 2307 sit
1450 2273 1518 2313 sola
1531 2273 1668 2316 victoriae
1679 2271 1856 2307 substantia
1866 2298 1877 2316 ,
1903 2284 1966 2315 nec
1983 2284 2103 2316 quaerat

1207 2334 1379 2366 externam
1399 2323 1468 2367 ejus
1491 2324 1635 2368 gloriam
1655 2347 1663 2356 .
1690 2323 1801 2358 Immo
1824 2333 1861 2360 ut
1881 2323 1981 2361 etiam
2000 2333 2101 2370 neget

1208 2374 1324 2416 sesesse
1346 2374 1521 2415 vidiorem2
1549 2374 1630 2415 Hoc
1651 2374 1742 2408 enirn
1769 2373 1804 2406 in
1825 2374 1938 2418 litigio
1961 2384 2101 2418 utraque

1209 2436 1278 2469 pars
1291 2426 1326 2468 se
1341 2424 1507 2459 victricem
1529 2423 1682 2465 voluit&
1695 2422 1850 2457 credidit:
1877 2422 2027 2468 Cyrillus
2036 2435 2102 2459 cre-

1207 2474 1295 2510 didit
1319 2476 1375 2509 sua
1399 2474 1552 2518 Capitula
1579 2474 1621 2508 ab
1646 2471 1871 2509 Orientalibus
1883 2472 2036 2515 admissa,
2063 2472 2101 2508 hi

1207 2524 1417 2568 crediderunt
1440 2536 1478 2558 ea
1498 2523 1609 2563 abillo
1622 2530 1786 2563 recantata
1799 2546 1806 2554 .
1833 2522 1976 2564 Tertio,
2004 2524 2103 2566 Joan-

1209 2586 1263 2609 nes
1287 2573 1482 2614 Alexandro
1504 2573 1708 2607 securitatem
1723 2573 1826 2612 facit,
1851 2572 1942 2617 quod
1953 2572 2101 2616 Cyrillus

1204 2625 1270 2668 jam
1293 2625 1332 2657 sit
1356 2632 1552 2666 expurgatus
1585 2621 1626 2656 ab
1646 2622 1741 2656 omni
1763 2621 1848 2665 lepra
1872 2621 2100 2666 Apollinarii.

1207 2673 1341 2712 Etenim
1365 2672 1621 2709 Dominicarum
1657 2683 1846 2711 naturatum
1875 2672 2101 2717 mixtionem,

1205 2726 1238 2759 &
1262 2723 1488 2762 confusionem
1500 2746 1511 2762 ,
1543 2732 1642 2765 quam
1654 2720 1958 2766 cumApollinario
1970 2723 2006 2756 in
2015 2723 2100 2757 mul-

1206 2776 1250 2816 tis
1271 2775 1402 2816 suorum
1426 2773 1630 2816 Scriptorum
1657 2772 1862 2817 locisdocuit
1876 2797 1888 2814 ,
1911 2772 1979 2816 jam
1990 2772 2100 2818 palam

1206 2822 1458 2865 anathematizat
1471 2847 1478 2855 .
1881 2819 1886 2824 ’

1257 2875 1300 2918 Et
1321 2872 1437 2918 probat
1459 2871 1527 2915 haec
1548 2873 1662 2908 omnia
1677 2885 1718 2909 ex
1730 2873 1849 2918 Cyrilli
1861 2873 1902 2908 ad
1916 2871 2099 2909 Berrhaeen-

1204 2929 1270 2970 (em
1292 2923 1454 2965 Acacium
1478 2923 1595 2958 litteris
1609 2947 1619 2963 ‚
1645 2925 1681 2958 in
1702 2923 1819 2968 quibus
1839 2935 1908 2958 non
1920 2924 2097 2959 dumtaxat

1204 2974 1417 3020 Apollinario
1437 2973 1560 3009 inflixit
1587 2974 1780 3014 anathema,
1805 2973 1859 3009 sed
1875 2974 2006 3017 insuper
2016 2973 2099 3011 sole·

1203 3026 1327 3068 mniter
1338 3025 1493 3068 professus
1506 3025 1568 3059 fuit
1581 3023 1649 3060 haec
1661 3025 1756 3060 verba
1772 3037 1780 3057 ε
1805 3026 1893 3069 ‚Quia
1915 3024 2096 3069 impaffibilis

1206 3076 1244 3118 μβ
1257 3079 1439 3116 Divinitas,
1466 3077 1552 3119 ,Quia
1560 3073 1632 3118 sunt
1642 3076 1713 3109 duae
1722 3083 1855 3116 natum.
1881 3074 1931 3116 Hi
1952 3085 2096 3120 namque

1204 3127 1272 3168 duo
1285 3124 1412 3160 articuli
1434 3136 1586 3161 evertunt
1611 3137 1719 3161 totum
1732 3125 1976 3170 Apollinarium
1988 3150 2000 3167 ,
2026 3136 2099 3160 om·

1204 3178 1327 3221 nesque
1348 3175 1509 3215 maculas,
1535 3176 1576 3211 de
1599 3175 1718 3220 quibus
1737 3176 1891 3221 Capitula
1903 3174 2097 3211 accusaban-

1203 3237 1256 3264 tur
1278 3252 1287 3260 .
1312 3227 1397 3261 Sunt
1418 3225 1488 3260 duae
1510 3226 1734 3266 condistinttae
1754 3226 2016 3272 propositiones,
2039 3234 2096 3261 ne·

1203 3287 1366 3322 quaquam
1389 3276 1486 3311 unica
1507 3277 1660 3312 causalis:
1691 3277 1766 3311 Nec
1786 3277 1877 3311 enirn
1903 3287 1946 3311 ex
1968 3283 2093 3310 natura-

1202 3339 1275 3372 rum
1286 3325 1442 3364 dualitate
1463 3327 1607 3370 sequitur
1620 3327 1816 3381 Divinitatis
1842 3323 2090 3375 impassibilitas*

1979 3373 2042 3414 Per
