<?xml version="1.0" encoding="UTF-8"?>
<!DOCTYPE html PUBLIC "-//W3C//DTD XHTML 1.0 Transitional//EN"
    "http://www.w3.org/TR/xhtml1/DTD/xhtml1-transitional.dtd">
<html xmlns="http://www.w3.org/1999/xhtml" xml:lang="en" lang="en">
 <head>
  <title>
</title>
<meta http-equiv="Content-Type" content="text/html;charset=utf-8" />
  <meta name='ocr-system' content='tesseract 3.04.00' />
  <meta name='ocr-capabilities' content='ocr_page ocr_carea ocr_par ocr_line ocrx_word'/>
</head>
<body>
  <div class='ocr_page' id='page_1' title='image "./operaomniastudio07lupuuoft/operaomniastudio07lupuuoft_0060.png"; bbox 0 0 2320 3730; ppageno 0'>
   <div class='ocr_carea' id='block_1_1' title="bbox 336 179 398 231">
    <p class='ocr_par' dir='ltr' id='par_1_1' title="bbox 336 179 398 231">
     <span class='ocr_line' id='line_1_1' title="bbox 336 179 398 231; baseline 0.081 -5"><span class='ocrx_word' id='word_1_1' title='bbox 336 179 398 231; x_wconf 83' lang='lat'>54</span> 
     </span>
    </p>
   </div>
   <div class='ocr_carea' id='block_1_2' title="bbox 390 326 1002 419">
    <p class='ocr_par' dir='ltr' id='par_1_2' title="bbox 390 326 1002 419">
     <span class='ocr_line' id='line_1_2' title="bbox 390 326 1002 419; baseline 0.005 -4"><span class='ocrx_word' id='word_1_2' title='bbox 390 326 755 419; x_wconf 56' lang='lat' dir='ltr'>carur</span> <span class='ocrx_word' id='word_1_3' title='bbox 850 364 1002 418; x_wconf 66' lang='lat' dir='ltr'>xm-</span> 
     </span>
    </p>
   </div>
   <div class='ocr_carea' id='block_1_3' title="bbox 248 500 1142 579">
    <p class='ocr_par' dir='ltr' id='par_1_3' title="bbox 248 500 1142 579">
     <span class='ocr_line' id='line_1_3' title="bbox 248 500 1142 579; baseline -0.015 -21"><span class='ocrx_word' id='word_1_4' title='bbox 248 504 338 579; x_wconf 69' lang='lat' dir='ltr'>Prst</span> <span class='ocrx_word' id='word_1_5' title='bbox 371 503 448 554; x_wconf 83' lang='lat' dir='ltr'>haec</span> <span class='ocrx_word' id='word_1_6' title='bbox 481 504 639 556; x_wconf 63' lang='lat' dir='ltr'>direhius</span> <span class='ocrx_word' id='word_1_7' title='bbox 683 503 734 570; x_wconf 79' lang='lat' dir='ltr'>est</span> <span class='ocrx_word' id='word_1_8' title='bbox 775 507 906 551; x_wconf 79' lang='lat' dir='ltr'>Comes</span> <span class='ocrx_word' id='word_1_9' title='bbox 939 500 1142 567; x_wconf 59' lang='lat' dir='ltr'>Larg1&#39;n‘09</span> 
     </span>
    </p>
   </div>
   <div class='ocr_carea' id='block_1_4' title="bbox 307 569 1141 923">
    <p class='ocr_par' dir='ltr' id='par_1_4' title="bbox 307 569 1141 923">
     <span class='ocr_line' id='line_1_4' title="bbox 314 569 1141 640; baseline -0.008 -15"><span class='ocrx_word' id='word_1_10' title='bbox 314 596 409 632; x_wconf 74' lang='lat' dir='ltr'>num</span> <span class='ocrx_word' id='word_1_11' title='bbox 443 583 605 631; x_wconf 75' lang='lat' dir='ltr'>Joasmes</span> <span class='ocrx_word' id='word_1_12' title='bbox 641 594 727 623; x_wconf 81' lang='lat' dir='ltr'>cum</span> <span class='ocrx_word' id='word_1_13' title='bbox 762 577 890 622; x_wconf 78' lang='lat' dir='ltr'>Sacris</span> <span class='ocrx_word' id='word_1_14' title='bbox 924 569 967 618; x_wconf 86' lang='lat' dir='ltr'>de</span> <span class='ocrx_word' id='word_1_15' title='bbox 1002 569 1141 640; x_wconf 84' lang='lat' dir='ltr'>depost-</span> 
     </span>
     <span class='ocr_line' id='line_1_5' title="bbox 315 646 1140 713; baseline -0.013 -16"><span class='ocrx_word' id='word_1_16' title='bbox 315 652 411 704; x_wconf 66' lang='lat' dir='ltr'>tionc</span> <span class='ocrx_word' id='word_1_17' title='bbox 445 647 626 713; x_wconf 69' lang='lat' dir='ltr'>Nestorii</span> <span class='ocrx_word' id='word_1_18' title='bbox 657 682 673 707; x_wconf 83' lang='lat'>,</span> <span class='ocrx_word' id='word_1_19' title='bbox 720 649 779 692; x_wconf 57' lang='grc' dir='ltr'>(θ’</span> <span class='ocrx_word' id='word_1_20' title='bbox 823 647 1028 690; x_wconf 54' lang='lat' dir='ltr'>&amp;catorum</span> <span class='ocrx_word' id='word_1_21' title='bbox 1062 646 1140 706; x_wconf 69' lang='lat' dir='ltr'>Cy.</span> 
     </span>
     <span class='ocr_line' id='line_1_6' title="bbox 312 716 1139 782; baseline -0.008 -14"><span class='ocrx_word' id='word_1_22' title='bbox 312 718 398 773; x_wconf 75' lang='lat' dir='ltr'>rilli</span> <span class='ocrx_word' id='word_1_23' title='bbox 430 720 500 766; x_wconf 53' lang='lat' dir='ltr'>&lt;ff</span> <span class='ocrx_word' id='word_1_24' title='bbox 524 718 739 766; x_wconf 73' lang='lat' dir='ltr'>Memnonis</span> <span class='ocrx_word' id='word_1_25' title='bbox 772 749 787 775; x_wconf 86' lang='lat'>,</span> <span class='ocrx_word' id='word_1_26' title='bbox 837 730 915 780; x_wconf 81' lang='lat' dir='ltr'>quae</span> <span class='ocrx_word' id='word_1_27' title='bbox 948 716 989 760; x_wconf 80' lang='lat' dir='ltr'>in</span> <span class='ocrx_word' id='word_1_28' title='bbox 1018 717 1139 782; x_wconf 76' lang='lat' dir='ltr'>priori</span> 
     </span>
     <span class='ocr_line' id='line_1_7' title="bbox 307 781 1136 861; baseline -0.01 -25"><span class='ocrx_word' id='word_1_29' title='bbox 307 789 458 837; x_wconf 80' lang='lat' dir='ltr'>Codicis</span> <span class='ocrx_word' id='word_1_30' title='bbox 484 805 599 857; x_wconf 81' lang='lat' dir='ltr'>parte</span> <span class='ocrx_word' id='word_1_31' title='bbox 625 781 819 853; x_wconf 60' lang='lat' dir='ltr'>poſssimus</span> <span class='ocrx_word' id='word_1_32' title='bbox 850 819 865 844; x_wconf 74' lang='lat'>,⁹</span> <span class='ocrx_word' id='word_1_33' title='bbox 909 785 1029 861; x_wconf 74' lang='lat' dir='ltr'>Cujus</span> <span class='ocrx_word' id='word_1_34' title='bbox 1063 789 1136 834; x_wconf 67' lang='lat' dir='ltr'>Co,-</span> 
     </span>
     <span class='ocr_line' id='line_1_8' title="bbox 309 854 811 923; baseline -0.014 -15"><span class='ocrx_word' id='word_1_35' title='bbox 309 863 415 908; x_wconf 76' lang='lat' dir='ltr'>ml&#39;tt’s</span> <span class='ocrx_word' id='word_1_36' title='bbox 446 859 519 923; x_wconf 64' lang='lat' dir='ltr'>{sta</span> <span class='ocrx_word' id='word_1_37' title='bbox 553 855 708 916; x_wconf 63' lang='lat' dir='ltr'>Relatio</span> <span class='ocrx_word' id='word_1_38' title='bbox 740 854 811 919; x_wconf 65' lang='lat' dir='ltr'>est,</span> 
     </span>
    </p>
   </div>
   <div class='ocr_carea' id='block_1_5' title="bbox 232 994 1132 1296">
    <p class='ocr_par' dir='ltr' id='par_1_5' title="bbox 232 994 1132 1296">
     <span class='ocr_line' id='line_1_9' title="bbox 238 994 1131 1083; baseline -0.002 -51"><span class='ocrx_word' id='word_1_39' title='bbox 238 995 403 1083; x_wconf 77' lang='lat' dir='ltr'>SCiens</span> <span class='ocrx_word' id='word_1_40' title='bbox 422 994 514 1041; x_wconf 87' lang='lat' dir='ltr'>quod</span> <span class='ocrx_word' id='word_1_41' title='bbox 535 994 578 1040; x_wconf 79' lang='lat' dir='ltr'>ad</span> <span class='ocrx_word' id='word_1_42' title='bbox 588 994 744 1048; x_wconf 84' lang='lat' dir='ltr'>pietatem</span> <span class='ocrx_word' id='word_1_43' title='bbox 765 995 910 1046; x_wconf 75' lang='lat' dir='ltr'>pertinet</span> <span class='ocrx_word' id='word_1_44' title='bbox 921 994 1056 1034; x_wconf 75' lang='lat' dir='ltr'>Divinis</span> <span class='ocrx_word' id='word_1_45' title='bbox 1078 1008 1131 1041; x_wconf 88' lang='lat' dir='ltr'>pa·</span> 
     </span>
     <span class='ocr_line' id='line_1_10' title="bbox 323 1046 1130 1091; baseline -0.001 -9"><span class='ocrx_word' id='word_1_46' title='bbox 323 1058 392 1082; x_wconf 88' lang='lat' dir='ltr'>rere</span> <span class='ocrx_word' id='word_1_47' title='bbox 401 1046 574 1091; x_wconf 86' lang='lat' dir='ltr'>Decretis,</span> <span class='ocrx_word' id='word_1_48' title='bbox 599 1049 715 1083; x_wconf 89' lang='lat' dir='ltr'>omnia</span> <span class='ocrx_word' id='word_1_49' title='bbox 726 1047 819 1091; x_wconf 75' lang='lat' dir='ltr'>juxta</span> <span class='ocrx_word' id='word_1_50' title='bbox 830 1047 1056 1089; x_wconf 81' lang='lat' dir='ltr'>intentionem</span> <span class='ocrx_word' id='word_1_51' title='bbox 1078 1047 1130 1085; x_wconf 85' lang='lat' dir='ltr'>In-</span> 
     </span>
     <span class='ocr_line' id='line_1_11' title="bbox 232 1096 1131 1142; baseline -0.003 -7"><span class='ocrx_word' id='word_1_52' title='bbox 232 1097 506 1135; x_wconf 77' lang='lat' dir='ltr'>‚contaminabilis</span> <span class='ocrx_word' id='word_1_53' title='bbox 526 1096 664 1142; x_wconf 87' lang='lat' dir='ltr'>Apicis‚</span> <span class='ocrx_word' id='word_1_54' title='bbox 689 1098 872 1140; x_wconf 74' lang='lat' dir='ltr'>secundum</span> <span class='ocrx_word' id='word_1_55' title='bbox 894 1097 986 1140; x_wconf 89' lang='lat' dir='ltr'>quod</span> <span class='ocrx_word' id='word_1_56' title='bbox 1003 1099 1100 1142; x_wconf 89' lang='lat' dir='ltr'>potui</span> <span class='ocrx_word' id='word_1_57' title='bbox 1119 1121 1131 1138; x_wconf 92' lang='lat'>,</span> 
     </span>
     <span class='ocr_line' id='line_1_12' title="bbox 232 1147 1130 1199; baseline 0.001 -17"><span class='ocrx_word' id='word_1_58' title='bbox 232 1147 291 1193; x_wconf 61' lang='lat' dir='ltr'>,egi</span> <span class='ocrx_word' id='word_1_59' title='bbox 306 1171 315 1180; x_wconf 88' lang='lat'><strong>.</strong></span> <span class='ocrx_word' id='word_1_60' title='bbox 339 1148 427 1199; x_wconf 77' lang='lat' dir='ltr'>Qae</span> <span class='ocrx_word' id='word_1_61' title='bbox 437 1148 515 1183; x_wconf 75' lang='lat' dir='ltr'>vero</span> <span class='ocrx_word' id='word_1_62' title='bbox 526 1148 589 1183; x_wconf 80' lang='lat' dir='ltr'>smt</span> <span class='ocrx_word' id='word_1_63' title='bbox 604 1148 794 1195; x_wconf 83' lang='lat' dir='ltr'>subsecuta,</span> <span class='ocrx_word' id='word_1_64' title='bbox 820 1161 862 1184; x_wconf 86' lang='lat' dir='ltr'>ex</span> <span class='ocrx_word' id='word_1_65' title='bbox 886 1147 956 1183; x_wconf 89' lang='lat' dir='ltr'>istis</span> <span class='ocrx_word' id='word_1_66' title='bbox 977 1150 1130 1192; x_wconf 88' lang='lat' dir='ltr'>agnosce-</span> 
     </span>
     <span class='ocr_line' id='line_1_13' title="bbox 232 1197 1132 1242; baseline -0.004 -7"><span class='ocrx_word' id='word_1_67' title='bbox 232 1207 268 1235; x_wconf 77' lang='lat' dir='ltr'>re</span> <span class='ocrx_word' id='word_1_68' title='bbox 289 1199 458 1241; x_wconf 88' lang='lat' dir='ltr'>poteritis.</span> <span class='ocrx_word' id='word_1_69' title='bbox 486 1198 604 1242; x_wconf 74' lang='lat' dir='ltr'>Multo</span> <span class='ocrx_word' id='word_1_70' title='bbox 627 1200 738 1235; x_wconf 89' lang='lat' dir='ltr'>labore</span> <span class='ocrx_word' id='word_1_71' title='bbox 762 1197 972 1236; x_wconf 72' lang='lat' dir='ltr'>&amp;celer-itate</span> <span class='ocrx_word' id='word_1_72' title='bbox 991 1199 1064 1239; x_wconf 81' lang='lat' dir='ltr'>usus</span> <span class='ocrx_word' id='word_1_73' title='bbox 1088 1199 1132 1232; x_wconf 83' lang='lat' dir='ltr'>ad</span> 
     </span>
     <span class='ocr_line' id='line_1_14' title="bbox 232 1246 1129 1296; baseline 0 -13"><span class='ocrx_word' id='word_1_74' title='bbox 232 1246 454 1296; x_wconf 75' lang='lat' dir='ltr'>Ephesiorum</span> <span class='ocrx_word' id='word_1_75' title='bbox 480 1248 662 1288; x_wconf 74' lang='lat' dir='ltr'>Civitatem</span> <span class='ocrx_word' id='word_1_76' title='bbox 677 1249 747 1294; x_wconf 84' lang='lat' dir='ltr'>sum</span> <span class='ocrx_word' id='word_1_77' title='bbox 760 1276 768 1284; x_wconf 94' lang='lat'><em>.</em></span> <span class='ocrx_word' id='word_1_78' title='bbox 796 1250 843 1284; x_wconf 87' lang='lat' dir='ltr'>Er</span> <span class='ocrx_word' id='word_1_79' title='bbox 862 1247 971 1285; x_wconf 86' lang='lat' dir='ltr'>adhuc</span> <span class='ocrx_word' id='word_1_80' title='bbox 993 1247 1129 1288; x_wconf 80' lang='lat' dir='ltr'>celerius</span> 
     </span>
    </p>
   </div>
   <div class='ocr_carea' id='block_1_6' title="bbox 230 1298 1142 1396">
    <p class='ocr_par' dir='ltr' id='par_1_6' title="bbox 230 1298 1142 1396">
     <span class='ocr_line' id='line_1_15' title="bbox 231 1298 1142 1349; baseline 0.002 -17"><span class='ocrx_word' id='word_1_81' title='bbox 231 1299 326 1345; x_wconf 72' lang='lat' dir='ltr'>potui</span> <span class='ocrx_word' id='word_1_82' title='bbox 339 1298 509 1345; x_wconf 75' lang='lat' dir='ltr'>pervenire</span> <span class='ocrx_word' id='word_1_83' title='bbox 520 1325 532 1343; x_wconf 92' lang='lat'>,</span> <span class='ocrx_word' id='word_1_84' title='bbox 556 1300 616 1335; x_wconf 85' lang='lat' dir='ltr'>nisi</span> <span class='ocrx_word' id='word_1_85' title='bbox 627 1300 753 1336; x_wconf 81' lang='lat' dir='ltr'>diverso</span> <span class='ocrx_word' id='word_1_86' title='bbox 776 1299 1018 1346; x_wconf 71' lang='lat' dir='ltr'>impedimento</span> <span class='ocrx_word' id='word_1_87' title='bbox 1027 1302 1142 1349; x_wconf 21' lang='lat' dir='ltr'>causaev</span> 
     </span>
     <span class='ocr_line' id='line_1_16' title="bbox 230 1348 1141 1396; baseline 0.003 -13"><span class='ocrx_word' id='word_1_88' title='bbox 230 1348 389 1391; x_wconf 78' lang='lat' dir='ltr'>fuissent,</span> <span class='ocrx_word' id='word_1_89' title='bbox 415 1361 516 1396; x_wconf 83' lang='lat' dir='ltr'>quas,</span> <span class='ocrx_word' id='word_1_90' title='bbox 542 1361 710 1396; x_wconf 85' lang='lat' dir='ltr'>annuente</span> <span class='ocrx_word' id='word_1_91' title='bbox 730 1351 832 1394; x_wconf 84' lang='lat' dir='ltr'>Dee,</span> <span class='ocrx_word' id='word_1_92' title='bbox 858 1362 936 1396; x_wconf 83' lang='lat' dir='ltr'>cum</span> <span class='ocrx_word' id='word_1_93' title='bbox 959 1351 1141 1396; x_wconf 23' lang='lat' dir='ltr'>venerim,-</span> 
     </span>
    </p>
   </div>
   <div class='ocr_carea' id='block_1_7' title="bbox 221 1399 1127 3452">
    <p class='ocr_par' dir='ltr' id='par_1_7' title="bbox 221 1399 1127 2146">
     <span class='ocr_line' id='line_1_17' title="bbox 227 1399 1126 1453; baseline 0.001 -19"><span class='ocrx_word' id='word_1_94' title='bbox 227 1399 473 1453; x_wconf 64' lang='lat' dir='ltr'>praesentiali&#39;ter</span> <span class='ocrx_word' id='word_1_95' title='bbox 506 1402 664 1452; x_wconf 76' lang='lat' dir='ltr'>enarrabo</span> <span class='ocrx_word' id='word_1_96' title='bbox 698 1401 962 1448; x_wconf 80' lang='lat' dir='ltr'>Magnificentiae</span> <span class='ocrx_word' id='word_1_97' title='bbox 998 1401 1126 1436; x_wconf 78' lang='lat' dir='ltr'>vestrae.</span> 
     </span>
     <span class='ocr_line' id='line_1_18' title="bbox 230 1448 1127 1499; baseline 0.004 -15"><span class='ocrx_word' id='word_1_98' title='bbox 230 1448 408 1499; x_wconf 63' lang='lat' dir='ltr'>Continuo</span> <span class='ocrx_word' id='word_1_99' title='bbox 421 1451 504 1498; x_wconf 74' lang='lat' dir='ltr'>ergo</span> <span class='ocrx_word' id='word_1_100' title='bbox 525 1453 594 1489; x_wconf 78' lang='lat' dir='ltr'>tam</span> <span class='ocrx_word' id='word_1_101' title='bbox 608 1452 669 1493; x_wconf 84' lang='lat' dir='ltr'>hos</span> <span class='ocrx_word' id='word_1_102' title='bbox 679 1455 735 1498; x_wconf 91' lang='lat' dir='ltr'>qui</span> <span class='ocrx_word' id='word_1_103' title='bbox 758 1451 840 1494; x_wconf 85' lang='lat' dir='ltr'>hinc</span> <span class='ocrx_word' id='word_1_104' title='bbox 852 1476 863 1493; x_wconf 92' lang='lat'>‚</span> <span class='ocrx_word' id='word_1_105' title='bbox 889 1452 990 1499; x_wconf 70' lang='lat' dir='ltr'>quam</span> <span class='ocrx_word' id='word_1_106' title='bbox 1001 1463 1058 1488; x_wconf 88' lang='lat' dir='ltr'>eos</span> <span class='ocrx_word' id='word_1_107' title='bbox 1070 1451 1127 1497; x_wconf 81' lang='lat' dir='ltr'>qui</span> 
     </span>
     <span class='ocr_line' id='line_1_19' title="bbox 229 1497 1124 1548; baseline 0.001 -12"><span class='ocrx_word' id='word_1_108' title='bbox 229 1497 311 1537; x_wconf 74' lang='lat' dir='ltr'>inde</span> <span class='ocrx_word' id='word_1_109' title='bbox 329 1506 582 1546; x_wconf 81' lang='lat' dir='ltr'>convenerant,</span> <span class='ocrx_word' id='word_1_110' title='bbox 606 1504 820 1541; x_wconf 67' lang='lat' dir='ltr'>sanfflffimos</span> <span class='ocrx_word' id='word_1_111' title='bbox 842 1504 1024 1548; x_wconf 73' lang='lat' dir='ltr'>Episcopus</span> <span class='ocrx_word' id='word_1_112' title='bbox 1047 1514 1124 1539; x_wconf 88' lang='lat' dir='ltr'>cum</span> 
     </span>
     <span class='ocr_line' id='line_1_20' title="bbox 227 1550 1125 1598; baseline 0.004 -15"><span class='ocrx_word' id='word_1_113' title='bbox 227 1550 410 1593; x_wconf 78' lang='lat' dir='ltr'>reverentia</span> <span class='ocrx_word' id='word_1_114' title='bbox 431 1551 586 1590; x_wconf 86' lang='lat' dir='ltr'>salutavi.</span> <span class='ocrx_word' id='word_1_115' title='bbox 613 1551 726 1591; x_wconf 80' lang='lat' dir='ltr'>Partes</span> <span class='ocrx_word' id='word_1_116' title='bbox 749 1564 893 1598; x_wconf 79' lang='lat' dir='ltr'>namque</span> <span class='ocrx_word' id='word_1_117' title='bbox 913 1553 972 1589; x_wconf 83' lang='lat' dir='ltr'>has</span> <span class='ocrx_word' id='word_1_118' title='bbox 982 1553 1125 1592; x_wconf 79' lang='lat' dir='ltr'>conveni</span> 
     </span>
     <span class='ocr_line' id='line_1_21' title="bbox 229 1595 1125 1649; baseline 0.007 -17"><span class='ocrx_word' id='word_1_119' title='bbox 229 1600 434 1638; x_wconf 81' lang='lat' dir='ltr'>nominatim</span> <span class='ocrx_word' id='word_1_120' title='bbox 457 1611 589 1646; x_wconf 87' lang='lat' dir='ltr'>propter</span> <span class='ocrx_word' id='word_1_121' title='bbox 614 1595 811 1642; x_wconf 66' lang='lat' dir='ltr'>discor-&#39;diam</span> <span class='ocrx_word' id='word_1_122' title='bbox 830 1626 843 1643; x_wconf 91' lang='lat'><strong><em>‚</em></strong></span> <span class='ocrx_word' id='word_1_123' title='bbox 881 1615 955 1649; x_wconf 84' lang='lat' dir='ltr'>quae</span> <span class='ocrx_word' id='word_1_124' title='bbox 978 1604 1125 1649; x_wconf 88' lang='lat' dir='ltr'>contigit</span> 
     </span>
     <span class='ocr_line' id='line_1_22' title="bbox 227 1646 1125 1701; baseline 0.007 -19"><span class='ocrx_word' id='word_1_125' title='bbox 227 1646 316 1694; x_wconf 67' lang='lat' dir='ltr'>inter</span> <span class='ocrx_word' id='word_1_126' title='bbox 326 1659 399 1689; x_wconf 77' lang='lat' dir='ltr'>eos.</span> <span class='ocrx_word' id='word_1_127' title='bbox 431 1651 634 1698; x_wconf 82' lang='lat' dir='ltr'>Perturbatis</span> <span class='ocrx_word' id='word_1_128' title='bbox 645 1662 757 1695; x_wconf 83' lang='lat' dir='ltr'>autem</span> <span class='ocrx_word' id='word_1_129' title='bbox 769 1654 895 1688; x_wconf 66' lang='lat' dir='ltr'>cunctis</span> <span class='ocrx_word' id='word_1_130' title='bbox 908 1678 918 1694; x_wconf 94' lang='lat'>,</span> <span class='ocrx_word' id='word_1_131' title='bbox 947 1653 982 1689; x_wconf 73' lang='grc' dir='ltr'>ὃς</span> <span class='ocrx_word' id='word_1_132' title='bbox 994 1654 1125 1701; x_wconf 85' lang='lat' dir='ltr'>Cyrillo</span> 
     </span>
     <span class='ocr_line' id='line_1_23' title="bbox 225 1698 1124 1751; baseline 0.004 -18"><span class='ocrx_word' id='word_1_133' title='bbox 225 1709 270 1739; x_wconf 27' lang='lat' dir='ltr'>,ac</span> <span class='ocrx_word' id='word_1_134' title='bbox 282 1698 469 1739; x_wconf 83' lang='lat' dir='ltr'>Memnone</span> <span class='ocrx_word' id='word_1_135' title='bbox 477 1701 728 1747; x_wconf 65' lang='lat' dir='ltr'>,includentibus</span> <span class='ocrx_word' id='word_1_136' title='bbox 742 1703 951 1748; x_wconf 88' lang='lat' dir='ltr'>semetipsos,</span> <span class='ocrx_word' id='word_1_137' title='bbox 978 1705 1048 1751; x_wconf 69' lang='lat' dir='ltr'>illis</span> <span class='ocrx_word' id='word_1_138' title='bbox 1065 1704 1124 1750; x_wconf 89' lang='lat' dir='ltr'>qui</span> 
     </span>
     <span class='ocr_line' id='line_1_24' title="bbox 225 1754 1127 1800; baseline 0.003 -14"><span class='ocrx_word' id='word_1_139' title='bbox 225 1760 454 1791; x_wconf 27' lang='lat' dir='ltr'>,convenerant</span> <span class='ocrx_word' id='word_1_140' title='bbox 480 1763 536 1797; x_wconf 80' lang='lat' dir='ltr'>per</span> <span class='ocrx_word' id='word_1_141' title='bbox 558 1764 613 1789; x_wconf 87' lang='lat' dir='ltr'>me</span> <span class='ocrx_word' id='word_1_142' title='bbox 635 1754 741 1798; x_wconf 90' lang='lat' dir='ltr'>ipsum</span> <span class='ocrx_word' id='word_1_143' title='bbox 766 1756 900 1799; x_wconf 64' lang='lat' dir='ltr'>praecepi</span> <span class='ocrx_word' id='word_1_144' title='bbox 919 1779 931 1796; x_wconf 89' lang='lat'>,</span> <span class='ocrx_word' id='word_1_145' title='bbox 962 1767 1020 1800; x_wconf 90' lang='lat' dir='ltr'>per</span> <span class='ocrx_word' id='word_1_146' title='bbox 1042 1756 1127 1790; x_wconf 89' lang='lat' dir='ltr'>alios</span> 
     </span>
     <span class='ocr_line' id='line_1_25' title="bbox 229 1797 1124 1849; baseline 0.009 -16"><span class='ocrx_word' id='word_1_147' title='bbox 229 1797 305 1841; x_wconf 59' lang='lat' dir='ltr'>verr}</span> <span class='ocrx_word' id='word_1_148' title='bbox 316 1799 391 1842; x_wconf 85' lang='lat' dir='ltr'>his,</span> <span class='ocrx_word' id='word_1_149' title='bbox 417 1803 475 1847; x_wconf 87' lang='lat' dir='ltr'>qui</span> <span class='ocrx_word' id='word_1_150' title='bbox 496 1814 592 1849; x_wconf 81' lang='lat' dir='ltr'>erant</span> <span class='ocrx_word' id='word_1_151' title='bbox 614 1803 784 1846; x_wconf 83' lang='lat' dir='ltr'>absentes,</span> <span class='ocrx_word' id='word_1_152' title='bbox 813 1806 969 1840; x_wconf 85' lang='lat' dir='ltr'>mandavi</span> <span class='ocrx_word' id='word_1_153' title='bbox 992 1815 1033 1841; x_wconf 91' lang='lat' dir='ltr'>ut</span> <span class='ocrx_word' id='word_1_154' title='bbox 1053 1806 1124 1841; x_wconf 78' lang='lat' dir='ltr'>alIo</span> 
     </span>
     <span class='ocr_line' id='line_1_26' title="bbox 228 1849 1123 1900; baseline 0.006 -16"><span class='ocrx_word' id='word_1_155' title='bbox 228 1849 283 1889; x_wconf 81' lang='lat' dir='ltr'>die</span> <span class='ocrx_word' id='word_1_156' title='bbox 305 1851 427 1893; x_wconf 82' lang='lat' dir='ltr'>absque</span> <span class='ocrx_word' id='word_1_157' title='bbox 446 1852 518 1898; x_wconf 75' lang='lat' dir='ltr'>,ulla</span> <span class='ocrx_word' id='word_1_158' title='bbox 538 1854 702 1896; x_wconf 85' lang='lat' dir='ltr'>dilatione</span> <span class='ocrx_word' id='word_1_159' title='bbox 723 1855 766 1889; x_wconf 88' lang='lat' dir='ltr'>ad</span> <span class='ocrx_word' id='word_1_160' title='bbox 779 1866 888 1900; x_wconf 79' lang='lat' dir='ltr'>meam</span> <span class='ocrx_word' id='word_1_161' title='bbox 915 1857 1123 1890; x_wconf 79' lang='lat' dir='ltr'>manflonem</span> 
     </span>
     <span class='ocr_line' id='line_1_27' title="bbox 221 1900 1123 1949; baseline 0.006 -16"><span class='ocrx_word' id='word_1_162' title='bbox 221 1900 336 1937; x_wconf 69' lang='lat' dir='ltr'>„cunffi</span> <span class='ocrx_word' id='word_1_163' title='bbox 348 1912 585 1937; x_wconf 86' lang='lat' dir='ltr'>concurrerent</span> <span class='ocrx_word' id='word_1_164' title='bbox 594 1928 602 1936; x_wconf 87' lang='lat'><strong>.</strong></span> <span class='ocrx_word' id='word_1_165' title='bbox 631 1903 688 1948; x_wconf 76' lang='lat' dir='ltr'>Ne</span> <span class='ocrx_word' id='word_1_166' title='bbox 699 1903 790 1939; x_wconf 84' lang='lat' dir='ltr'>fieret</span> <span class='ocrx_word' id='word_1_167' title='bbox 800 1915 922 1949; x_wconf 74' lang='lat' dir='ltr'>pugnae</span> <span class='ocrx_word' id='word_1_168' title='bbox 933 1905 1123 1947; x_wconf 56' lang='lat' dir='ltr'>consuetus,</span> 
     </span>
     <span class='ocr_line' id='line_1_28' title="bbox 228 1950 1124 1997; baseline 0.003 -14"><span class='ocrx_word' id='word_1_169' title='bbox 228 1950 432 1987; x_wconf 80' lang='lat' dir='ltr'>intermiscui</span> <span class='ocrx_word' id='word_1_170' title='bbox 453 1952 500 1997; x_wconf 79' lang='lat' dir='ltr'>eis</span> <span class='ocrx_word' id='word_1_171' title='bbox 520 1953 669 1996; x_wconf 81' lang='lat' dir='ltr'>militum</span> <span class='ocrx_word' id='word_1_172' title='bbox 689 1952 823 1994; x_wconf 88' lang='lat' dir='ltr'>turbas,</span> <span class='ocrx_word' id='word_1_173' title='bbox 850 1955 937 1988; x_wconf 87' lang='lat' dir='ltr'>circa</span> <span class='ocrx_word' id='word_1_174' title='bbox 959 1955 1033 1988; x_wconf 87' lang='lat' dir='ltr'>loca</span> <span class='ocrx_word' id='word_1_175' title='bbox 1044 1955 1124 1988; x_wconf 91' lang='lat' dir='ltr'>utri-</span> 
     </span>
     <span class='ocr_line' id='line_1_29' title="bbox 227 1999 1122 2046; baseline 0.004 -13"><span class='ocrx_word' id='word_1_176' title='bbox 227 2010 293 2043; x_wconf 74' lang='lat' dir='ltr'>que</span> <span class='ocrx_word' id='word_1_177' title='bbox 303 1999 393 2039; x_wconf 81' lang='lat' dir='ltr'>Parti</span> <span class='ocrx_word' id='word_1_178' title='bbox 404 2001 582 2044; x_wconf 86' lang='lat' dir='ltr'>contigua.</span> <span class='ocrx_word' id='word_1_179' title='bbox 609 2001 796 2045; x_wconf 85' lang='lat' dir='ltr'>Oportebat</span> <span class='ocrx_word' id='word_1_180' title='bbox 814 2001 973 2046; x_wconf 86' lang='lat' dir='ltr'>siquidem</span> <span class='ocrx_word' id='word_1_181' title='bbox 1001 2012 1055 2036; x_wconf 88' lang='lat' dir='ltr'>me</span> <span class='ocrx_word' id='word_1_182' title='bbox 1081 2004 1122 2037; x_wconf 89' lang='lat' dir='ltr'>de</span> 
     </span>
     <span class='ocr_line' id='line_1_30' title="bbox 227 2048 1122 2097; baseline 0.003 -14"><span class='ocrx_word' id='word_1_183' title='bbox 227 2049 296 2083; x_wconf 91' lang='lat' dir='ltr'>hoc</span> <span class='ocrx_word' id='word_1_184' title='bbox 316 2048 388 2093; x_wconf 89' lang='lat' dir='ltr'>ipso</span> <span class='ocrx_word' id='word_1_185' title='bbox 409 2050 472 2086; x_wconf 77' lang='lat' dir='ltr'>esse</span> <span class='ocrx_word' id='word_1_186' title='bbox 493 2051 673 2095; x_wconf 68' lang='lat' dir='ltr'>suspestum</span> <span class='ocrx_word' id='word_1_187' title='bbox 686 2075 698 2092; x_wconf 93' lang='lat'>‚</span> <span class='ocrx_word' id='word_1_188' title='bbox 723 2060 855 2095; x_wconf 85' lang='lat' dir='ltr'>propter</span> <span class='ocrx_word' id='word_1_189' title='bbox 873 2051 1024 2095; x_wconf 80' lang='lat' dir='ltr'>rabiem,</span> <span class='ocrx_word' id='word_1_190' title='bbox 1049 2064 1122 2097; x_wconf 82' lang='lat' dir='ltr'>quae</span> 
     </span>
     <span class='ocr_line' id='line_1_31' title="bbox 229 2099 979 2146; baseline 0.001 -12"><span class='ocrx_word' id='word_1_191' title='bbox 229 2099 316 2134; x_wconf 86' lang='lat' dir='ltr'>inter</span> <span class='ocrx_word' id='word_1_192' title='bbox 325 2111 383 2134; x_wconf 86' lang='lat' dir='ltr'>eos</span> <span class='ocrx_word' id='word_1_193' title='bbox 392 2100 504 2146; x_wconf 85' lang='lat' dir='ltr'>nescio</span> <span class='ocrx_word' id='word_1_194' title='bbox 517 2100 605 2141; x_wconf 86' lang='lat' dir='ltr'>unde</span> <span class='ocrx_word' id='word_1_195' title='bbox 614 2101 769 2145; x_wconf 88' lang='lat' dir='ltr'>provenit</span> <span class='ocrx_word' id='word_1_196' title='bbox 783 2126 791 2134; x_wconf 92' lang='lat'><strong>.</strong></span> <span class='ocrx_word' id='word_1_197' title='bbox 888 2104 894 2109; x_wconf 89' lang='lat'><em>&#39;</em></span> <span class='ocrx_word' id='word_1_198' title='bbox 909 2116 911 2118; x_wconf 89' lang='lat'>·</span> <span class='ocrx_word' id='word_1_199' title='bbox 976 2139 979 2141; x_wconf 57' lang='grc'><em>,</em></span> 
     </span>
    </p>

    <p class='ocr_par' dir='ltr' id='par_1_8' title="bbox 225 2149 1120 2944">
     <span class='ocr_line' id='line_1_32' title="bbox 280 2149 1120 2198; baseline 0.004 -14"><span class='ocrx_word' id='word_1_200' title='bbox 280 2149 493 2188; x_wconf 82' lang='lat' dir='ltr'>Adveniente</span> <span class='ocrx_word' id='word_1_201' title='bbox 513 2160 623 2185; x_wconf 89' lang='lat' dir='ltr'>autem</span> <span class='ocrx_word' id='word_1_202' title='bbox 638 2151 818 2193; x_wconf 83' lang='lat' dir='ltr'>Nestorio,</span> <span class='ocrx_word' id='word_1_203' title='bbox 846 2163 927 2188; x_wconf 86' lang='lat' dir='ltr'>mox</span> <span class='ocrx_word' id='word_1_204' title='bbox 949 2160 987 2187; x_wconf 90' lang='lat' dir='ltr'>ut</span> <span class='ocrx_word' id='word_1_205' title='bbox 1002 2152 1120 2198; x_wconf 38' lang='lat' dir='ltr'>&lt;effulsit</span> 
     </span>
     <span class='ocr_line' id='line_1_33' title="bbox 229 2200 1120 2248; baseline 0.002 -11"><span class='ocrx_word' id='word_1_206' title='bbox 229 2210 345 2241; x_wconf 68' lang='lat' dir='ltr'>aurora</span> <span class='ocrx_word' id='word_1_207' title='bbox 357 2225 368 2242; x_wconf 94' lang='lat'>,</span> <span class='ocrx_word' id='word_1_208' title='bbox 394 2201 429 2236; x_wconf 89' lang='lat'>&amp;</span> <span class='ocrx_word' id='word_1_209' title='bbox 441 2200 512 2246; x_wconf 86' lang='lat' dir='ltr'>post</span> <span class='ocrx_word' id='word_1_210' title='bbox 525 2213 594 2242; x_wconf 86' lang='lat' dir='ltr'>non</span> <span class='ocrx_word' id='word_1_211' title='bbox 607 2202 749 2245; x_wconf 86' lang='lat' dir='ltr'>multum</span> <span class='ocrx_word' id='word_1_212' title='bbox 761 2203 890 2246; x_wconf 87' lang='lat' dir='ltr'>Joanne</span> <span class='ocrx_word' id='word_1_213' title='bbox 907 2203 1120 2248; x_wconf 84' lang='lat' dir='ltr'>Religiosiffi-</span> 
     </span>
     <span class='ocr_line' id='line_1_34' title="bbox 228 2250 1119 2299; baseline 0.004 -14"><span class='ocrx_word' id='word_1_214' title='bbox 228 2262 288 2288; x_wconf 86' lang='lat' dir='ltr'>mo</span> <span class='ocrx_word' id='word_1_215' title='bbox 310 2250 477 2299; x_wconf 78' lang='lat' dir='ltr'>Episcopo</span> <span class='ocrx_word' id='word_1_216' title='bbox 489 2262 565 2289; x_wconf 88' lang='lat' dir='ltr'>curn</span> <span class='ocrx_word' id='word_1_217' title='bbox 587 2252 796 2299; x_wconf 60' lang='lat' dir='ltr'>Sandiiffimis</span> <span class='ocrx_word' id='word_1_218' title='bbox 808 2253 979 2298; x_wconf 85' lang='lat' dir='ltr'>Episcopis</span> <span class='ocrx_word' id='word_1_219' title='bbox 1000 2254 1056 2298; x_wconf 85' lang='lat' dir='ltr'>qui</span> <span class='ocrx_word' id='word_1_220' title='bbox 1069 2266 1119 2298; x_wconf 88' lang='lat' dir='ltr'>pa·</span> 
     </span>
     <span class='ocr_line' id='line_1_35' title="bbox 227 2299 1120 2346; baseline 0.003 -9"><span class='ocrx_word' id='word_1_221' title='bbox 227 2299 307 2342; x_wconf 81' lang='lat' dir='ltr'>riter</span> <span class='ocrx_word' id='word_1_222' title='bbox 327 2302 427 2344; x_wconf 85' lang='lat' dir='ltr'>sunt,</span> <span class='ocrx_word' id='word_1_223' title='bbox 453 2303 556 2342; x_wconf 87' lang='lat' dir='ltr'>etiam</span> <span class='ocrx_word' id='word_1_224' title='bbox 577 2302 726 2346; x_wconf 75' lang='lat' dir='ltr'>Cyrillus</span> <span class='ocrx_word' id='word_1_225' title='bbox 747 2302 883 2338; x_wconf 86' lang='lat' dir='ltr'>advenit</span> <span class='ocrx_word' id='word_1_226' title='bbox 903 2316 980 2339; x_wconf 88' lang='lat' dir='ltr'>cum</span> <span class='ocrx_word' id='word_1_227' title='bbox 994 2304 1120 2340; x_wconf 72' lang='lat' dir='ltr'>cunctis</span> 
     </span>
     <span class='ocr_line' id='line_1_36' title="bbox 227 2350 1118 2399; baseline 0.003 -13"><span class='ocrx_word' id='word_1_228' title='bbox 227 2352 309 2387; x_wconf 89' lang='lat' dir='ltr'>Deo</span> <span class='ocrx_word' id='word_1_229' title='bbox 330 2350 547 2399; x_wconf 70' lang='lat' dir='ltr'>Amicissimis</span> <span class='ocrx_word' id='word_1_230' title='bbox 570 2352 740 2397; x_wconf 78' lang='lat' dir='ltr'>Episcopis</span> <span class='ocrx_word' id='word_1_231' title='bbox 764 2359 881 2397; x_wconf 70' lang='lat' dir='ltr'>&#39;praeter</span> <span class='ocrx_word' id='word_1_232' title='bbox 901 2353 1118 2390; x_wconf 87' lang='lat' dir='ltr'>Memnonem</span> 
     </span>
     <span class='ocr_line' id='line_1_37' title="bbox 226 2401 1119 2448; baseline 0.004 -13"><span class='ocrx_word' id='word_1_233' title='bbox 226 2401 354 2448; x_wconf 31' lang='lat' dir='ltr'>solum..</span> <span class='ocrx_word' id='word_1_234' title='bbox 382 2402 471 2443; x_wconf 74' lang='lat' dir='ltr'>Mox</span> <span class='ocrx_word' id='word_1_235' title='bbox 484 2403 593 2447; x_wconf 83' lang='lat' dir='ltr'>itaque</span> <span class='ocrx_word' id='word_1_236' title='bbox 606 2403 712 2438; x_wconf 89' lang='lat' dir='ltr'>multa</span> <span class='ocrx_word' id='word_1_237' title='bbox 726 2402 925 2446; x_wconf 80' lang='lat' dir='ltr'>perturbatio</span> <span class='ocrx_word' id='word_1_238' title='bbox 935 2413 1034 2448; x_wconf 86' lang='lat' dir='ltr'>atque</span> <span class='ocrx_word' id='word_1_239' title='bbox 1041 2417 1119 2439; x_wconf 90' lang='lat' dir='ltr'>con-</span> 
     </span>
     <span class='ocr_line' id='line_1_38' title="bbox 225 2450 1118 2497; baseline 0.003 -11"><span class='ocrx_word' id='word_1_240' title='bbox 225 2450 312 2487; x_wconf 81' lang='lat' dir='ltr'>fufio</span> <span class='ocrx_word' id='word_1_241' title='bbox 327 2452 481 2495; x_wconf 65' lang='lat' dir='ltr'>nataesi,</span> <span class='ocrx_word' id='word_1_242' title='bbox 507 2452 696 2496; x_wconf 75' lang='lat' dir='ltr'>dicentibus</span> <span class='ocrx_word' id='word_1_243' title='bbox 708 2453 783 2492; x_wconf 83' lang='lat' dir='ltr'>his,</span> <span class='ocrx_word' id='word_1_244' title='bbox 809 2454 867 2495; x_wconf 90' lang='lat' dir='ltr'>qui</span> <span class='ocrx_word' id='word_1_245' title='bbox 889 2464 1118 2497; x_wconf 81' lang='lat' dir='ltr'>convenerant</span> 
     </span>
     <span class='ocr_line' id='line_1_39' title="bbox 225 2501 1117 2546; baseline 0.001 -9"><span class='ocrx_word' id='word_1_246' title='bbox 225 2513 305 2537; x_wconf 86' lang='lat' dir='ltr'>curn</span> <span class='ocrx_word' id='word_1_247' title='bbox 316 2501 450 2545; x_wconf 85' lang='lat' dir='ltr'>Cyrillo</span> <span class='ocrx_word' id='word_1_248' title='bbox 458 2526 471 2544; x_wconf 89' lang='lat'>‚</span> <span class='ocrx_word' id='word_1_249' title='bbox 496 2503 530 2537; x_wconf 88' lang='lat' dir='ltr'>se</span> <span class='ocrx_word' id='word_1_250' title='bbox 543 2501 636 2536; x_wconf 90' lang='lat' dir='ltr'>nullo</span> <span class='ocrx_word' id='word_1_251' title='bbox 646 2502 750 2543; x_wconf 81' lang='lat' dir='ltr'>modo</span> <span class='ocrx_word' id='word_1_252' title='bbox 761 2503 850 2546; x_wconf 82' lang='lat' dir='ltr'>posse</span> <span class='ocrx_word' id='word_1_253' title='bbox 880 2503 931 2537; x_wconf 92' lang='lat' dir='ltr'>vel</span> <span class='ocrx_word' id='word_1_254' title='bbox 942 2502 1051 2546; x_wconf 87' lang='lat' dir='ltr'>ipsum</span> <span class='ocrx_word' id='word_1_255' title='bbox 1065 2502 1117 2540; x_wconf 89' lang='lat' dir='ltr'>ad-</span> 
     </span>
     <span class='ocr_line' id='line_1_40' title="bbox 227 2547 1116 2596; baseline 0.003 -10"><span class='ocrx_word' id='word_1_256' title='bbox 227 2554 373 2596; x_wconf 57' lang='lat' dir='ltr'>spectum</span> <span class='ocrx_word' id='word_1_257' title='bbox 394 2547 543 2592; x_wconf 78' lang='lat' dir='ltr'>Nestorii</span> <span class='ocrx_word' id='word_1_258' title='bbox 564 2552 720 2588; x_wconf 84' lang='lat' dir='ltr'>sustinere</span> <span class='ocrx_word' id='word_1_259' title='bbox 743 2576 755 2591; x_wconf 90' lang='lat'>,</span> <span class='ocrx_word' id='word_1_260' title='bbox 781 2553 839 2595; x_wconf 90' lang='lat' dir='ltr'>qui</span> <span class='ocrx_word' id='word_1_261' title='bbox 865 2552 906 2586; x_wconf 89' lang='lat' dir='ltr'>ab</span> <span class='ocrx_word' id='word_1_262' title='bbox 931 2552 979 2588; x_wconf 87' lang='lat' dir='ltr'>eis</span> <span class='ocrx_word' id='word_1_263' title='bbox 1012 2555 1116 2589; x_wconf 85' lang='lat' dir='ltr'>fuerat</span> 
     </span>
     <span class='ocr_line' id='line_1_41' title="bbox 227 2599 1118 2638; baseline 0.002 -2"><span class='ocrx_word' id='word_1_264' title='bbox 227 2601 489 2636; x_wconf 87' lang='lat' dir='ltr'>condemnatus.</span> <span class='ocrx_word' id='word_1_265' title='bbox 517 2599 806 2637; x_wconf 76' lang='lat' dir='ltr'>,convenientibus</span> <span class='ocrx_word' id='word_1_266' title='bbox 818 2611 928 2635; x_wconf 85' lang='lat' dir='ltr'>tamen</span> <span class='ocrx_word' id='word_1_267' title='bbox 951 2603 999 2637; x_wconf 89' lang='lat' dir='ltr'>eis</span> <span class='ocrx_word' id='word_1_268' title='bbox 1022 2604 1118 2638; x_wconf 91' lang='lat' dir='ltr'>Divi-</span> 
     </span>
     <span class='ocr_line' id='line_1_42' title="bbox 227 2650 1118 2696; baseline 0.002 -10"><span class='ocrx_word' id='word_1_269' title='bbox 227 2663 278 2686; x_wconf 80' lang='lat' dir='ltr'>nae</span> <span class='ocrx_word' id='word_1_270' title='bbox 293 2653 456 2696; x_wconf 71' lang='lat' dir='ltr'>Scriptum</span> <span class='ocrx_word' id='word_1_271' title='bbox 479 2651 583 2684; x_wconf 83' lang='lat' dir='ltr'>facere</span> <span class='ocrx_word' id='word_1_272' title='bbox 597 2650 687 2685; x_wconf 91' lang='lat' dir='ltr'>volui</span> <span class='ocrx_word' id='word_1_273' title='bbox 699 2651 891 2685; x_wconf 68' lang='lat' dir='ltr'>lestionem.</span> <span class='ocrx_word' id='word_1_274' title='bbox 917 2653 1118 2689; x_wconf 88' lang='lat' dir='ltr'>Dicentibus</span> 
     </span>
     <span class='ocr_line' id='line_1_43' title="bbox 228 2698 1117 2746; baseline 0.003 -11"><span class='ocrx_word' id='word_1_275' title='bbox 228 2701 310 2735; x_wconf 80' lang='lat' dir='ltr'>vero</span> <span class='ocrx_word' id='word_1_276' title='bbox 328 2698 398 2740; x_wconf 85' lang='lat' dir='ltr'>his,</span> <span class='ocrx_word' id='word_1_277' title='bbox 428 2699 487 2745; x_wconf 90' lang='lat' dir='ltr'>qui</span> <span class='ocrx_word' id='word_1_278' title='bbox 505 2699 638 2742; x_wconf 82' lang='lat' dir='ltr'>Cyrillo</span> <span class='ocrx_word' id='word_1_279' title='bbox 659 2701 872 2735; x_wconf 87' lang='lat' dir='ltr'>consentiunt</span> <span class='ocrx_word' id='word_1_280' title='bbox 884 2726 896 2742; x_wconf 93' lang='lat'>,</span> <span class='ocrx_word' id='word_1_281' title='bbox 922 2713 1029 2746; x_wconf 85' lang='lat' dir='ltr'>neque</span> <span class='ocrx_word' id='word_1_282' title='bbox 1048 2704 1117 2738; x_wconf 71' lang='lat' dir='ltr'>abs&gt;</span> 
     </span>
     <span class='ocr_line' id='line_1_44' title="bbox 229 2749 1117 2797; baseline 0.006 -13"><span class='ocrx_word' id='word_1_283' title='bbox 229 2762 295 2797; x_wconf 72' lang='lat' dir='ltr'>que</span> <span class='ocrx_word' id='word_1_284' title='bbox 317 2749 615 2794; x_wconf 84' lang='lat' dir='ltr'>ipsoDivinorum</span> <span class='ocrx_word' id='word_1_285' title='bbox 638 2749 900 2794; x_wconf 66' lang='lat' dir='ltr'>,terribiliumque</span> <span class='ocrx_word' id='word_1_286' title='bbox 924 2753 993 2789; x_wconf 84' lang='lat' dir='ltr'>fieri</span> <span class='ocrx_word' id='word_1_287' title='bbox 1007 2753 1117 2789; x_wconf 74' lang='grc' dir='ltr'>1εᾶἰο-</span> 
     </span>
     <span class='ocr_line' id='line_1_45' title="bbox 227 2800 1120 2847; baseline 0.004 -12"><span class='ocrx_word' id='word_1_288' title='bbox 227 2810 306 2835; x_wconf 85' lang='lat' dir='ltr'>nem</span> <span class='ocrx_word' id='word_1_289' title='bbox 316 2822 329 2841; x_wconf 89' lang='lat'>,</span> <span class='ocrx_word' id='word_1_290' title='bbox 355 2810 463 2843; x_wconf 89' lang='lat' dir='ltr'>neque</span> <span class='ocrx_word' id='word_1_291' title='bbox 474 2800 627 2846; x_wconf 70' lang='lat' dir='ltr'>praesente</span> <span class='ocrx_word' id='word_1_292' title='bbox 639 2800 817 2844; x_wconf 64' lang='lat' dir='ltr'>Hesiodo,</span> <span class='ocrx_word' id='word_1_293' title='bbox 843 2802 895 2836; x_wconf 90' lang='lat' dir='ltr'>sed</span> <span class='ocrx_word' id='word_1_294' title='bbox 912 2814 1018 2847; x_wconf 91' lang='lat' dir='ltr'>neque</span> <span class='ocrx_word' id='word_1_295' title='bbox 1040 2816 1120 2839; x_wconf 91' lang='lat' dir='ltr'>con-</span> 
     </span>
     <span class='ocr_line' id='line_1_46' title="bbox 230 2848 1118 2900; baseline 0.006 -15"><span class='ocrx_word' id='word_1_296' title='bbox 230 2848 439 2889; x_wconf 79' lang='lat' dir='ltr'>venientibus</span> <span class='ocrx_word' id='word_1_297' title='bbox 451 2851 560 2888; x_wconf 86' lang='lat' dir='ltr'>secum</span> <span class='ocrx_word' id='word_1_298' title='bbox 570 2850 800 2896; x_wconf 83' lang='lat' dir='ltr'>Orientalibus</span> <span class='ocrx_word' id='word_1_299' title='bbox 811 2851 1022 2897; x_wconf 73' lang='lat' dir='ltr'>Sanfflffimis</span> <span class='ocrx_word' id='word_1_300' title='bbox 1040 2855 1118 2900; x_wconf 77' lang='lat' dir='ltr'>Epi-</span> 
     </span>
     <span class='ocr_line' id='line_1_47' title="bbox 230 2900 355 2944; baseline -0.008 -9"><span class='ocrx_word' id='word_1_301' title='bbox 230 2900 355 2944; x_wconf 79' lang='lat' dir='ltr'>scopis.</span> 
     </span>
    </p>

    <p class='ocr_par' dir='ltr' id='par_1_9' title="bbox 232 2949 1121 3452">
     <span class='ocr_line' id='line_1_48' title="bbox 283 2949 1118 3001; baseline 0.005 -16"><span class='ocrx_word' id='word_1_302' title='bbox 283 2952 330 2986; x_wconf 88' lang='lat' dir='ltr'>Et</span> <span class='ocrx_word' id='word_1_303' title='bbox 345 2951 450 2995; x_wconf 82' lang='lat' dir='ltr'>multa</span> <span class='ocrx_word' id='word_1_304' title='bbox 468 2960 598 2995; x_wconf 81' lang='lat' dir='ltr'>propter</span> <span class='ocrx_word' id='word_1_305' title='bbox 614 2949 680 2986; x_wconf 91' lang='lat' dir='ltr'>hoe</span> <span class='ocrx_word' id='word_1_306' title='bbox 698 2953 778 2987; x_wconf 69' lang='lat' dir='ltr'>faeta</span> <span class='ocrx_word' id='word_1_307' title='bbox 791 2951 972 2997; x_wconf 87' lang='lat' dir='ltr'>seditione,</span> <span class='ocrx_word' id='word_1_308' title='bbox 998 2967 1118 3001; x_wconf 82' lang='lat' dir='ltr'>magna</span> 
     </span>
     <span class='ocr_line' id='line_1_49' title="bbox 233 3000 1119 3049; baseline 0.005 -13"><span class='ocrx_word' id='word_1_309' title='bbox 233 3000 311 3047; x_wconf 61' lang='lat' dir='ltr'>vero</span> <span class='ocrx_word' id='word_1_310' title='bbox 331 3012 441 3047; x_wconf 88' lang='lat' dir='ltr'>pugna</span> <span class='ocrx_word' id='word_1_311' title='bbox 465 3001 603 3038; x_wconf 82' lang='lat' dir='ltr'>&amp;bello</span> <span class='ocrx_word' id='word_1_312' title='bbox 613 3006 634 3044; x_wconf 78' lang='lat'>‚&#39;</span> <span class='ocrx_word' id='word_1_313' title='bbox 650 3002 717 3037; x_wconf 84' lang='lat' dir='ltr'>haec</span> <span class='ocrx_word' id='word_1_314' title='bbox 728 3004 794 3048; x_wconf 86' lang='lat' dir='ltr'>ipsa</span> <span class='ocrx_word' id='word_1_315' title='bbox 804 3001 914 3038; x_wconf 84' lang='lat' dir='ltr'>dicere</span> <span class='ocrx_word' id='word_1_316' title='bbox 933 3015 1119 3049; x_wconf 84' lang='lat' dir='ltr'>coeperant,</span> 
     </span>
     <span class='ocr_line' id='line_1_50' title="bbox 232 3051 1119 3100; baseline 0.005 -15"><span class='ocrx_word' id='word_1_317' title='bbox 232 3052 269 3086; x_wconf 88' lang='lat'>&amp;</span> <span class='ocrx_word' id='word_1_318' title='bbox 291 3053 431 3096; x_wconf 74' lang='lat' dir='ltr'>quicum</span> <span class='ocrx_word' id='word_1_319' title='bbox 463 3051 543 3093; x_wconf 76' lang='lat' dir='ltr'>Deo</span> <span class='ocrx_word' id='word_1_320' title='bbox 566 3052 774 3096; x_wconf 68' lang='lat' dir='ltr'>Amicissimo</span> <span class='ocrx_word' id='word_1_321' title='bbox 796 3052 925 3098; x_wconf 76' lang='lat' dir='ltr'>Ioanne</span> <span class='ocrx_word' id='word_1_322' title='bbox 951 3056 1119 3100; x_wconf 78' lang='lat' dir='ltr'>persistunt</span> 
     </span>
     <span class='ocr_line' id='line_1_51' title="bbox 233 3101 1121 3149; baseline 0.008 -16"><span class='ocrx_word' id='word_1_323' title='bbox 233 3101 430 3141; x_wconf 72' lang='lat' dir='ltr'>Sanstiffirni</span> <span class='ocrx_word' id='word_1_324' title='bbox 453 3102 632 3148; x_wconf 74' lang='lat' dir='ltr'>Episcopi,</span> <span class='ocrx_word' id='word_1_325' title='bbox 659 3103 895 3145; x_wconf 78' lang='lat' dir='ltr'>confirmantes</span> <span class='ocrx_word' id='word_1_326' title='bbox 920 3104 954 3139; x_wconf 87' lang='lat'>&amp;</span> <span class='ocrx_word' id='word_1_327' title='bbox 975 3105 1031 3149; x_wconf 87' lang='lat' dir='ltr'>ipfi</span> <span class='ocrx_word' id='word_1_328' title='bbox 1055 3105 1121 3148; x_wconf 90' lang='lat' dir='ltr'>Cy-</span> 
     </span>
     <span class='ocr_line' id='line_1_52' title="bbox 234 3150 1120 3198; baseline 0.003 -12"><span class='ocrx_word' id='word_1_329' title='bbox 234 3150 346 3186; x_wconf 84' lang='lat' dir='ltr'>rillum</span> <span class='ocrx_word' id='word_1_330' title='bbox 360 3164 429 3187; x_wconf 90' lang='lat' dir='ltr'>non</span> <span class='ocrx_word' id='word_1_331' title='bbox 439 3161 590 3197; x_wconf 84' lang='lat' dir='ltr'>oportere</span> <span class='ocrx_word' id='word_1_332' title='bbox 601 3154 665 3189; x_wconf 76' lang='lat' dir='ltr'>esse</span> <span class='ocrx_word' id='word_1_333' title='bbox 683 3155 896 3198; x_wconf 73' lang='lat' dir='ltr'>praesentem,</span> <span class='ocrx_word' id='word_1_334' title='bbox 922 3155 1002 3190; x_wconf 87' lang='lat' dir='ltr'>dum</span> <span class='ocrx_word' id='word_1_335' title='bbox 1022 3156 1120 3189; x_wconf 71' lang='lat' dir='ltr'>lectio</span> 
     </span>
     <span class='ocr_line' id='line_1_53' title="bbox 234 3200 1120 3252; baseline 0.008 -19"><span class='ocrx_word' id='word_1_336' title='bbox 234 3200 439 3247; x_wconf 87' lang='lat' dir='ltr'>Divinorum</span> <span class='ocrx_word' id='word_1_337' title='bbox 460 3204 551 3239; x_wconf 85' lang='lat' dir='ltr'>fieret</span> <span class='ocrx_word' id='word_1_338' title='bbox 567 3204 786 3249; x_wconf 87' lang='lat' dir='ltr'>Decretorum</span> <span class='ocrx_word' id='word_1_339' title='bbox 798 3230 805 3238; x_wconf 96' lang='lat'>.</span> <span class='ocrx_word' id='word_1_340' title='bbox 833 3204 969 3252; x_wconf 87' lang='lat' dir='ltr'>Qippe</span> <span class='ocrx_word' id='word_1_341' title='bbox 982 3207 1059 3250; x_wconf 90' lang='lat' dir='ltr'>quia</span> <span class='ocrx_word' id='word_1_342' title='bbox 1086 3206 1120 3240; x_wconf 92' lang='lat'>&amp;</span> 
     </span>
     <span class='ocr_line' id='line_1_54' title="bbox 234 3250 1120 3296; baseline 0.001 -9"><span class='ocrx_word' id='word_1_343' title='bbox 234 3250 303 3295; x_wconf 84' lang='lat' dir='ltr'>ipse</span> <span class='ocrx_word' id='word_1_344' title='bbox 313 3262 389 3285; x_wconf 89' lang='lat' dir='ltr'>cum</span> <span class='ocrx_word' id='word_1_345' title='bbox 400 3251 587 3289; x_wconf 89' lang='lat' dir='ltr'>Memnone</span> <span class='ocrx_word' id='word_1_346' title='bbox 597 3252 771 3296; x_wconf 82' lang='lat' dir='ltr'>damnatus</span> <span class='ocrx_word' id='word_1_347' title='bbox 782 3254 859 3289; x_wconf 78' lang='lat' dir='ltr'>esset</span> <span class='ocrx_word' id='word_1_348' title='bbox 871 3253 914 3289; x_wconf 89' lang='lat' dir='ltr'>ab</span> <span class='ocrx_word' id='word_1_349' title='bbox 937 3255 998 3289; x_wconf 89' lang='lat' dir='ltr'>eis.</span> <span class='ocrx_word' id='word_1_350' title='bbox 1030 3256 1120 3290; x_wconf 89' lang='lat' dir='ltr'>Mul-</span> 
     </span>
     <span class='ocr_line' id='line_1_55' title="bbox 237 3299 1120 3350; baseline 0.002 -14"><span class='ocrx_word' id='word_1_351' title='bbox 237 3310 272 3336; x_wconf 86' lang='lat' dir='ltr'>ta</span> <span class='ocrx_word' id='word_1_352' title='bbox 285 3299 363 3335; x_wconf 77' lang='lat' dir='ltr'>vero</span> <span class='ocrx_word' id='word_1_353' title='bbox 373 3301 590 3348; x_wconf 84' lang='lat' dir='ltr'>contentione</span> <span class='ocrx_word' id='word_1_354' title='bbox 601 3304 681 3338; x_wconf 73' lang='lat' dir='ltr'>fasta</span> <span class='ocrx_word' id='word_1_355' title='bbox 697 3303 739 3338; x_wconf 88' lang='lat' dir='ltr'>de</span> <span class='ocrx_word' id='word_1_356' title='bbox 752 3303 819 3340; x_wconf 91' lang='lat' dir='ltr'>hoc</span> <span class='ocrx_word' id='word_1_357' title='bbox 829 3329 841 3346; x_wconf 92' lang='lat'>,</span> <span class='ocrx_word' id='word_1_358' title='bbox 865 3305 899 3339; x_wconf 91' lang='lat'>&amp;</span> <span class='ocrx_word' id='word_1_359' title='bbox 920 3316 1041 3350; x_wconf 87' lang='lat' dir='ltr'>magna</span> <span class='ocrx_word' id='word_1_360' title='bbox 1055 3305 1120 3340; x_wconf 89' lang='lat' dir='ltr'>diei</span> 
     </span>
     <span class='ocr_line' id='line_1_56' title="bbox 236 3352 1117 3401; baseline 0.007 -15"><span class='ocrx_word' id='word_1_361' title='bbox 236 3360 327 3399; x_wconf 80' lang='lat' dir='ltr'>parte</span> <span class='ocrx_word' id='word_1_362' title='bbox 346 3353 560 3397; x_wconf 75' lang='lat' dir='ltr'>consumpta,</span> <span class='ocrx_word' id='word_1_363' title='bbox 587 3352 743 3401; x_wconf 70' lang='lat' dir='ltr'>expedire</span> <span class='ocrx_word' id='word_1_364' title='bbox 763 3353 914 3398; x_wconf 85' lang='lat' dir='ltr'>providi,</span> <span class='ocrx_word' id='word_1_365' title='bbox 938 3366 974 3392; x_wconf 92' lang='lat' dir='ltr'>ut</span> <span class='ocrx_word' id='word_1_366' title='bbox 996 3355 1117 3398; x_wconf 83' lang='lat' dir='ltr'>absque</span> 
     </span>
     <span class='ocr_line' id='line_1_57' title="bbox 235 3400 1119 3452; baseline 0.006 -16"><span class='ocrx_word' id='word_1_367' title='bbox 235 3400 371 3448; x_wconf 74' lang='lat' dir='ltr'>Cyrillo</span> <span class='ocrx_word' id='word_1_368' title='bbox 396 3400 495 3451; x_wconf 71' lang='lat' dir='ltr'>atque</span> <span class='ocrx_word' id='word_1_369' title='bbox 514 3402 673 3450; x_wconf 57' lang='lat' dir='ltr'>‚Nestorio</span> <span class='ocrx_word' id='word_1_370' title='bbox 695 3404 837 3447; x_wconf 83' lang='lat' dir='ltr'>Decreta</span> <span class='ocrx_word' id='word_1_371' title='bbox 852 3406 1036 3452; x_wconf 66' lang='lat' dir='ltr'>Imperialia,</span> <span class='ocrx_word' id='word_1_372' title='bbox 1048 3406 1119 3442; x_wconf 87' lang='lat' dir='ltr'>reli-</span> 
     </span>
    </p>
   </div>
   <div class='ocr_carea' id='block_1_8' title="bbox 1185 247 1201 613">
    <p class='ocr_par' dir='ltr' id='par_1_10' title="bbox 1185 247 1201 613">
     <span class='ocr_line' id='line_1_58' title="bbox 1185 247 1201 613; baseline 0 3117"><span class='ocrx_word' id='word_1_373' title='bbox 1185 247 1201 613; x_wconf 95' lang='lat' dir='ltr'> </span> 
     </span>
    </p>
   </div>
   <div class='ocr_carea' id='block_1_9' title="bbox 1127 1113 1155 3555">
    <p class='ocr_par' dir='ltr' id='par_1_11' title="bbox 1127 1113 1155 3555">
     <span class='ocr_line' id='line_1_59' title="bbox 1138 1113 1155 1220; baseline 0 0"><span class='ocrx_word' id='word_1_374' title='bbox 1138 1113 1155 1220; x_wconf 95' lang='lat' dir='ltr'>  </span> 
     </span>
     <span class='ocr_line' id='line_1_60' title="bbox 1134 1220 1155 1421; baseline 0 -100"><span class='ocrx_word' id='word_1_375' title='bbox 1134 1220 1155 1421; x_wconf 95' lang='lat' dir='ltr'>     </span> 
     </span>
     <span class='ocr_line' id='line_1_61' title="bbox 1133 1421 1153 1525; baseline 0 2205"><span class='ocrx_word' id='word_1_376' title='bbox 1133 1421 1153 1525; x_wconf 95' lang='lat' dir='ltr'> </span> 
     </span>
     <span class='ocr_line' id='line_1_62' title="bbox 1127 1525 1152 3555; baseline 0 0"><span class='ocrx_word' id='word_1_377' title='bbox 1127 1525 1152 3555; x_wconf 95' lang='lat' dir='ltr'>   </span> 
     </span>
    </p>
   </div>
   <div class='ocr_carea' id='block_1_10' title="bbox 677 158 1677 220">
    <p class='ocr_par' dir='ltr' id='par_1_12' title="bbox 677 158 1677 220">
     <span class='ocr_line' id='line_1_63' title="bbox 677 158 1677 220; baseline -0.008 -5"><span class='ocrx_word' id='word_1_378' title='bbox 677 164 1013 217; x_wconf 59' lang='lat' dir='ltr'>vammum</span> <span class='ocrx_word' id='word_1_379' title='bbox 1047 160 1302 214; x_wconf 64' lang='lat' dir='ltr'>‚Paruum</span> <span class='ocrx_word' id='word_1_380' title='bbox 1337 158 1677 220; x_wconf 64' lang='lat' dir='ltr'>Eprsrorrr‘s,</span> 
     </span>
    </p>
   </div>
   <div class='ocr_carea' id='block_1_11' title="bbox 1195 242 2093 1196">
    <p class='ocr_par' dir='ltr' id='par_1_13' title="bbox 1195 242 2093 1196">
     <span class='ocr_line' id='line_1_64' title="bbox 1210 242 2093 296; baseline 0.011 -19"><span class='ocrx_word' id='word_1_381' title='bbox 1210 243 1287 286; x_wconf 83' lang='lat' dir='ltr'>quis</span> <span class='ocrx_word' id='word_1_382' title='bbox 1306 243 1514 289; x_wconf 83' lang='lat' dir='ltr'>vulgarentur</span> <span class='ocrx_word' id='word_1_383' title='bbox 1532 272 1540 281; x_wconf 85' lang='lat'><strong>.</strong></span> <span class='ocrx_word' id='word_1_384' title='bbox 1566 246 1658 296; x_wconf 84' lang='lat' dir='ltr'>Qia</span> <span class='ocrx_word' id='word_1_385' title='bbox 1680 254 1742 282; x_wconf 85' lang='lat' dir='ltr'>nec</span> <span class='ocrx_word' id='word_1_386' title='bbox 1762 242 1871 292; x_wconf 81' lang='lat' dir='ltr'>scripti</span> <span class='ocrx_word' id='word_1_387' title='bbox 1894 244 1932 283; x_wconf 86' lang='lat' dir='ltr'>in</span> <span class='ocrx_word' id='word_1_388' title='bbox 1954 247 2093 294; x_wconf 74' lang='lat' dir='ltr'>praefati⁸</span> 
     </span>
     <span class='ocr_line' id='line_1_65' title="bbox 1209 294 2093 336; baseline 0.009 -8"><span class='ocrx_word' id='word_1_389' title='bbox 1209 294 1341 332; x_wconf 86' lang='lat' dir='ltr'>fuerunt</span> <span class='ocrx_word' id='word_1_390' title='bbox 1351 294 1370 328; x_wconf 73' lang='lat' dir='ltr'>a</span> <span class='ocrx_word' id='word_1_391' title='bbox 1380 296 1539 330; x_wconf 84' lang='lat' dir='ltr'>Dominis</span> <span class='ocrx_word' id='word_1_392' title='bbox 1547 295 1671 332; x_wconf 86' lang='lat' dir='ltr'>Mundi</span> <span class='ocrx_word' id='word_1_393' title='bbox 1681 323 1690 330; x_wconf 90' lang='lat'>.</span> <span class='ocrx_word' id='word_1_394' title='bbox 1717 296 1992 335; x_wconf 83' lang='lat' dir='ltr'>Reclamantibus</span> <span class='ocrx_word' id='word_1_395' title='bbox 2013 299 2093 336; x_wconf 68' lang='lat' dir='ltr'>vero</span> 
     </span>
     <span class='ocr_line' id='line_1_66' title="bbox 1209 344 2092 396; baseline 0.008 -17"><span class='ocrx_word' id='word_1_396' title='bbox 1209 345 1244 384; x_wconf 69' lang='lat' dir='ltr'>&lt;Sc</span> <span class='ocrx_word' id='word_1_397' title='bbox 1265 345 1306 380; x_wconf 88' lang='lat' dir='ltr'>ad</span> <span class='ocrx_word' id='word_1_398' title='bbox 1330 344 1394 380; x_wconf 90' lang='lat' dir='ltr'>hoc</span> <span class='ocrx_word' id='word_1_399' title='bbox 1406 347 1481 380; x_wconf 90' lang='lat' dir='ltr'>Deo</span> <span class='ocrx_word' id='word_1_400' title='bbox 1491 346 1707 385; x_wconf 79' lang='lat' dir='ltr'>Amiciffimis</span> <span class='ocrx_word' id='word_1_401' title='bbox 1730 348 1926 393; x_wconf 87' lang='lat' dir='ltr'>Episcopis‚</span> <span class='ocrx_word' id='word_1_402' title='bbox 1952 349 2009 396; x_wconf 90' lang='lat' dir='ltr'>qui</span> <span class='ocrx_word' id='word_1_403' title='bbox 2023 363 2092 387; x_wconf 84' lang='lat' dir='ltr'>una</span> 
     </span>
     <span class='ocr_line' id='line_1_67' title="bbox 1209 395 2093 447; baseline 0.009 -17"><span class='ocrx_word' id='word_1_404' title='bbox 1209 407 1286 431; x_wconf 91' lang='lat' dir='ltr'>cum</span> <span class='ocrx_word' id='word_1_405' title='bbox 1309 395 1441 440; x_wconf 86' lang='lat' dir='ltr'>Cyrillo</span> <span class='ocrx_word' id='word_1_406' title='bbox 1460 406 1705 437; x_wconf 88' lang='lat' dir='ltr'>convenerant,</span> <span class='ocrx_word' id='word_1_407' title='bbox 1731 398 1767 434; x_wconf 70' lang='grc' dir='ltr'>ἀ</span> <span class='ocrx_word' id='word_1_408' title='bbox 1786 398 1972 435; x_wconf 89' lang='lat' dir='ltr'>volentibus</span> <span class='ocrx_word' id='word_1_409' title='bbox 1983 413 2093 447; x_wconf 82' lang='lat' dir='ltr'>neque</span> 
     </span>
     <span class='ocr_line' id='line_1_68' title="bbox 1208 444 2091 494; baseline 0.009 -14"><span class='ocrx_word' id='word_1_410' title='bbox 1208 458 1284 481; x_wconf 91' lang='lat' dir='ltr'>cum</span> <span class='ocrx_word' id='word_1_411' title='bbox 1303 444 1356 481; x_wconf 91' lang='lat' dir='ltr'>his</span> <span class='ocrx_word' id='word_1_412' title='bbox 1368 471 1380 488; x_wconf 93' lang='lat'>,</span> <span class='ocrx_word' id='word_1_413' title='bbox 1405 446 1463 493; x_wconf 88' lang='lat' dir='ltr'>qui</span> <span class='ocrx_word' id='word_1_414' title='bbox 1482 459 1560 488; x_wconf 82' lang='lat' dir='ltr'>curn</span> <span class='ocrx_word' id='word_1_415' title='bbox 1573 447 1650 483; x_wconf 86' lang='lat' dir='ltr'>Deo</span> <span class='ocrx_word' id='word_1_416' title='bbox 1663 446 1872 484; x_wconf 83' lang='lat' dir='ltr'>Amiciffimo</span> <span class='ocrx_word' id='word_1_417' title='bbox 1893 450 2022 494; x_wconf 84' lang='lat' dir='ltr'>Joanne</span> <span class='ocrx_word' id='word_1_418' title='bbox 2035 452 2091 488; x_wconf 87' lang='lat' dir='ltr'>ad-</span> 
     </span>
     <span class='ocr_line' id='line_1_69' title="bbox 1208 497 2091 543; baseline 0.008 -13"><span class='ocrx_word' id='word_1_419' title='bbox 1208 507 1396 539; x_wconf 81' lang='lat' dir='ltr'>venerant,</span> <span class='ocrx_word' id='word_1_420' title='bbox 1425 498 1586 543; x_wconf 82' lang='lat' dir='ltr'>patienter</span> <span class='ocrx_word' id='word_1_421' title='bbox 1608 497 1742 539; x_wconf 89' lang='lat' dir='ltr'>audire,</span> <span class='ocrx_word' id='word_1_422' title='bbox 1766 497 1809 532; x_wconf 76' lang='lat' dir='ltr'>eo</span> <span class='ocrx_word' id='word_1_423' title='bbox 1831 497 1921 542; x_wconf 83' lang='lat' dir='ltr'>quod</span> <span class='ocrx_word' id='word_1_424' title='bbox 1942 501 2091 538; x_wconf 83' lang='lat' dir='ltr'>dicerent</span> 
     </span>
     <span class='ocr_line' id='line_1_70' title="bbox 1205 547 2092 594; baseline 0.005 -12"><span class='ocrx_word' id='word_1_425' title='bbox 1205 558 1263 582; x_wconf 89' lang='lat' dir='ltr'>eos</span> <span class='ocrx_word' id='word_1_426' title='bbox 1284 548 1502 594; x_wconf 85' lang='lat' dir='ltr'>irregulariter</span> <span class='ocrx_word' id='word_1_427' title='bbox 1519 549 1628 583; x_wconf 72' lang='lat' dir='ltr'>fecisse</span> <span class='ocrx_word' id='word_1_428' title='bbox 1649 547 1898 587; x_wconf 78' lang='lat' dir='ltr'>damnationem</span> <span class='ocrx_word' id='word_1_429' title='bbox 1909 550 2031 594; x_wconf 88' lang='lat' dir='ltr'>Cyrilli</span> <span class='ocrx_word' id='word_1_430' title='bbox 2055 554 2092 592; x_wconf 82' lang='lat'>&amp;</span> 
     </span>
     <span class='ocr_line' id='line_1_71' title="bbox 1204 598 2092 644; baseline 0.006 -12"><span class='ocrx_word' id='word_1_431' title='bbox 1204 598 1401 641; x_wconf 88' lang='lat' dir='ltr'>Memnonis</span> <span class='ocrx_word' id='word_1_432' title='bbox 1412 622 1423 639; x_wconf 93' lang='lat'>‚</span> <span class='ocrx_word' id='word_1_433' title='bbox 1450 601 1504 634; x_wconf 84' lang='lat' dir='ltr'>vix</span> <span class='ocrx_word' id='word_1_434' title='bbox 1515 598 1664 644; x_wconf 79' lang='lat' dir='ltr'>praevalui</span> <span class='ocrx_word' id='word_1_435' title='bbox 1677 599 1880 643; x_wconf 71' lang='lat' dir='ltr'>persuasione</span> <span class='ocrx_word' id='word_1_436' title='bbox 1889 624 1900 642; x_wconf 90' lang='lat'>,</span> <span class='ocrx_word' id='word_1_437' title='bbox 1913 611 1952 635; x_wconf 91' lang='lat' dir='ltr'>ac</span> <span class='ocrx_word' id='word_1_438' title='bbox 1964 601 2092 639; x_wconf 84' lang='lat' dir='ltr'>violen-</span> 
     </span>
     <span class='ocr_line' id='line_1_72' title="bbox 1203 647 2091 696; baseline 0.003 -14"><span class='ocrx_word' id='word_1_439' title='bbox 1203 648 1249 683; x_wconf 86' lang='lat' dir='ltr'>tia</span> <span class='ocrx_word' id='word_1_440' title='bbox 1270 674 1283 693; x_wconf 88' lang='lat'><em>‚</em></span> <span class='ocrx_word' id='word_1_441' title='bbox 1310 650 1333 683; x_wconf 87' lang='lat' dir='ltr'>si</span> <span class='ocrx_word' id='word_1_442' title='bbox 1351 659 1483 693; x_wconf 88' lang='lat' dir='ltr'>oportet</span> <span class='ocrx_word' id='word_1_443' title='bbox 1507 647 1614 685; x_wconf 74' lang='lat' dir='ltr'>verius</span> <span class='ocrx_word' id='word_1_444' title='bbox 1638 648 1746 684; x_wconf 88' lang='lat' dir='ltr'>dicere</span> <span class='ocrx_word' id='word_1_445' title='bbox 1768 673 1780 690; x_wconf 94' lang='lat'>,</span> <span class='ocrx_word' id='word_1_446' title='bbox 1806 651 1881 693; x_wconf 85' lang='lat' dir='ltr'>usus</span> <span class='ocrx_word' id='word_1_447' title='bbox 1902 674 1914 691; x_wconf 96' lang='lat'>,</span> <span class='ocrx_word' id='word_1_448' title='bbox 1939 652 2091 696; x_wconf 76' lang='lat' dir='ltr'>separatis</span> 
     </span>
     <span class='ocr_line' id='line_1_73' title="bbox 1201 698 2091 747; baseline 0.004 -14"><span class='ocrx_word' id='word_1_449' title='bbox 1201 698 1360 735; x_wconf 83' lang='lat' dir='ltr'>Nestorio</span> <span class='ocrx_word' id='word_1_450' title='bbox 1385 701 1421 746; x_wconf 69' lang='lat' dir='ltr'>c&amp;</span> <span class='ocrx_word' id='word_1_451' title='bbox 1438 700 1570 744; x_wconf 85' lang='lat' dir='ltr'>Cyrillo</span> <span class='ocrx_word' id='word_1_452' title='bbox 1579 700 1764 741; x_wconf 76' lang='lat' dir='ltr'>universam</span> <span class='ocrx_word' id='word_1_453' title='bbox 1776 700 1951 744; x_wconf 88' lang='lat' dir='ltr'>Synodum</span> <span class='ocrx_word' id='word_1_454' title='bbox 1972 713 2091 747; x_wconf 87' lang='lat' dir='ltr'>praepa-</span> 
     </span>
     <span class='ocr_line' id='line_1_74' title="bbox 1197 749 2089 799; baseline 0.004 -16"><span class='ocrx_word' id='word_1_455' title='bbox 1197 761 1290 799; x_wconf 80' lang='lat' dir='ltr'>rare,</span> <span class='ocrx_word' id='word_1_456' title='bbox 1318 756 1356 784; x_wconf 90' lang='lat' dir='ltr'>ut</span> <span class='ocrx_word' id='word_1_457' title='bbox 1376 749 1489 785; x_wconf 86' lang='lat' dir='ltr'>audire</span> <span class='ocrx_word' id='word_1_458' title='bbox 1507 752 1649 786; x_wconf 88' lang='lat' dir='ltr'>Decreta</span> <span class='ocrx_word' id='word_1_459' title='bbox 1672 750 1858 795; x_wconf 75' lang='lat' dir='ltr'>imperialia</span> <span class='ocrx_word' id='word_1_460' title='bbox 1884 761 2089 795; x_wconf 86' lang='lat' dir='ltr'>paterentur.</span> 
     </span>
     <span class='ocr_line' id='line_1_75' title="bbox 1200 799 2089 847; baseline 0.004 -13"><span class='ocrx_word' id='word_1_461' title='bbox 1200 799 1408 845; x_wconf 84' lang='lat' dir='ltr'>Coadunatis</span> <span class='ocrx_word' id='word_1_462' title='bbox 1418 801 1518 847; x_wconf 87' lang='lat' dir='ltr'>igitur</span> <span class='ocrx_word' id='word_1_463' title='bbox 1529 801 1684 836; x_wconf 90' lang='lat' dir='ltr'>omnibus</span> <span class='ocrx_word' id='word_1_464' title='bbox 1697 825 1709 842; x_wconf 89' lang='lat'>,</span> <span class='ocrx_word' id='word_1_465' title='bbox 1738 801 1915 839; x_wconf 69' lang='lat' dir='ltr'>,lestionem</span> <span class='ocrx_word' id='word_1_466' title='bbox 1926 802 2089 838; x_wconf 77' lang='lat' dir='ltr'>celebravi</span> 
     </span>
     <span class='ocr_line' id='line_1_76' title="bbox 1200 850 2091 896; baseline 0.002 -11"><span class='ocrx_word' id='word_1_467' title='bbox 1200 850 1451 888; x_wconf 86' lang='lat' dir='ltr'>Venerabilium</span> <span class='ocrx_word' id='word_1_468' title='bbox 1473 851 1679 895; x_wconf 84' lang='lat' dir='ltr'>Syllabarum</span> <span class='ocrx_word' id='word_1_469' title='bbox 1702 875 1714 893; x_wconf 91' lang='lat'>,</span> <span class='ocrx_word' id='word_1_470' title='bbox 1739 862 1796 896; x_wconf 86' lang='lat' dir='ltr'>per</span> <span class='ocrx_word' id='word_1_471' title='bbox 1831 863 1912 895; x_wconf 85' lang='lat' dir='ltr'>quas</span> <span class='ocrx_word' id='word_1_472' title='bbox 1938 852 2091 893; x_wconf 83' lang='lat' dir='ltr'>damnati</span> 
     </span>
     <span class='ocr_line' id='line_1_77' title="bbox 1197 899 1987 946; baseline 0 -11"><span class='ocrx_word' id='word_1_473' title='bbox 1197 902 1274 942; x_wconf 82' lang='lat' dir='ltr'>sunt</span> <span class='ocrx_word' id='word_1_474' title='bbox 1287 901 1461 937; x_wconf 86' lang='lat' dir='ltr'>Nestorius</span> <span class='ocrx_word' id='word_1_475' title='bbox 1472 926 1483 944; x_wconf 97' lang='lat'>,</span> <span class='ocrx_word' id='word_1_476' title='bbox 1510 902 1544 946; x_wconf 69' lang='grc' dir='ltr'>ἀ</span> <span class='ocrx_word' id='word_1_477' title='bbox 1556 901 1703 944; x_wconf 84' lang='lat' dir='ltr'>cyrillus</span> <span class='ocrx_word' id='word_1_478' title='bbox 1713 926 1725 943; x_wconf 93' lang='lat'>,</span> <span class='ocrx_word' id='word_1_479' title='bbox 1750 903 1785 936; x_wconf 77' lang='grc' dir='ltr'>δε</span> <span class='ocrx_word' id='word_1_480' title='bbox 1797 899 1964 938; x_wconf 81' lang='lat' dir='ltr'>Memnon</span> <span class='ocrx_word' id='word_1_481' title='bbox 1978 927 1987 935; x_wconf 90' lang='lat'><strong>.</strong></span> 
     </span>
     <span class='ocr_line' id='line_1_78' title="bbox 1247 950 2093 996; baseline 0.004 -11"><span class='ocrx_word' id='word_1_482' title='bbox 1247 950 1417 987; x_wconf 86' lang='lat' dir='ltr'>Patienter</span> <span class='ocrx_word' id='word_1_483' title='bbox 1436 952 1514 987; x_wconf 75' lang='lat' dir='ltr'>vero</span> <span class='ocrx_word' id='word_1_484' title='bbox 1534 951 1783 996; x_wconf 82' lang='lat' dir='ltr'>suscipientibus</span> <span class='ocrx_word' id='word_1_485' title='bbox 1804 950 1980 988; x_wconf 59' lang='lat' dir='ltr'>lectionem</span> <span class='ocrx_word' id='word_1_486' title='bbox 2003 977 2016 994; x_wconf 89' lang='lat'>,</span> <span class='ocrx_word' id='word_1_487' title='bbox 2043 962 2093 988; x_wconf 87' lang='lat' dir='ltr'>at-</span> 
     </span>
     <span class='ocr_line' id='line_1_79' title="bbox 1195 1001 2091 1048; baseline 0 -11"><span class='ocrx_word' id='word_1_488' title='bbox 1195 1011 1259 1047; x_wconf 82' lang='lat' dir='ltr'>que</span> <span class='ocrx_word' id='word_1_489' title='bbox 1271 1003 1460 1038; x_wconf 87' lang='lat' dir='ltr'>faventibus</span> <span class='ocrx_word' id='word_1_490' title='bbox 1472 1001 1526 1038; x_wconf 92' lang='lat' dir='ltr'>his</span> <span class='ocrx_word' id='word_1_491' title='bbox 1536 1003 1683 1048; x_wconf 78' lang='lat' dir='ltr'>quicum</span> <span class='ocrx_word' id='word_1_492' title='bbox 1697 1002 1827 1046; x_wconf 77' lang='lat' dir='ltr'>Ioanne</span> <span class='ocrx_word' id='word_1_493' title='bbox 1850 1002 2091 1045; x_wconf 86' lang='lat' dir='ltr'>Reverendiffi-</span> 
     </span>
     <span class='ocr_line' id='line_1_80' title="bbox 1197 1051 2092 1099; baseline 0.003 -14"><span class='ocrx_word' id='word_1_494' title='bbox 1197 1062 1253 1087; x_wconf 88' lang='lat' dir='ltr'>mo</span> <span class='ocrx_word' id='word_1_495' title='bbox 1273 1051 1520 1098; x_wconf 78' lang='lat' dir='ltr'>convenerant,</span> <span class='ocrx_word' id='word_1_496' title='bbox 1549 1054 1599 1088; x_wconf 91' lang='lat' dir='ltr'>illi</span> <span class='ocrx_word' id='word_1_497' title='bbox 1622 1054 1680 1099; x_wconf 88' lang='lat' dir='ltr'>qui</span> <span class='ocrx_word' id='word_1_498' title='bbox 1701 1064 1780 1094; x_wconf 82' lang='lat' dir='ltr'>cum</span> <span class='ocrx_word' id='word_1_499' title='bbox 1807 1052 1969 1088; x_wconf 83' lang='lat' dir='ltr'>Flaviano</span> <span class='ocrx_word' id='word_1_500' title='bbox 1981 1053 2092 1093; x_wconf 83' lang='lat' dir='ltr'>Reve-</span> 
     </span>
     <span class='ocr_line' id='line_1_81' title="bbox 1197 1101 2090 1148; baseline 0.003 -13"><span class='ocrx_word' id='word_1_501' title='bbox 1197 1102 1387 1146; x_wconf 80' lang='lat' dir='ltr'>rendiffimo</span> <span class='ocrx_word' id='word_1_502' title='bbox 1409 1106 1540 1143; x_wconf 79' lang='lat' dir='ltr'>fuerant</span> <span class='ocrx_word' id='word_1_503' title='bbox 1559 1103 1778 1148; x_wconf 86' lang='lat' dir='ltr'>congregati,</span> <span class='ocrx_word' id='word_1_504' title='bbox 1804 1101 1881 1147; x_wconf 89' lang='lat' dir='ltr'>quia</span> <span class='ocrx_word' id='word_1_505' title='bbox 1901 1114 1970 1143; x_wconf 85' lang='lat' dir='ltr'>non</span> <span class='ocrx_word' id='word_1_506' title='bbox 1987 1115 2090 1139; x_wconf 87' lang='lat' dir='ltr'>cano-</span> 
     </span>
     <span class='ocr_line' id='line_1_82' title="bbox 1195 1151 2092 1196; baseline 0.004 -11"><span class='ocrx_word' id='word_1_507' title='bbox 1195 1151 1403 1196; x_wconf 76' lang='lat' dir='ltr'>nice,Cyri1li</span> <span class='ocrx_word' id='word_1_508' title='bbox 1428 1154 1464 1191; x_wconf 66' lang='grc' dir='ltr'>ὅ(</span> <span class='ocrx_word' id='word_1_509' title='bbox 1475 1154 1671 1188; x_wconf 86' lang='lat' dir='ltr'>Memnonis</span> <span class='ocrx_word' id='word_1_510' title='bbox 1681 1155 1786 1188; x_wconf 83' lang='lat' dir='ltr'>fuerat</span> <span class='ocrx_word' id='word_1_511' title='bbox 1795 1152 1967 1188; x_wconf 84' lang='lat' dir='ltr'>damnatio</span> <span class='ocrx_word' id='word_1_512' title='bbox 1981 1155 2065 1189; x_wconf 73' lang='lat' dir='ltr'>fasta</span> <span class='ocrx_word' id='word_1_513' title='bbox 2077 1177 2092 1196; x_wconf 89' lang='lat'>‚</span> 
     </span>
    </p>
   </div>
   <div class='ocr_carea' id='block_1_12' title="bbox 1172 1200 2090 1248">
    <p class='ocr_par' dir='ltr' id='par_1_14' title="bbox 1172 1200 2090 1248">
     <span class='ocr_line' id='line_1_83' title="bbox 1172 1200 2090 1248; baseline 0.003 -12"><span class='ocrx_word' id='word_1_514' title='bbox 1172 1207 1174 1209; x_wconf 85' lang='lat'>&#39;</span> <span class='ocrx_word' id='word_1_515' title='bbox 1194 1203 1337 1247; x_wconf 86' lang='lat' dir='ltr'>graviter</span> <span class='ocrx_word' id='word_1_516' title='bbox 1346 1204 1553 1248; x_wconf 88' lang='lat' dir='ltr'>susceperunt</span> <span class='ocrx_word' id='word_1_517' title='bbox 1566 1202 1663 1247; x_wconf 78' lang='lat' dir='ltr'>hujus</span> <span class='ocrx_word' id='word_1_518' title='bbox 1675 1200 1827 1243; x_wconf 59' lang='lat' dir='ltr'>lectionis</span> <span class='ocrx_word' id='word_1_519' title='bbox 1837 1203 1986 1237; x_wconf 88' lang='lat' dir='ltr'>auditum</span> <span class='ocrx_word' id='word_1_520' title='bbox 1998 1227 2006 1236; x_wconf 92' lang='lat'><strong>.</strong></span> <span class='ocrx_word' id='word_1_521' title='bbox 2032 1205 2090 1239; x_wconf 85' lang='lat' dir='ltr'>Sic</span> 
     </span>
    </p>
   </div>
   <div class='ocr_carea' id='block_1_13' title="bbox 1184 1252 2092 3503">
    <p class='ocr_par' dir='ltr' id='par_1_15' title="bbox 1190 1252 2092 2040">
     <span class='ocr_line' id='line_1_84' title="bbox 1194 1252 2091 1298; baseline 0.004 -12"><span class='ocrx_word' id='word_1_522' title='bbox 1194 1263 1274 1298; x_wconf 88' lang='lat' dir='ltr'>ergo</span> <span class='ocrx_word' id='word_1_523' title='bbox 1293 1253 1339 1287; x_wconf 87' lang='lat' dir='ltr'>est</span> <span class='ocrx_word' id='word_1_524' title='bbox 1349 1253 1447 1288; x_wconf 74' lang='lat' dir='ltr'>leffio</span> <span class='ocrx_word' id='word_1_525' title='bbox 1460 1253 1622 1288; x_wconf 81' lang='lat' dir='ltr'>celebrata</span> <span class='ocrx_word' id='word_1_526' title='bbox 1631 1277 1642 1294; x_wconf 94' lang='lat'>,</span> <span class='ocrx_word' id='word_1_527' title='bbox 1670 1253 1711 1288; x_wconf 88' lang='lat' dir='ltr'>ad</span> <span class='ocrx_word' id='word_1_528' title='bbox 1722 1253 1889 1297; x_wconf 88' lang='lat' dir='ltr'>vesperum</span> <span class='ocrx_word' id='word_1_529' title='bbox 1901 1252 2091 1293; x_wconf 78' lang='lat' dir='ltr'>declinante</span> 
     </span>
     <span class='ocr_line' id='line_1_85' title="bbox 1194 1302 2090 1349; baseline 0.002 -13"><span class='ocrx_word' id='word_1_530' title='bbox 1194 1304 1266 1338; x_wconf 79' lang='lat' dir='ltr'>die.</span> <span class='ocrx_word' id='word_1_531' title='bbox 1296 1303 1354 1338; x_wconf 91' lang='lat' dir='ltr'>Ne</span> <span class='ocrx_word' id='word_1_532' title='bbox 1375 1302 1454 1341; x_wconf 72' lang='lat' dir='ltr'>vero</span> <span class='ocrx_word' id='word_1_533' title='bbox 1477 1303 1581 1348; x_wconf 77' lang='lat' dir='ltr'>major</span> <span class='ocrx_word' id='word_1_534' title='bbox 1602 1302 1712 1339; x_wconf 90' lang='lat' dir='ltr'>adhuc</span> <span class='ocrx_word' id='word_1_535' title='bbox 1737 1302 1939 1347; x_wconf 84' lang='lat' dir='ltr'>perturbatio</span> <span class='ocrx_word' id='word_1_536' title='bbox 1975 1303 2090 1349; x_wconf 74' lang='lat' dir='ltr'>fieret,</span> 
     </span>
     <span class='ocr_line' id='line_1_86' title="bbox 1195 1352 2091 1397; baseline 0 -9"><span class='ocrx_word' id='word_1_537' title='bbox 1195 1354 1388 1388; x_wconf 85' lang='lat' dir='ltr'>Nestorium</span> <span class='ocrx_word' id='word_1_538' title='bbox 1401 1352 1537 1397; x_wconf 80' lang='lat' dir='ltr'>quidem</span> <span class='ocrx_word' id='word_1_539' title='bbox 1548 1354 1687 1397; x_wconf 87' lang='lat' dir='ltr'>suscepit</span> <span class='ocrx_word' id='word_1_540' title='bbox 1699 1353 1742 1387; x_wconf 89' lang='lat' dir='ltr'>ad</span> <span class='ocrx_word' id='word_1_541' title='bbox 1752 1353 2006 1391; x_wconf 85' lang='lat' dir='ltr'>custodiendum</span> <span class='ocrx_word' id='word_1_542' title='bbox 2016 1354 2091 1393; x_wconf 88' lang='lat' dir='ltr'>Ma-</span> 
     </span>
     <span class='ocr_line' id='line_1_87' title="bbox 1193 1401 2091 1448; baseline 0.001 -12"><span class='ocrx_word' id='word_1_543' title='bbox 1193 1401 1479 1448; x_wconf 84' lang='lat' dir='ltr'>gnificentiffimus</span> <span class='ocrx_word' id='word_1_544' title='bbox 1502 1403 1625 1438; x_wconf 84' lang='lat' dir='ltr'>Comes</span> <span class='ocrx_word' id='word_1_545' title='bbox 1643 1402 1946 1439; x_wconf 83' lang='lat' dir='ltr'>Devotiffimorum</span> <span class='ocrx_word' id='word_1_546' title='bbox 1965 1404 2091 1443; x_wconf 82' lang='lat' dir='ltr'>Dome-</span> 
     </span>
     <span class='ocr_line' id='line_1_88' title="bbox 1192 1451 2090 1497; baseline -0.001 -10"><span class='ocrx_word' id='word_1_547' title='bbox 1192 1454 1350 1496; x_wconf 84' lang='lat' dir='ltr'>sticorum</span> <span class='ocrx_word' id='word_1_548' title='bbox 1369 1452 1621 1492; x_wconf 83' lang='lat' dir='ltr'>Candidianus,</span> <span class='ocrx_word' id='word_1_549' title='bbox 1645 1451 1706 1497; x_wconf 79' lang='lat' dir='ltr'>qui</span> <span class='ocrx_word' id='word_1_550' title='bbox 1725 1451 1761 1485; x_wconf 86' lang='lat' dir='ltr'>in</span> <span class='ocrx_word' id='word_1_551' title='bbox 1773 1451 1956 1494; x_wconf 84' lang='lat' dir='ltr'>omnibus,</span> <span class='ocrx_word' id='word_1_552' title='bbox 1982 1463 2054 1496; x_wconf 81' lang='lat' dir='ltr'>quae</span> <span class='ocrx_word' id='word_1_553' title='bbox 2070 1451 2090 1486; x_wconf 66' lang='lat' dir='ltr'>a</span> 
     </span>
     <span class='ocr_line' id='line_1_89' title="bbox 1193 1499 2091 1545; baseline -0.002 -6"><span class='ocrx_word' id='word_1_554' title='bbox 1193 1515 1245 1539; x_wconf 90' lang='lat' dir='ltr'>me</span> <span class='ocrx_word' id='word_1_555' title='bbox 1270 1504 1322 1539; x_wconf 85' lang='lat' dir='ltr'>vel</span> <span class='ocrx_word' id='word_1_556' title='bbox 1334 1502 1514 1540; x_wconf 80' lang='lat' dir='ltr'>deliberata</span> <span class='ocrx_word' id='word_1_557' title='bbox 1541 1503 1673 1538; x_wconf 61' lang='lat' dir='ltr'>velafflt</span> <span class='ocrx_word' id='word_1_558' title='bbox 1696 1501 1796 1542; x_wconf 89' lang='lat' dir='ltr'>sunt,</span> <span class='ocrx_word' id='word_1_559' title='bbox 1820 1499 1928 1542; x_wconf 86' lang='lat' dir='ltr'>adfuit</span> <span class='ocrx_word' id='word_1_560' title='bbox 1944 1525 1952 1534; x_wconf 87' lang='lat'>.</span> <span class='ocrx_word' id='word_1_561' title='bbox 1979 1502 2091 1545; x_wconf 74' lang='lat' dir='ltr'>Cyril-</span> 
     </span>
     <span class='ocr_line' id='line_1_90' title="bbox 1193 1550 2092 1592; baseline -0.002 -3"><span class='ocrx_word' id='word_1_562' title='bbox 1193 1554 1262 1589; x_wconf 88' lang='lat' dir='ltr'>lum</span> <span class='ocrx_word' id='word_1_563' title='bbox 1276 1553 1353 1589; x_wconf 73' lang='lat' dir='ltr'>vero</span> <span class='ocrx_word' id='word_1_564' title='bbox 1364 1550 1617 1588; x_wconf 86' lang='lat' dir='ltr'>custodiendum</span> <span class='ocrx_word' id='word_1_565' title='bbox 1629 1550 1748 1587; x_wconf 85' lang='lat' dir='ltr'>tradidi</span> <span class='ocrx_word' id='word_1_566' title='bbox 1759 1550 1950 1592; x_wconf 84' lang='lat' dir='ltr'>Clariffimo</span> <span class='ocrx_word' id='word_1_567' title='bbox 1970 1552 2092 1587; x_wconf 83' lang='lat' dir='ltr'>Comi·</span> 
     </span>
     <span class='ocr_line' id='line_1_91' title="bbox 1192 1598 2090 1655; baseline -0.007 -16"><span class='ocrx_word' id='word_1_568' title='bbox 1192 1605 1242 1646; x_wconf 89' lang='lat' dir='ltr'>ti,</span> <span class='ocrx_word' id='word_1_569' title='bbox 1267 1605 1303 1650; x_wconf 62' lang='grc' dir='ltr'>ἐς</span> <span class='ocrx_word' id='word_1_570' title='bbox 1324 1604 1502 1648; x_wconf 70' lang='lat' dir='ltr'>Praeposito</span> <span class='ocrx_word' id='word_1_571' title='bbox 1525 1613 1647 1648; x_wconf 60' lang='lat' dir='ltr'>quarrae</span> <span class='ocrx_word' id='word_1_572' title='bbox 1667 1598 1793 1637; x_wconf 79' lang='lat' dir='ltr'>Scholae</span> <span class='ocrx_word' id='word_1_573' title='bbox 1814 1601 1963 1645; x_wconf 88' lang='lat' dir='ltr'>Jacobo.</span> <span class='ocrx_word' id='word_1_574' title='bbox 1990 1603 2090 1655; x_wconf 74' lang='lat' dir='ltr'>Qe-</span> 
     </span>
     <span class='ocr_line' id='line_1_92' title="bbox 1191 1651 2087 1698; baseline 0 -10"><span class='ocrx_word' id='word_1_575' title='bbox 1191 1651 1282 1689; x_wconf 85' lang='lat' dir='ltr'>niam</span> <span class='ocrx_word' id='word_1_576' title='bbox 1293 1654 1371 1690; x_wconf 77' lang='lat' dir='ltr'>vero</span> <span class='ocrx_word' id='word_1_577' title='bbox 1381 1654 1550 1689; x_wconf 89' lang='lat' dir='ltr'>Memnon</span> <span class='ocrx_word' id='word_1_578' title='bbox 1563 1678 1576 1695; x_wconf 94' lang='lat'>‚</span> <span class='ocrx_word' id='word_1_579' title='bbox 1601 1664 1638 1689; x_wconf 91' lang='lat' dir='ltr'>ut</span> <span class='ocrx_word' id='word_1_580' title='bbox 1651 1651 1840 1698; x_wconf 68' lang='lat' dir='ltr'>praedictum</span> <span class='ocrx_word' id='word_1_581' title='bbox 1861 1652 1927 1691; x_wconf 84' lang='lat' dir='ltr'>est,</span> <span class='ocrx_word' id='word_1_582' title='bbox 1953 1651 2087 1698; x_wconf 74' lang='lat' dir='ltr'>aberat,</span> 
     </span>
     <span class='ocr_line' id='line_1_93' title="bbox 1191 1702 2089 1753; baseline -0.002 -13"><span class='ocrx_word' id='word_1_583' title='bbox 1191 1716 1333 1741; x_wconf 83' lang='lat' dir='ltr'>evocans</span> <span class='ocrx_word' id='word_1_584' title='bbox 1351 1704 1597 1753; x_wconf 58' lang='lat' dir='ltr'>OEco&#39;nomum,</span> <span class='ocrx_word' id='word_1_585' title='bbox 1623 1713 1723 1748; x_wconf 88' lang='lat' dir='ltr'>atque</span> <span class='ocrx_word' id='word_1_586' title='bbox 1741 1702 1960 1741; x_wconf 85' lang='lat' dir='ltr'>Defensorem</span> <span class='ocrx_word' id='word_1_587' title='bbox 1972 1727 1986 1744; x_wconf 89' lang='lat'>,</span> <span class='ocrx_word' id='word_1_588' title='bbox 2011 1714 2089 1739; x_wconf 86' lang='lat' dir='ltr'>nec·</span> 
     </span>
     <span class='ocr_line' id='line_1_94' title="bbox 1193 1752 2088 1800; baseline -0.001 -10"><span class='ocrx_word' id='word_1_589' title='bbox 1193 1767 1262 1791; x_wconf 88' lang='lat' dir='ltr'>non</span> <span class='ocrx_word' id='word_1_590' title='bbox 1288 1756 1323 1794; x_wconf 72' lang='grc' dir='ltr'>δε</span> <span class='ocrx_word' id='word_1_591' title='bbox 1335 1756 1478 1800; x_wconf 86' lang='lat' dir='ltr'>primum</span> <span class='ocrx_word' id='word_1_592' title='bbox 1489 1756 1683 1795; x_wconf 84' lang='lat' dir='ltr'>Diaconum</span> <span class='ocrx_word' id='word_1_593' title='bbox 1695 1752 1904 1790; x_wconf 76' lang='lat' dir='ltr'>Sanffiffimae</span> <span class='ocrx_word' id='word_1_594' title='bbox 1916 1752 2088 1797; x_wconf 75' lang='lat' dir='ltr'>Ephefinae</span> 
     </span>
     <span class='ocr_line' id='line_1_95' title="bbox 1193 1802 2088 1849; baseline -0.004 -8"><span class='ocrx_word' id='word_1_595' title='bbox 1193 1806 1350 1841; x_wconf 89' lang='lat' dir='ltr'>Civitatis</span> <span class='ocrx_word' id='word_1_596' title='bbox 1377 1807 1429 1841; x_wconf 93' lang='lat' dir='ltr'>vel</span> <span class='ocrx_word' id='word_1_597' title='bbox 1441 1807 1614 1849; x_wconf 73' lang='lat' dir='ltr'>Ecclesiae,</span> <span class='ocrx_word' id='word_1_598' title='bbox 1643 1803 1848 1845; x_wconf 74' lang='lat' dir='ltr'>manifestavi</span> <span class='ocrx_word' id='word_1_599' title='bbox 1861 1802 1929 1838; x_wconf 87' lang='lat' dir='ltr'>haec</span> <span class='ocrx_word' id='word_1_600' title='bbox 1947 1804 2015 1848; x_wconf 82' lang='lat' dir='ltr'>ipsa</span> <span class='ocrx_word' id='word_1_601' title='bbox 2026 1803 2088 1838; x_wconf 89' lang='lat' dir='ltr'>eis·</span> 
     </span>
     <span class='ocr_line' id='line_1_96' title="bbox 1193 1853 2086 1897; baseline -0.001 -8"><span class='ocrx_word' id='word_1_602' title='bbox 1193 1856 1269 1889; x_wconf 89' lang='lat' dir='ltr'>dem</span> <span class='ocrx_word' id='word_1_603' title='bbox 1281 1880 1294 1896; x_wconf 93' lang='lat'>,</span> <span class='ocrx_word' id='word_1_604' title='bbox 1318 1856 1397 1896; x_wconf 90' lang='lat' dir='ltr'>quia</span> <span class='ocrx_word' id='word_1_605' title='bbox 1408 1855 1497 1891; x_wconf 87' lang='lat' dir='ltr'>idem</span> <span class='ocrx_word' id='word_1_606' title='bbox 1520 1856 1688 1890; x_wconf 88' lang='lat' dir='ltr'>Memnon</span> <span class='ocrx_word' id='word_1_607' title='bbox 1706 1865 1786 1896; x_wconf 78' lang='lat' dir='ltr'>curn</span> <span class='ocrx_word' id='word_1_608' title='bbox 1798 1853 1963 1897; x_wconf 71' lang='lat' dir='ltr'>praedistis</span> <span class='ocrx_word' id='word_1_609' title='bbox 1978 1854 2086 1888; x_wconf 84' lang='lat' dir='ltr'>fuerat</span> 
     </span>
     <span class='ocr_line' id='line_1_97' title="bbox 1193 1901 2088 1943; baseline -0.003 -4"><span class='ocrx_word' id='word_1_610' title='bbox 1193 1904 1454 1940; x_wconf 88' lang='lat' dir='ltr'>condemnatus.</span> <span class='ocrx_word' id='word_1_611' title='bbox 1483 1903 1658 1939; x_wconf 87' lang='lat' dir='ltr'>Admonui</span> <span class='ocrx_word' id='word_1_612' title='bbox 1671 1914 1728 1940; x_wconf 83' lang='lat' dir='ltr'>eos</span> <span class='ocrx_word' id='word_1_613' title='bbox 1753 1904 1864 1939; x_wconf 82' lang='lat' dir='ltr'>&amp;hoc</span> <span class='ocrx_word' id='word_1_614' title='bbox 1877 1927 1888 1943; x_wconf 94' lang='lat'>,</span> <span class='ocrx_word' id='word_1_615' title='bbox 1914 1913 1952 1937; x_wconf 90' lang='lat' dir='ltr'>ut</span> <span class='ocrx_word' id='word_1_616' title='bbox 1971 1901 2088 1941; x_wconf 58' lang='lat' dir='ltr'>Recio..</span> 
     </span>
     <span class='ocr_line' id='line_1_98' title="bbox 1192 1952 2091 1998; baseline 0 -10"><span class='ocrx_word' id='word_1_617' title='bbox 1192 1954 1333 1989; x_wconf 81' lang='lat' dir='ltr'>fiasticas</span> <span class='ocrx_word' id='word_1_618' title='bbox 1346 1955 1502 1998; x_wconf 73' lang='lat' dir='ltr'>pecunias</span> <span class='ocrx_word' id='word_1_619' title='bbox 1513 1956 1586 1997; x_wconf 10' lang='lat' dir='ltr'>sutas</span> <span class='ocrx_word' id='word_1_620' title='bbox 1610 1954 1670 1988; x_wconf 86' lang='lat' dir='ltr'>sub</span> <span class='ocrx_word' id='word_1_621' title='bbox 1685 1954 1781 1989; x_wconf 87' lang='lat' dir='ltr'>omni</span> <span class='ocrx_word' id='word_1_622' title='bbox 1793 1954 1930 1995; x_wconf 83' lang='lat' dir='ltr'>cautela,</span> <span class='ocrx_word' id='word_1_623' title='bbox 1954 1952 1991 1987; x_wconf 82' lang='lat'>&amp;</span> <span class='ocrx_word' id='word_1_624' title='bbox 2006 1953 2091 1997; x_wconf 83' lang='lat' dir='ltr'>peri-</span> 
     </span>
     <span class='ocr_line' id='line_1_99' title="bbox 1190 2003 1509 2040; baseline -0.006 -2"><span class='ocrx_word' id='word_1_625' title='bbox 1190 2003 1269 2038; x_wconf 90' lang='lat' dir='ltr'>culo</span> <span class='ocrx_word' id='word_1_626' title='bbox 1283 2003 1488 2040; x_wconf 84' lang='lat' dir='ltr'>custodirent</span> <span class='ocrx_word' id='word_1_627' title='bbox 1500 2027 1509 2035; x_wconf 86' lang='lat'><em>.</em></span> 
     </span>
    </p>

    <p class='ocr_par' dir='ltr' id='par_1_16' title="bbox 1187 2049 2089 2795">
     <span class='ocr_line' id='line_1_100' title="bbox 1241 2049 2088 2107; baseline 0.001 -22"><span class='ocrx_word' id='word_1_628' title='bbox 1241 2052 1309 2086; x_wconf 90' lang='lat' dir='ltr'>His</span> <span class='ocrx_word' id='word_1_629' title='bbox 1332 2053 1378 2088; x_wconf 88' lang='lat' dir='ltr'>ita</span> <span class='ocrx_word' id='word_1_630' title='bbox 1398 2053 1582 2097; x_wconf 79' lang='lat' dir='ltr'>dispositis,</span> <span class='ocrx_word' id='word_1_631' title='bbox 1610 2051 1689 2107; x_wconf 60' lang='lat' dir='ltr'>quia</span> <span class='ocrx_word' id='word_1_632' title='bbox 1701 2049 1878 2096; x_wconf 77' lang='lat' dir='ltr'>oportebat</span> <span class='ocrx_word' id='word_1_633' title='bbox 1898 2063 1952 2089; x_wconf 87' lang='lat' dir='ltr'>me</span> <span class='ocrx_word' id='word_1_634' title='bbox 1961 2052 2088 2087; x_wconf 90' lang='lat' dir='ltr'>oratio-</span> 
     </span>
     <span class='ocr_line' id='line_1_101' title="bbox 1191 2101 2087 2145; baseline 0.003 -10"><span class='ocrx_word' id='word_1_635' title='bbox 1191 2102 1286 2137; x_wconf 89' lang='lat' dir='ltr'>nibus</span> <span class='ocrx_word' id='word_1_636' title='bbox 1307 2112 1441 2144; x_wconf 87' lang='lat' dir='ltr'>quoque</span> <span class='ocrx_word' id='word_1_637' title='bbox 1479 2113 1593 2145; x_wconf 55' lang='lat' dir='ltr'>vacare</span> <span class='ocrx_word' id='word_1_638' title='bbox 1608 2126 1620 2143; x_wconf 85' lang='lat'>,</span> <span class='ocrx_word' id='word_1_639' title='bbox 1650 2102 1692 2136; x_wconf 91' lang='lat' dir='ltr'>ad</span> <span class='ocrx_word' id='word_1_640' title='bbox 1713 2102 1894 2138; x_wconf 85' lang='lat' dir='ltr'>Ecclesiam</span> <span class='ocrx_word' id='word_1_641' title='bbox 1924 2101 2087 2138; x_wconf 84' lang='lat' dir='ltr'>descendi</span> 
     </span>
     <span class='ocr_line' id='line_1_102' title="bbox 1190 2149 2088 2199; baseline 0.001 -13"><span class='ocrx_word' id='word_1_642' title='bbox 1190 2151 1427 2196; x_wconf 67' lang='lat' dir='ltr'>Sanstjiffimam</span> <span class='ocrx_word' id='word_1_643' title='bbox 1451 2177 1460 2186; x_wconf 89' lang='lat'>.</span> <span class='ocrx_word' id='word_1_644' title='bbox 1498 2152 1716 2199; x_wconf 88' lang='lat' dir='ltr'>Cognoscens</span> <span class='ocrx_word' id='word_1_645' title='bbox 1749 2149 1827 2193; x_wconf 66' lang='lat' dir='ltr'>verr&gt;</span> <span class='ocrx_word' id='word_1_646' title='bbox 1847 2152 1882 2185; x_wconf 91' lang='lat' dir='ltr'>in</span> <span class='ocrx_word' id='word_1_647' title='bbox 1905 2152 2088 2197; x_wconf 83' lang='lat' dir='ltr'>Episcopio</span> 
     </span>
     <span class='ocr_line' id='line_1_103' title="bbox 1189 2200 2089 2248; baseline 0.001 -12"><span class='ocrx_word' id='word_1_648' title='bbox 1189 2203 1412 2241; x_wconf 84' lang='lat' dir='ltr'>Memnonem</span> <span class='ocrx_word' id='word_1_649' title='bbox 1425 2202 1566 2248; x_wconf 90' lang='lat' dir='ltr'>degere,</span> <span class='ocrx_word' id='word_1_650' title='bbox 1596 2202 1703 2238; x_wconf 86' lang='lat' dir='ltr'>direxi</span> <span class='ocrx_word' id='word_1_651' title='bbox 1715 2213 1758 2236; x_wconf 84' lang='lat' dir='ltr'>ex</span> <span class='ocrx_word' id='word_1_652' title='bbox 1773 2200 1825 2235; x_wconf 83' lang='lat' dir='ltr'>his</span> <span class='ocrx_word' id='word_1_653' title='bbox 1839 2203 1897 2246; x_wconf 88' lang='lat' dir='ltr'>qui</span> <span class='ocrx_word' id='word_1_654' title='bbox 1918 2201 2004 2237; x_wconf 87' lang='lat' dir='ltr'>mihi</span> <span class='ocrx_word' id='word_1_655' title='bbox 2025 2204 2089 2237; x_wconf 59' lang='lat' dir='ltr'>mis·</span> 
     </span>
     <span class='ocr_line' id='line_1_104' title="bbox 1190 2251 2086 2295; baseline 0 -8"><span class='ocrx_word' id='word_1_656' title='bbox 1190 2252 1370 2288; x_wconf 86' lang='lat' dir='ltr'>nistrabant</span> <span class='ocrx_word' id='word_1_657' title='bbox 1381 2278 1394 2295; x_wconf 86' lang='lat'>,</span> <span class='ocrx_word' id='word_1_658' title='bbox 1420 2252 1715 2288; x_wconf 84' lang='lat' dir='ltr'>Devotiffirnorum</span> <span class='ocrx_word' id='word_1_659' title='bbox 1727 2251 1957 2287; x_wconf 75' lang='lat' dir='ltr'>palatinorum</span> <span class='ocrx_word' id='word_1_660' title='bbox 1968 2252 2086 2288; x_wconf 83' lang='lat' dir='ltr'>Primi·</span> 
     </span>
     <span class='ocr_line' id='line_1_105' title="bbox 1189 2302 2085 2351; baseline -0.001 -13"><span class='ocrx_word' id='word_1_661' title='bbox 1189 2304 1314 2341; x_wconf 89' lang='lat' dir='ltr'>cerium</span> <span class='ocrx_word' id='word_1_662' title='bbox 1327 2303 1368 2339; x_wconf 87' lang='lat' dir='ltr'>ad</span> <span class='ocrx_word' id='word_1_663' title='bbox 1379 2303 1567 2349; x_wconf 68' lang='lat' dir='ltr'>praedie&#39;tum</span> <span class='ocrx_word' id='word_1_664' title='bbox 1583 2328 1595 2344; x_wconf 93' lang='lat'>,</span> <span class='ocrx_word' id='word_1_665' title='bbox 1620 2312 1654 2339; x_wconf 76' lang='lat' dir='ltr'>ut</span> <span class='ocrx_word' id='word_1_666' title='bbox 1664 2302 1780 2338; x_wconf 84' lang='lat' dir='ltr'>saltem</span> <span class='ocrx_word' id='word_1_667' title='bbox 1800 2303 1919 2351; x_wconf 87' lang='lat' dir='ltr'>pariter</span> <span class='ocrx_word' id='word_1_668' title='bbox 1938 2303 2085 2347; x_wconf 77' lang='lat' dir='ltr'>loquere.-</span> 
     </span>
     <span class='ocr_line' id='line_1_106' title="bbox 1189 2353 2085 2395; baseline 0.001 -7"><span class='ocrx_word' id='word_1_669' title='bbox 1189 2365 1284 2394; x_wconf 90' lang='lat' dir='ltr'>mur,</span> <span class='ocrx_word' id='word_1_670' title='bbox 1310 2355 1345 2389; x_wconf 89' lang='lat'>&amp;</span> <span class='ocrx_word' id='word_1_671' title='bbox 1366 2354 1527 2389; x_wconf 86' lang='lat' dir='ltr'>discerem</span> <span class='ocrx_word' id='word_1_672' title='bbox 1549 2353 1574 2387; x_wconf 86' lang='lat' dir='ltr'>fi</span> <span class='ocrx_word' id='word_1_673' title='bbox 1595 2354 1637 2388; x_wconf 89' lang='lat' dir='ltr'>ad</span> <span class='ocrx_word' id='word_1_674' title='bbox 1661 2364 1716 2388; x_wconf 89' lang='lat' dir='ltr'>me</span> <span class='ocrx_word' id='word_1_675' title='bbox 1735 2353 1768 2387; x_wconf 90' lang='lat' dir='ltr'>se</span> <span class='ocrx_word' id='word_1_676' title='bbox 1788 2363 1961 2395; x_wconf 84' lang='lat' dir='ltr'>venturum</span> <span class='ocrx_word' id='word_1_677' title='bbox 1972 2353 2085 2393; x_wconf 75' lang='lat' dir='ltr'>modis</span> 
     </span>
     <span class='ocr_line' id='line_1_107' title="bbox 1188 2402 2084 2450; baseline 0 -12"><span class='ocrx_word' id='word_1_678' title='bbox 1188 2403 1345 2439; x_wconf 86' lang='lat' dir='ltr'>omnibus</span> <span class='ocrx_word' id='word_1_679' title='bbox 1355 2404 1535 2450; x_wconf 85' lang='lat' dir='ltr'>abnegaret</span> <span class='ocrx_word' id='word_1_680' title='bbox 1547 2428 1556 2438; x_wconf 84' lang='lat'><strong>.</strong></span> <span class='ocrx_word' id='word_1_681' title='bbox 1582 2403 1643 2438; x_wconf 86' lang='lat' dir='ltr'>Ille</span> <span class='ocrx_word' id='word_1_682' title='bbox 1654 2402 1734 2438; x_wconf 75' lang='lat' dir='ltr'>vero</span> <span class='ocrx_word' id='word_1_683' title='bbox 1744 2402 1864 2446; x_wconf 77' lang='lat' dir='ltr'>absque</span> <span class='ocrx_word' id='word_1_684' title='bbox 1886 2413 1979 2438; x_wconf 85' lang='lat' dir='ltr'>mora</span> <span class='ocrx_word' id='word_1_685' title='bbox 1991 2404 2084 2445; x_wconf 81' lang='lat' dir='ltr'>venit</span> 
     </span>
     <span class='ocr_line' id='line_1_108' title="bbox 1189 2452 2084 2496; baseline 0.001 -9"><span class='ocrx_word' id='word_1_686' title='bbox 1189 2453 1230 2487; x_wconf 90' lang='lat' dir='ltr'>ad</span> <span class='ocrx_word' id='word_1_687' title='bbox 1241 2463 1294 2486; x_wconf 91' lang='lat' dir='ltr'>me</span> <span class='ocrx_word' id='word_1_688' title='bbox 1308 2477 1316 2486; x_wconf 93' lang='lat'><strong>.</strong></span> <span class='ocrx_word' id='word_1_689' title='bbox 1340 2452 1499 2496; x_wconf 82' lang='lat' dir='ltr'>Cumque</span> <span class='ocrx_word' id='word_1_690' title='bbox 1509 2453 1527 2487; x_wconf 74' lang='lat' dir='ltr'>a</span> <span class='ocrx_word' id='word_1_691' title='bbox 1538 2464 1592 2487; x_wconf 88' lang='lat' dir='ltr'>me</span> <span class='ocrx_word' id='word_1_692' title='bbox 1603 2453 1788 2495; x_wconf 84' lang='lat' dir='ltr'>culparetur</span> <span class='ocrx_word' id='word_1_693' title='bbox 1797 2457 1892 2490; x_wconf 56' lang='lat' dir='ltr'>nur</span> <span class='ocrx_word' id='word_1_694' title='bbox 1902 2452 1999 2487; x_wconf 74' lang='lat' dir='ltr'>mane</span> <span class='ocrx_word' id='word_1_695' title='bbox 2011 2465 2084 2491; x_wconf 80' lang='lat' dir='ltr'>nou</span> 
     </span>
     <span class='ocr_line' id='line_1_109' title="bbox 1189 2501 2083 2549; baseline 0.002 -13"><span class='ocrx_word' id='word_1_696' title='bbox 1189 2503 1336 2549; x_wconf 81' lang='lat' dir='ltr'>venerit,</span> <span class='ocrx_word' id='word_1_697' title='bbox 1360 2501 1448 2540; x_wconf 78' lang='lat' dir='ltr'>dixit</span> <span class='ocrx_word' id='word_1_698' title='bbox 1459 2504 1491 2538; x_wconf 92' lang='lat' dir='ltr'>se</span> <span class='ocrx_word' id='word_1_699' title='bbox 1500 2502 1697 2547; x_wconf 75' lang='lat' dir='ltr'>aegritudine</span> <span class='ocrx_word' id='word_1_700' title='bbox 1706 2502 1800 2536; x_wconf 83' lang='lat' dir='ltr'>fuiffe</span> <span class='ocrx_word' id='word_1_701' title='bbox 1821 2512 2010 2544; x_wconf 86' lang='lat' dir='ltr'>retentum,</span> <span class='ocrx_word' id='word_1_702' title='bbox 2035 2513 2083 2538; x_wconf 80' lang='lat' dir='ltr'>at-</span> 
     </span>
     <span class='ocr_line' id='line_1_110' title="bbox 1188 2551 2082 2596; baseline 0.001 -10"><span class='ocrx_word' id='word_1_703' title='bbox 1188 2563 1252 2596; x_wconf 91' lang='lat' dir='ltr'>que</span> <span class='ocrx_word' id='word_1_704' title='bbox 1261 2552 1341 2587; x_wconf 73' lang='lat' dir='ltr'>ideo</span> <span class='ocrx_word' id='word_1_705' title='bbox 1352 2564 1422 2586; x_wconf 89' lang='lat' dir='ltr'>non</span> <span class='ocrx_word' id='word_1_706' title='bbox 1434 2551 1555 2586; x_wconf 76' lang='lat' dir='ltr'>venisse</span> <span class='ocrx_word' id='word_1_707' title='bbox 1567 2576 1578 2591; x_wconf 84' lang='lat'>,</span> <span class='ocrx_word' id='word_1_708' title='bbox 1605 2553 1651 2585; x_wconf 87' lang='lat' dir='ltr'>ita</span> <span class='ocrx_word' id='word_1_709' title='bbox 1662 2561 1700 2584; x_wconf 91' lang='lat' dir='ltr'>ut</span> <span class='ocrx_word' id='word_1_710' title='bbox 1711 2562 1773 2587; x_wconf 87' lang='lat' dir='ltr'>nec</span> <span class='ocrx_word' id='word_1_711' title='bbox 1786 2551 1955 2585; x_wconf 86' lang='lat' dir='ltr'>sustineret</span> <span class='ocrx_word' id='word_1_712' title='bbox 1967 2554 2082 2587; x_wconf 85' lang='lat' dir='ltr'>secun·</span> 
     </span>
     <span class='ocr_line' id='line_1_111' title="bbox 1188 2598 2081 2643; baseline 0 -7"><span class='ocrx_word' id='word_1_713' title='bbox 1188 2602 1269 2636; x_wconf 85' lang='lat' dir='ltr'>dum</span> <span class='ocrx_word' id='word_1_714' title='bbox 1279 2601 1528 2639; x_wconf 87' lang='lat' dir='ltr'>Admonitum‚</span> <span class='ocrx_word' id='word_1_715' title='bbox 1553 2610 1732 2642; x_wconf 84' lang='lat' dir='ltr'>meumque</span> <span class='ocrx_word' id='word_1_716' title='bbox 1741 2598 1801 2633; x_wconf 88' lang='lat' dir='ltr'>fibi</span> <span class='ocrx_word' id='word_1_717' title='bbox 1824 2599 1957 2643; x_wconf 87' lang='lat' dir='ltr'>praeberi</span> <span class='ocrx_word' id='word_1_718' title='bbox 1978 2602 2081 2636; x_wconf 65' lang='lat' dir='ltr'>consi,-</span> 
     </span>
     <span class='ocr_line' id='line_1_112' title="bbox 1188 2649 2078 2691; baseline 0.002 -6"><span class='ocrx_word' id='word_1_719' title='bbox 1188 2652 1270 2686; x_wconf 86' lang='lat' dir='ltr'>lium</span> <span class='ocrx_word' id='word_1_720' title='bbox 1284 2674 1296 2691; x_wconf 91' lang='lat'>,</span> <span class='ocrx_word' id='word_1_721' title='bbox 1323 2650 1378 2684; x_wconf 86' lang='lat' dir='ltr'>sed</span> <span class='ocrx_word' id='word_1_722' title='bbox 1400 2650 1443 2684; x_wconf 83' lang='lat' dir='ltr'>ad</span> <span class='ocrx_word' id='word_1_723' title='bbox 1465 2660 1574 2683; x_wconf 88' lang='lat' dir='ltr'>meam</span> <span class='ocrx_word' id='word_1_724' title='bbox 1599 2650 1773 2690; x_wconf 84' lang='lat' dir='ltr'>Domum,</span> <span class='ocrx_word' id='word_1_725' title='bbox 1799 2649 1964 2685; x_wconf 85' lang='lat' dir='ltr'>sermones</span> <span class='ocrx_word' id='word_1_726' title='bbox 1984 2661 2078 2687; x_wconf 88' lang='lat' dir='ltr'>meos</span> 
     </span>
     <span class='ocr_line' id='line_1_113' title="bbox 1188 2699 2079 2745; baseline 0.001 -10"><span class='ocrx_word' id='word_1_727' title='bbox 1188 2700 1385 2745; x_wconf 76' lang='lat' dir='ltr'>praeveniens</span> <span class='ocrx_word' id='word_1_728' title='bbox 1411 2723 1423 2739; x_wconf 90' lang='lat'>,</span> <span class='ocrx_word' id='word_1_729' title='bbox 1456 2699 1627 2733; x_wconf 88' lang='lat' dir='ltr'>adveniret</span> <span class='ocrx_word' id='word_1_730' title='bbox 1650 2724 1662 2744; x_wconf 81' lang='lat'>,</span> <span class='ocrx_word' id='word_1_731' title='bbox 1696 2700 1907 2744; x_wconf 83' lang='lat' dir='ltr'>acquiescens</span> <span class='ocrx_word' id='word_1_732' title='bbox 1941 2701 2079 2739; x_wconf 73' lang='lat' dir='ltr'>Divinis</span> 
     </span>
     <span class='ocr_line' id='line_1_114' title="bbox 1187 2748 1684 2795; baseline -0.004 -11"><span class='ocrx_word' id='word_1_733' title='bbox 1187 2749 1473 2795; x_wconf 79' lang='lat' dir='ltr'>imperialibusque</span> <span class='ocrx_word' id='word_1_734' title='bbox 1493 2748 1684 2793; x_wconf 52' lang='lat' dir='ltr'>Praeceptis,</span> 
     </span>
    </p>

    <p class='ocr_par' dir='ltr' id='par_1_17' title="bbox 1184 2798 2077 3451">
     <span class='ocr_line' id='line_1_115' title="bbox 1235 2798 2077 2844; baseline 0.001 -10"><span class='ocrx_word' id='word_1_735' title='bbox 1235 2800 1397 2838; x_wconf 83' lang='lat' dir='ltr'>Traditus</span> <span class='ocrx_word' id='word_1_736' title='bbox 1416 2800 1464 2835; x_wconf 90' lang='lat' dir='ltr'>est</span> <span class='ocrx_word' id='word_1_737' title='bbox 1488 2799 1591 2844; x_wconf 86' lang='lat' dir='ltr'>igitur</span> <span class='ocrx_word' id='word_1_738' title='bbox 1615 2799 1728 2844; x_wconf 89' lang='lat' dir='ltr'>&amp;ipse</span> <span class='ocrx_word' id='word_1_739' title='bbox 1747 2798 1856 2834; x_wconf 87' lang='lat' dir='ltr'>eidem</span> <span class='ocrx_word' id='word_1_740' title='bbox 1887 2799 2077 2844; x_wconf 81' lang='lat' dir='ltr'>Clariffimo</span> 
     </span>
     <span class='ocr_line' id='line_1_116' title="bbox 1187 2849 2076 2894; baseline 0.001 -7"><span class='ocrx_word' id='word_1_741' title='bbox 1187 2851 1314 2887; x_wconf 89' lang='lat' dir='ltr'>Comiti</span> <span class='ocrx_word' id='word_1_742' title='bbox 1327 2850 1450 2894; x_wconf 88' lang='lat' dir='ltr'>Jacobo</span> <span class='ocrx_word' id='word_1_743' title='bbox 1461 2875 1472 2891; x_wconf 93' lang='lat'>,</span> <span class='ocrx_word' id='word_1_744' title='bbox 1497 2850 1530 2884; x_wconf 71' lang='grc' dir='ltr'>ὅ(</span> <span class='ocrx_word' id='word_1_745' title='bbox 1543 2849 1727 2884; x_wconf 88' lang='lat' dir='ltr'>custoditur</span> <span class='ocrx_word' id='word_1_746' title='bbox 1737 2859 1805 2885; x_wconf 89' lang='lat' dir='ltr'>tam</span> <span class='ocrx_word' id='word_1_747' title='bbox 1816 2850 1835 2884; x_wconf 74' lang='grc' dir='ltr'>ὲ</span> <span class='ocrx_word' id='word_1_748' title='bbox 1846 2852 2076 2893; x_wconf 77' lang='lat' dir='ltr'>Devotiffimis</span> 
     </span>
     <span class='ocr_line' id='line_1_117' title="bbox 1186 2894 2074 2945; baseline -0.002 -7"><span class='ocrx_word' id='word_1_749' title='bbox 1186 2900 1338 2938; x_wconf 84' lang='lat' dir='ltr'>Scutariis</span> <span class='ocrx_word' id='word_1_750' title='bbox 1359 2925 1371 2942; x_wconf 91' lang='lat'>,</span> <span class='ocrx_word' id='word_1_751' title='bbox 1406 2894 1506 2945; x_wconf 70' lang='lat' dir='ltr'>quain</span> <span class='ocrx_word' id='word_1_752' title='bbox 1532 2899 1575 2934; x_wconf 88' lang='lat' dir='ltr'>ab</span> <span class='ocrx_word' id='word_1_753' title='bbox 1611 2900 1858 2938; x_wconf 83' lang='lat' dir='ltr'>Honestiffimis</span> <span class='ocrx_word' id='word_1_754' title='bbox 1893 2900 2074 2936; x_wconf 84' lang='lat' dir='ltr'>Palatinis.</span> 
     </span>
     <span class='ocr_line' id='line_1_118' title="bbox 1187 2950 2077 3000; baseline 0 -13"><span class='ocrx_word' id='word_1_755' title='bbox 1187 2952 1350 2987; x_wconf 75' lang='lat' dir='ltr'>Haecsunt</span> <span class='ocrx_word' id='word_1_756' title='bbox 1360 2975 1372 2998; x_wconf 84' lang='lat'>,</span> <span class='ocrx_word' id='word_1_757' title='bbox 1397 2961 1468 2995; x_wconf 84' lang='lat' dir='ltr'>quae</span> <span class='ocrx_word' id='word_1_758' title='bbox 1477 2951 1495 2987; x_wconf 73' lang='grc' dir='ltr'>ὲ</span> <span class='ocrx_word' id='word_1_759' title='bbox 1507 2961 1561 2984; x_wconf 89' lang='lat' dir='ltr'>me</span> <span class='ocrx_word' id='word_1_760' title='bbox 1573 2950 1681 2994; x_wconf 89' lang='lat' dir='ltr'>primo</span> <span class='ocrx_word' id='word_1_761' title='bbox 1691 2951 1781 2996; x_wconf 88' lang='lat' dir='ltr'>gesta</span> <span class='ocrx_word' id='word_1_762' title='bbox 1794 2952 1869 2987; x_wconf 87' lang='lat' dir='ltr'>sunt</span> <span class='ocrx_word' id='word_1_763' title='bbox 1879 2951 1934 2985; x_wconf 90' lang='lat' dir='ltr'>die</span> <span class='ocrx_word' id='word_1_764' title='bbox 1945 2977 1954 2985; x_wconf 85' lang='lat'><strong>.</strong></span> <span class='ocrx_word' id='word_1_765' title='bbox 1980 2953 2077 3000; x_wconf 85' lang='lat' dir='ltr'>Qo-</span> 
     </span>
     <span class='ocr_line' id='line_1_119' title="bbox 1185 3000 2076 3046; baseline 0 -10"><span class='ocrx_word' id='word_1_766' title='bbox 1185 3003 1273 3038; x_wconf 85' lang='lat' dir='ltr'>niam</span> <span class='ocrx_word' id='word_1_767' title='bbox 1292 3001 1372 3035; x_wconf 73' lang='lat' dir='ltr'>vero</span> <span class='ocrx_word' id='word_1_768' title='bbox 1395 3012 1448 3036; x_wconf 86' lang='lat' dir='ltr'>me</span> <span class='ocrx_word' id='word_1_769' title='bbox 1461 3000 1634 3045; x_wconf 83' lang='lat' dir='ltr'>oportebat</span> <span class='ocrx_word' id='word_1_770' title='bbox 1655 3002 1733 3040; x_wconf 86' lang='lat' dir='ltr'>Deo</span> <span class='ocrx_word' id='word_1_771' title='bbox 1755 3001 1971 3036; x_wconf 86' lang='lat' dir='ltr'>Amiciffimis</span> <span class='ocrx_word' id='word_1_772' title='bbox 1996 3003 2076 3046; x_wconf 63' lang='lat' dir='ltr'>Epis·</span> 
     </span>
     <span class='ocr_line' id='line_1_120' title="bbox 1186 3049 2076 3098; baseline -0.001 -10"><span class='ocrx_word' id='word_1_773' title='bbox 1186 3053 1290 3098; x_wconf 82' lang='lat' dir='ltr'>scopis</span> <span class='ocrx_word' id='word_1_774' title='bbox 1300 3051 1398 3086; x_wconf 87' lang='lat' dir='ltr'>etiam</span> <span class='ocrx_word' id='word_1_775' title='bbox 1413 3062 1472 3095; x_wconf 88' lang='lat' dir='ltr'>pro</span> <span class='ocrx_word' id='word_1_776' title='bbox 1484 3062 1560 3095; x_wconf 87' lang='lat' dir='ltr'>pace</span> <span class='ocrx_word' id='word_1_777' title='bbox 1570 3049 1722 3086; x_wconf 89' lang='lat' dir='ltr'>adhibere</span> <span class='ocrx_word' id='word_1_778' title='bbox 1735 3052 1898 3086; x_wconf 88' lang='lat' dir='ltr'>sermones</span> <span class='ocrx_word' id='word_1_779' title='bbox 1908 3077 1919 3092; x_wconf 88' lang='lat'>‚</span> <span class='ocrx_word' id='word_1_780' title='bbox 1946 3052 1992 3086; x_wconf 92' lang='lat' dir='ltr'>ob</span> <span class='ocrx_word' id='word_1_781' title='bbox 2007 3051 2076 3087; x_wconf 89' lang='lat' dir='ltr'>hoc</span> 
     </span>
     <span class='ocr_line' id='line_1_121' title="bbox 1184 3100 2076 3147; baseline -0.002 -8"><span class='ocrx_word' id='word_1_782' title='bbox 1184 3115 1226 3139; x_wconf 89' lang='lat' dir='ltr'>ne</span> <span class='ocrx_word' id='word_1_783' title='bbox 1244 3111 1358 3138; x_wconf 87' lang='lat' dir='ltr'>contra</span> <span class='ocrx_word' id='word_1_784' title='bbox 1371 3100 1609 3142; x_wconf 75' lang='lat' dir='ltr'>orthodoxam</span> <span class='ocrx_word' id='word_1_785' title='bbox 1634 3102 1849 3147; x_wconf 85' lang='lat' dir='ltr'>Religionem</span> <span class='ocrx_word' id='word_1_786' title='bbox 1862 3102 2009 3137; x_wconf 68' lang='lat' dir='ltr'>Haereses</span> <span class='ocrx_word' id='word_1_787' title='bbox 2026 3102 2076 3140; x_wconf 86' lang='lat' dir='ltr'>in-</span> 
     </span>
     <span class='ocr_line' id='line_1_122' title="bbox 1186 3150 2076 3193; baseline -0.004 -5"><span class='ocrx_word' id='word_1_788' title='bbox 1186 3155 1357 3190; x_wconf 81' lang='lat' dir='ltr'>nascantur</span> <span class='ocrx_word' id='word_1_789' title='bbox 1381 3152 1415 3185; x_wconf 90' lang='lat'>&amp;</span> <span class='ocrx_word' id='word_1_790' title='bbox 1426 3150 1606 3186; x_wconf 86' lang='lat' dir='ltr'>Schismata</span> <span class='ocrx_word' id='word_1_791' title='bbox 1617 3175 1629 3192; x_wconf 96' lang='lat'>,</span> <span class='ocrx_word' id='word_1_792' title='bbox 1654 3152 1688 3193; x_wconf 83' lang='lat'>&amp;</span> <span class='ocrx_word' id='word_1_793' title='bbox 1699 3153 1738 3187; x_wconf 91' lang='lat' dir='ltr'>ad</span> <span class='ocrx_word' id='word_1_794' title='bbox 1752 3151 1814 3187; x_wconf 89' lang='lat' dir='ltr'>hos</span> <span class='ocrx_word' id='word_1_795' title='bbox 1834 3153 1998 3187; x_wconf 84' lang='lat' dir='ltr'>sermones</span> <span class='ocrx_word' id='word_1_796' title='bbox 2018 3153 2076 3187; x_wconf 71' lang='lat' dir='ltr'>de-</span> 
     </span>
     <span class='ocr_line' id='line_1_123' title="bbox 1184 3202 2075 3248; baseline -0.002 -10"><span class='ocrx_word' id='word_1_797' title='bbox 1184 3204 1276 3248; x_wconf 84' lang='lat' dir='ltr'>posui</span> <span class='ocrx_word' id='word_1_798' title='bbox 1289 3202 1535 3245; x_wconf 86' lang='lat' dir='ltr'>memetipsum,</span> <span class='ocrx_word' id='word_1_799' title='bbox 1564 3203 1703 3237; x_wconf 87' lang='lat' dir='ltr'>&amp;omni</span> <span class='ocrx_word' id='word_1_800' title='bbox 1716 3202 1835 3239; x_wconf 87' lang='lat' dir='ltr'>virtute</span> <span class='ocrx_word' id='word_1_801' title='bbox 1857 3214 1926 3247; x_wconf 82' lang='lat' dir='ltr'>quae</span> <span class='ocrx_word' id='word_1_802' title='bbox 1944 3202 2075 3246; x_wconf 85' lang='lat' dir='ltr'>poffibi-</span> 
     </span>
     <span class='ocr_line' id='line_1_124' title="bbox 1185 3250 2074 3299; baseline -0.002 -11"><span class='ocrx_word' id='word_1_803' title='bbox 1185 3255 1228 3288; x_wconf 88' lang='lat' dir='ltr'>lia</span> <span class='ocrx_word' id='word_1_804' title='bbox 1259 3255 1337 3289; x_wconf 80' lang='lat' dir='ltr'>sunt</span> <span class='ocrx_word' id='word_1_805' title='bbox 1358 3250 1473 3288; x_wconf 80' lang='lat' dir='ltr'>studeo</span> <span class='ocrx_word' id='word_1_806' title='bbox 1497 3264 1616 3297; x_wconf 86' lang='lat' dir='ltr'>agere,</span> <span class='ocrx_word' id='word_1_807' title='bbox 1643 3253 1798 3288; x_wconf 87' lang='lat' dir='ltr'>Domino</span> <span class='ocrx_word' id='word_1_808' title='bbox 1814 3252 2008 3299; x_wconf 84' lang='lat' dir='ltr'>adjuvante,</span> <span class='ocrx_word' id='word_1_809' title='bbox 2037 3253 2074 3292; x_wconf 68' lang='grc' dir='ltr'>ὃς</span> 
     </span>
     <span class='ocr_line' id='line_1_125' title="bbox 1185 3301 2072 3348; baseline -0.002 -10"><span class='ocrx_word' id='word_1_810' title='bbox 1185 3304 1305 3348; x_wconf 87' lang='lat' dir='ltr'>pietate</span> <span class='ocrx_word' id='word_1_811' title='bbox 1330 3312 1429 3347; x_wconf 88' lang='lat' dir='ltr'>atque</span> <span class='ocrx_word' id='word_1_812' title='bbox 1438 3304 1523 3346; x_wconf 64' lang='lat' dir='ltr'>resta</span> <span class='ocrx_word' id='word_1_813' title='bbox 1534 3304 1743 3346; x_wconf 81' lang='lat' dir='ltr'>intentione,</span> <span class='ocrx_word' id='word_1_814' title='bbox 1770 3301 1911 3337; x_wconf 87' lang='lat' dir='ltr'>Domini</span> <span class='ocrx_word' id='word_1_815' title='bbox 1922 3301 2046 3337; x_wconf 91' lang='lat' dir='ltr'>Mundi</span> <span class='ocrx_word' id='word_1_816' title='bbox 2061 3327 2072 3336; x_wconf 82' lang='lat'><em>.</em></span> 
     </span>
     <span class='ocr_line' id='line_1_126' title="bbox 1185 3345 2072 3400; baseline -0.001 -13"><span class='ocrx_word' id='word_1_817' title='bbox 1185 3354 1347 3400; x_wconf 84' lang='lat' dir='ltr'>Qamvis</span> <span class='ocrx_word' id='word_1_818' title='bbox 1371 3353 1501 3388; x_wconf 88' lang='lat' dir='ltr'>videam</span> <span class='ocrx_word' id='word_1_819' title='bbox 1517 3353 1714 3389; x_wconf 82' lang='lat' dir='ltr'>execrabiles</span> <span class='ocrx_word' id='word_1_820' title='bbox 1738 3345 2006 3396; x_wconf 68' lang='lat' dir='ltr'>&amp;implacabiles</span> <span class='ocrx_word' id='word_1_821' title='bbox 2029 3350 2072 3386; x_wconf 88' lang='lat' dir='ltr'>ad</span> 
     </span>
     <span class='ocr_line' id='line_1_127' title="bbox 1184 3402 2073 3451; baseline -0.002 -12"><span class='ocrx_word' id='word_1_822' title='bbox 1184 3404 1328 3443; x_wconf 86' lang='lat' dir='ltr'>invicem</span> <span class='ocrx_word' id='word_1_823' title='bbox 1348 3403 1427 3440; x_wconf 88' lang='lat' dir='ltr'>Deo</span> <span class='ocrx_word' id='word_1_824' title='bbox 1450 3402 1676 3443; x_wconf 82' lang='lat' dir='ltr'>Amiciffimos</span> <span class='ocrx_word' id='word_1_825' title='bbox 1697 3404 1878 3451; x_wconf 77' lang='lat' dir='ltr'>Episcopos</span> <span class='ocrx_word' id='word_1_826' title='bbox 1896 3415 1904 3437; x_wconf 76' lang='grc' dir='ltr'><strong><em>ε</em></strong></span> <span class='ocrx_word' id='word_1_827' title='bbox 1931 3402 2073 3438; x_wconf 85' lang='lat' dir='ltr'>Nescio-</span> 
     </span>
    </p>

    <p class='ocr_par' dir='ltr' id='par_1_18' title="bbox 1957 3463 2023 3503">
     <span class='ocr_line' id='line_1_128' title="bbox 1957 3463 2023 3503; baseline 0.015 -15"><span class='ocrx_word' id='word_1_828' title='bbox 1957 3463 2023 3503; x_wconf 79' lang='lat' dir='ltr'>que</span> 
     </span>
    </p>
   </div>
  </div>
 </body>
</html>
