2320 3730
82 2713 168 2753 Epist.
177 2721 206 2751 3¹

372 186 472 236 244

725 175 1055 220 VARIORUM
1091 173 1341 217 PATRUM
1374 174 1708 238 Emsrorzu,

300 269 339 303 ae
365 254 597 291 venerabilem
617 254 788 299 Synodum
814 280 825 296 ,
847 266 945 298 quam
968 252 1100 287 Natalis
1121 251 1189 295 ejus
1250 251 1290 287 ne
1311 263 1474 297 reparato.
1502 257 1597 292 Hine
1616 260 1720 302 etiam¹
1741 261 1775 295 in
1787 263 1842 297 sua
1853 262 2060 300 Lateranenfi
2071 266 2130 309 sy·

278 308 368 341 .dies
386 316 638 351 congregaverat
661 332 670 340 .
700 306 829 349 Nempe
862 302 1096 338 anniversarius
1118 302 1187 337 dies

295 356 426 401 Papalis
448 356 737 392 Consecrationis.
766 353 869 389 Porro
884 352 1007 386 Xixtus
1018 352 1131 388 tertius
1141 351 1185 386 est

293 406 388 442 sexto
409 406 559 442 calendas
578 406 686 450 Majas
702 404 907 439 consecratus
919 402 952 435 in
965 401 1161 438 Pontificem
1172 427 1183 443 ‚

293 456 388 492 istius
407 457 514 492 saeculi
537 469 626 493 anno
651 454 815 499 trigefimo
837 450 979 487 secundo
1002 477 1012 493 ,
1039 452 1184 497 adeoque

291 502 413 551 cyrilli
437 508 570 544 Relatio
589 506 655 540 fuit
677 505 756 538 lesta
772 502 833 537 isto
847 503 963 537 eodem
975 502 1029 539 die
1041 503 1119 538 anni
1131 504 1182 540 tri-

290 558 404 604 gefimi
416 559 503 594 tertii
516 582 524 591 .
551 554 697 592 Proinde
708 555 833 592 videtur
846 553 959 599 scripta
973 554 1083 592 mense
1094 554 1182 589 Mar-

289 609 364 651 tio,
389 619 445 644 aut
459 607 517 643 sub
528 606 703 643 exordium
726 604 869 650 Aprilis.
898 603 1011 652 Qare
1032 604 1181 648 Cyrillus

288 659 430 694 omnino
454 657 583 693 videtur
606 657 751 691 Romam
776 652 1014 698 retulisse'ante
1039 655 1177 689 reditum

287 708 514 748 elericorum,
539 707 595 755 qui
621 703 826 744 Aristolaum
846 703 1039 747 Tribunum
1051 707 1176 740 fuerant

283 759 434 794 comitati
445 758 486 793 ad
498 754 727 799 excipiendam
738 754 966 799 professionem
977 756 1031 790 seu
1045 756 1177 791 subscri-

283 808 434 851 ptionem
455 804 593 856 Joannis
617 804 833 840 Antiocheni·
848 830 860 846 ,
886 817 925 840 ac
942 805 1082 843 aliorum
1105 805 1176 841 istic

282 856 524 904 Episcoporum
546 881 555 890 .
582 856 626 890 Et
653 853 732 898 binc
757 855 826 900 ejus
846 855 980 898 Relatio
1003 857 1173 901 praevenit.

280 907 386 959 Qod
406 907 496 942 enim
517 906 655 952 Ioannis
666 905 800 949 Relatio
815 906 855 946 ad
867 906 953 949 istud
965 907 1082 946 festum
1101 918 1173 941 nec·

277 956 359 994 dum
381 954 550 1002 advenerit
568 956 596 1002 ',>
614 956 669 996 sed
694 967 774 992 tunc
796 956 892 1001 avide
917 958 1173 1002 exspectaretur,

276 1006 394 1047 diserte
415 1006 555 1042 affirmat
577 1007 644 1052 ipse
655 1006 816 1049 Pontifex
830 1007 865 1041 in
879 1009 1033 1052 rescripto
1046 1008 1087 1043 ad
1098 1009 1173 1042 San-

276 1058 365 1094 stum
388 1057 576 1107 Cyrillum÷
594 1055 735 1102 *Nempe
758 1058 903 1099 Cyrinus
925 1058 1033 1099 statim
1058 1058 1077 1099 a
1097 1067 1172 1090 con-

273 1107 359 1146 clusa
380 1119 460 1153 pace
491 1108 605 1144 retulit
620 1131 633 1147 ‚
661 1108 803 1151 Ioannes
824 1109 940 1150 referre
961 1119 1029 1142 non
1043 1106 1171 1152 potuit,

271 1158 332 1192 nifi
353 1158 426 1201 post
453 1159 598 1193 reditum
623 1157 777 1200 Emeseni
801 1155 916 1199 Pauli,
943 1156 1047 1191 Poffit
1060 1166 1169 1191 tamen

273 1207 421 1257 Cyrillus
441 1207 543 1242 etiam
566 1218 635 1247 non
658 1207 716 1249 nili
732 1206 803 1254 post
816 1207 950 1243 suorum
965 1206 1169 1242 Clericorum

268 1257 411 1294 reditum
423 1257 582 1300 retulisse.
611 1256 660 1300 Hi
674 1258 765 1295 enim
779 1257 851 1301 post
864 1257 1053 1300 conclusam
1066 1258 1101 1292 in
1119 1258 1169 1307 Ja-

267 1309 376 1350 nuarii
396 1308 535 1349 exordio
546 1319 661 1353 pacem
675 1308 784 1350 statim
795 1319 873 1342 cum
885 1306 1054 1350 Aristolao
1081 1307 1166 1343 abie-

266 1369 345 1392 runt
368 1358 588 1399 Antiochiam
610 1383 621 1400 ,
651 1358 686 1392 δε
714 1359 802 1394 intra
834 1360 979 1394 mensem
1003 1358 1165 1399 Martium

263 1408 386 1452 poffint
411 1410 505 1451 fuisse
530 1409 662 1448 reduces
683 1433 690 1441 .
717 1408 894 1458 Qidquid
920 1409 959 1448 fit
983 1436 995 1452 ,
1020 1408 1165 1448 notanda

262 1458 339 1501 sunt
361 1459 427 1500 haec
448 1459 547 1500 Xixti
575 1460 616 1496 ad
637 1458 803 1502 Cyrillum
816 1457 936 1501 verbu
963 1458 1167 1500 Nonsbexult

263 1507 358 1548 vestro
378 1509 505 1542 sandius
511 1509 616 1549 frater
631 1509 723 1548 noster
726 1513 759 1556 J
762 1520 873 1540 oannes
886 1508 1053 1540 addixerat
1067 1531 1078 1547 ‚
1106 1518 1164 1539 non

263 1560 327 1599 ejus
349 1556 525 1601 blasphema
543 1557 763 1600 predicatione
785 1557 941 1599 deceptus.
971 1561 1059 1589 Nam
1072 1567 1164 1599 quan·

263 1606 328 1652 tiam
341 1618 438 1647 rerum
449 1614 547 1649 eapitur
559 1608 642 1647 docet
651 1631 662 1648 ,
683 1605 844 1650 suspendit
859 1605 949 1655 suam
955 1603 1140 1650 fintentiam
1154 1629 1164 1645 ‚

263 1663 469 1702 nonaegavit.
496 1657 630 1699 Sanctus
642 1656 806 1701 Cyrillus,
844 1657 973 1704 paffus,
999 1657 1075 1694 licet
1094 1667 1161 1691 non

261 1709 326 1747 sine
353 1708 573 1750 fundamento
593 1731 604 1747 ,
628 1705 816 1748 humanum
850 1706 937 1748 diem
962 1730 974 1748 ,
1001 1708 1162 1750 Joannem

263 1758 529 1801 Antiochen'u'r't'i'
542 1758 731 1802 frequenter
752 1756 959 1798 accusaverat
981 1756 1023 1790 de
1034 1758 1161 1791 consor·

262 1810 313 1844 tio
329 1804 669 1849 Nestorianierroris;
697 1807 732 1843 dc
753 1806 881 1839 videtur
903 1807 993 1847 idern
1004 1806 1113 1840 fecisse
1126 1807 1159 1840 in

260 1857 477 1894 relationibus
490 1857 530 1892 ad
539 1858 733 1892 Romanam
748 1854 925 1889 Ecclefiam
938 1880 945 1886 .
976 1855 1069 1889 Hinc
1080 1857 1160 1890 Xix-

264 1920 315 1944 tus
338 1909 449 1945 studet
469 1908 564 1950 illum
582 1907 745 1952 purgare.-
771 1904 834 1940 hac
859 1905 911 1939 via
928 1905 1057 1952 sperans
1067 1905 1159 1949 stabi·

260 1961 319 1998 lire
343 1954 477 2002 pacem.
591 1957 595 1961 ’
652 1956 662 1961 ”
946 1955 952 1959 “

312 2007 473 2049 Notanda
494 2008 569 2041 sunt
589 2007 623 2041 &
644 2005 713 2042 haec
722 2006 900 2042 Pontificis
911 2006 1029 2047 verbag
1056 2005 1160 2046 Nesto-

261 2057 402 2101 riumfibi
424 2063 502 2103 ignis
527 2059 700 2096 AEternus,
726 2058 896 2089 orientales
909 2055 1070 2097 Eptscopos
1089 2053 1158 2096 Post

257 2108 373 2154 fiffire's
385 2113 490 2146 aterni
501 2111 591 2146 vinea
600 2106 794 2145 vindicavit,
820 2108 854 2142 in
874 2113 996 2142 tantum
1008 2111 1040 2140 ut
1059 2106 1159 2137 Amto-

259 2159 363 2195 chenae
384 2156 519 2200 Ecclefiae
541 2157 726 2196 sacerdotem
750 2160 852 2194 vocari
872 2155 893 2186 ἃ
914 2153 1078 2192 sanblitate
1103 2163 1156 2194 tua

255 2213 328 2253 jam
338 2220 416 2242 nunc
426 2205 630 2242 venerabllem
642 2211 745 2242 virum
754 2214 790 2240 ac
799 2204 941 2236 domnum
947 2205 1136 2250 gaudeamus
1149 2228 1156 2242 .

262 2263 308 2294 Et
319 2261 424 2293 meritc)
435 2266 558 2299 voratur
569 2255 695 2293 domnus
707 2277 718 2295 ,
745 2257 795 2296 qui
808 2251 990 2291 communem
1003 2253 1154 2291 dominum

262 2314 432 2356 recognovit
453 2334 463 2350 ‚
489 2311 540 2351 qui
561 2308 781 2341 incarnationis
811 2303 878 2344 ejus
903 2301 1064 2342 mysterium
1089 2313 1158 2336 voce

264 2359 421 2398 Catholrca
431 2356 575 2402 nobiscum
587 2355 757 2399 tonfitetur.
784 2352 920 2390 Sanctus
943 2351 1091 2395 Cytillus
1107 2352 1160 2395 Jo.

261 2422 384 2446 aunem
399 2406 653 2444 Antiochenam
663 2405 700 2440 in
721 2405 776 2438 sua
788 2403 829 2438 ad
841 2402 965 2452 Papam
977 2402 1159 2442 Relatione

261 2461 477 2506 appellaverat
489 2456 711 2499 venerabilem
723 2455 897 2489 Domuum
908 2478 920 2494 ‚
947 2453 980 2493 ὅς
989 2452 1077 2497 Papa
1089 2464 1160 2499 gra-

261 2513 388 2547 tulatur
415 2536 422 2550 .,
459 2507 694 2554 Appellaverar
730 2516 801 2540 non
843 2502 1031 2544 Dominum
1059 2527 1070 2543 ,
1106 2503 1158 2538 sed

265 2564 443 2597 Domuum
467 2586 475 2593 .
503 2559 557 2599 Ex
584 2569 653 2601 quo
678 2555 879 2593 addiscimus
904 2554 965 2587 tria
989 2577 996 2590 .
1023 2552 1158 2600 prime),

263 2613 354 2658 quod
374 2610 557 2647 differentia
581 2608 667 2641 inter
687 2603 876 2642 Dominum
897 2613 936 2636 ac
959 2602 1155 2651 Domuum,

264 2665 305 2702 iit
318 2663 412 2704 antiq
439 2659 560 2693 iffima.
588 2656 678 2690 Nam
690 2654 723 2687 ὃ(
735 2653 853 2688 Castor
871 2653 1050 2697 Episcopus
1063 2653 1158 2702 Joan-

263 2705 343 2752 hem
365 2710 414 2744 Ca
455 2718 556 2743 anum
573 2705 738 2748 inscripfit
760 2705 953 2739 Domuum.
981 2704 1075 2743 Felix
1099 2715 1156 2738 ter-

263 2762 332 2799 tius
343 2760 504 2799 Pontifex
515 2757 551 2796 in
569 2755 684 2793 litteris
695 2754 734 2789 ad
747 2755 908 2788 Flavitam
921 2753 1158 2789 Constantino—

265 2811 454 2858 politanum
477 2807 700 2851 Episcopum,
728 2815 766 2837 ac
790 2805 825 2838 in
838 2804 956 2842 litteris
966 2803 1006 2838 ad
1019 2803 1158 2841 Vetran-

267 2864 410 2898 nionem
433 2855 636 2904 Episcopum
660 2855 705 2890 ita
725 2854 865 2898 appellat
874 2855 1159 2898 etiamlmperato-

264 2924 333 2948 mm
346 2911 522 2952 AEnonem
536 2933 544 2947 ,
571 2906 668 2957 Qin
680 2903 750 2944 imo
760 2903 897 2939 secunda
917 2904 1023 2939 Sancti
1038 2905 1158 2944 Gelafii

265 2963 361 3007 Papae
382 2959 535 3006 synodus
556 2955 767 3000 ita'appellat
789 2954 942 2993 Sanctum
958 2955 1157 2999 Apostolum

265 3012 416 3051 Petrum.
446 3006 613 3050 Secundo,
626 3006 792 3045 discimus,
802 3004 892 3054 quod
905 3003 1042 3038 istorum
1053 3006 1157 3039 nomi-

267 3075 349 3098 num
361 3061 584 3099 differentiam
596 3057 676 3097 reike
685 3066 831 3102 exponat
852 3054 1006 3098 antiquus
1022 3053 1078 3089 hic
1091 3067 1158 3090 ver.

268 3113 338 3145 sus:
364 3111 515 3151 Coelestem
541 3112 703 3148 Dominum
722 3133 734 3153 ,
759 3104 926 3147 terrestrem
951 3105 1042 3143 dicito
1068 3109 1157 3139 Dom-

256 3161 340 3195 ‘num
360 3187 368 3195 .
395 3160 540 3200 Tertio,
565 3159 742 3199 discimus,
769 3155 859 3201 quod
886 3154 1055 3200 degradati
1082 3157 1157 3200 Epi-

270 3210 361 3255 scopi
382 3222 450 3249 non
472 3210 611 3254 amplius
633 3207 828 3247 vocarentur
849 3206 978 3245 Domni
991 3229 1003 3246 ,
1031 3217 1093 3239 nec
1109 3206 1157 3240 ul-

271 3261 342 3297 lum
362 3260 557 3309 acciperent
567 3257 706 3297 honoris
728 3258 863 3297 titulum
885 3281 893 3289 .
919 3255 1013 3295 Hinc
1033 3255 1156 3294 Xixtus

270 3309 392 3357 gaudet
404 3309 564 3358 Joannem
575 3308 593 3342 a
611 3301 745 3351 'cyrino
755 3308 821 3351 jam
833 3306 928 3342 scribi
941 3305 1155 3342 venerabilem

269 3363 466 3402 Domuum.
494 3356 625 3400 Exinde
644 3356 733 3397 certo
754 3355 1010 3405 colligitbaberi
1021 3368 1080 3404 pro
1092 3358 1158 3404 ple·

851 3444 869 3461 l

1246 304 1337 338 nodo
1358 305 1493 340 Sanetus
1515 305 1603 350 Papa
1633 309 1799 351 Martinus
1828 313 1937 348 laudat
1958 314 2129 351 Victorem

1246 351 1540 399 Carthaginensem
1553 356 1750 405 Episcopum
1759 384 1772 400 ,
1798 363 1887 404 quod
1901 363 1936 396 in
1946 364 2009 399 suis
2019 366 2126 410 Syno-

1245 404 1327 439 dicis
1354 405 1494 445 Paulum
1530 406 1754 445 Patriarcham
1791 410 2128 460 Constantinopolita-

1245 466 1344 495 num,
1370 455 1447 494 licet
1467 457 1636 496 manifeste
1661 456 1871 502 baeticum,
1897 463 2002 499 adhuc
2022 468 2128 510 appel-

1243 505 1333 541 lasset
1351 508 1559 547 Sacerdotem
1578 509 1612 548 &
1647 508 1845 553 Episcopum
1866 535 1873 544 .
1901 511 1946 546 Et
1975 516 2126 562 adjungit

1242 557 1386 591 causam:
1414 559 1504 604 quod
1527 558 1569 600 ab
1588 555 1791 604 Apostolica'
1804 561 1884 603 Sede
1895 563 2035 603 necdum
2047 568 2124 603 effer

1241 606 1451 653 degradatus.
1626 609 1629 611 “

1443 934 1715 1017 ῼᾼΡΠΤ
1760 940 1909 991 XCII.
1957 941 2120 991 .--180

1235 1120 1413 1185 Epistola
1447 1123 1603 1177 Meletii
1637 1124 1816 1193 Episcopi
1848 1127 2032 1195 ¹rescripta
2066 1128 2120 1179 ad

1303 1190 1570 1244 Alexandrum
1616 1193 1845 1265 Epifiopum
1898 1198 2119 1267 Hierapoli..

1301 1277 1434 1310 tanum
1481 1280 1613 1312 contra
1672 1264 1839 1322 Paulum
1888 1266 2118 1338 Epifiopum

1303 1332 1549 1401 Emefinum,
1837 1332 1839 1334 ¹
1923 1341 1925 1345 ’

1334 1506 1391 1539 οη
1405 1502 1645 1546 delectabamur
1655 1506 1787 1552 quidem
1800 1517 1863 1542 nec
1883 1505 1977 1542 antea
1986 1503 2114 1554 Divina

1358 1553 1444 1594 hac,
1470 1565 1542 1597 quae
1563 1557 1786 1599 vituperatur,
1812 1555 2112 1601 condescensione,

1226 1603 1307 1636 dum
1332 1602 1420 1639 certe
1439 1603 1672 1647 obumbrantes
1708 1618 1782 1641 eam
1817 1604 1951 1654 plurimi
1985 1607 2107 1640 effent.

1227 1653 1262 1687 N
1265 1664 1328 1692 une
1340 1661 1449 1688 autem
1461 1654 1532 1698 post
1551 1654 1876 1695 incontradicibilem
1886 1681 1898 1701 ,
1923 1655 2113 1700 claramque

1225 1703 1541 1743 demonstrationem
1563 1706 1671 1746 modis
1701 1705 1859 1746 omnibus
1890 1716 1948 1754 per
1968 1705 2123 1753 gratiam

1226 1754 1292 1788 Dei
1314 1753 1519 1793 firmabimus
1536 1779 1550 1794 ,
1578 1766 1679 1799 quarn
1703 1756 1794 1800 prius
1812 1766 1945 1800 quoque
1971 1755 2015 1795 de
2035 1753 2112 1799 ipfis

1225 1804 1419 1839 sententiam
1430 1804 1637 1841 tenebamus.
1665 1805 1789 1846 Melius
1799 1806 1844 1841 est
1856 1806 1947 1841 enim
1958 1830 1969 1847 ,
1993 1805 2112 1849 utquis

1224 1854 1282 1894 illa
1303 1853 1463 1895 stabilitus
1484 1855 1520 1895 in
1542 1854 1607 1891 fide
1620 1852 1857 1901 Apostolorum
1875 1856 2085 1901 Dogmatum
2096 1878 2111 1899 2

1222 1904 1257 1938 ὅ(
1270 1904 1364 1939 nullo
1376 1905 1479 1940 modo
1491 1905 1528 1946 in
1536 1917 1747 1953 quocumque
1759 1907 1905 1949 remissus
1915 1905 1956 1946 ab
1968 1905 2024 1940 illa
2033 1904 2113 1945 acri-

1225 1955 1302 1995 bia,
1327 1967 1427 2001 quam
1439 1956 1524 1990 circa
1546 1967 1607 1998 ea,
1629 1969 1700 2000 quae
1710 1957 1836 1992 Divina
1858 1958 1957 2000 sunt,
1982 1962 2112 2001 oportet.

1222 2005 1414 2047 ostendere,
1440 2007 1450 2046 i
1455 2007 1508 2050 pse
1521 2002 1649 2045 Doaor'
1666 2008 1704 2043 fit
1716 2007 1862 2044 veritatis
1871 2008 1930 2043 exi
1936 2006 1995 2054 plis
2005 2006 2112 2054 operi-

1222 2053 1282 2087 bus
1302 2077 1315 2093 ,
1342 2054 1394 2088 his
1415 2057 1472 2097 qui
1494 2057 1546 2098 pie
1569 2058 1674 2094 vivere
1691 2058 1812 2096 volunt
1829 2083 1841 2099 ‚
1868 2057 1968 2105 quam,
1987 2056 2111 2095 conde·

1221 2103 1399 2137 scenlionis
1408 2105 1579 2141 occasione
1599 2105 1641 2143 ab
1653 2106 1779 2148 optima
1790 2106 1921 2149 pietatis
1931 2104 2111 2140 altitudine

1220 2151 1350 2192 decidat
1369 2151 1567 2194 lubricando
1580 2179 1588 2192 2
1615 2154 1704 2195 Illud
1730 2166 1874 2199 namque
1895 2154 1990 2189 omni
2004 2153 2111 2192 modo

1220 2204 1458 2245 consequetur,
1482 2213 1521 2238 ut
1545 2204 1614 2247 ipse
1633 2204 1748 2244 saltem
1770 2204 1971 2248 periclitetur
1989 2203 2025 2242 in
2038 2203 2110 2242 nul-

1221 2252 1256 2286 lo
1267 2277 1279 2294 ,
1305 2252 1432 2290 etiamsi
1444 2252 1559 2292 nullus
1567 2252 1730 2293 fueritcui
1741 2254 1838 2298 profit
1850 2278 1858 2292 .
1884 2253 1980 2294 Licet
1996 2253 2109 2290 volen-

1220 2301 1328 2342 tibus,
1354 2302 1431 2337 licet
1451 2302 1572 2347 absque
1594 2313 1716 2338 terrore
1738 2305 1774 2339 in
1788 2304 2033 2339 adamantinam
2044 2313 2112 2338 tur-

1221 2352 1282 2391 rim
1297 2352 1444 2393 veritatis
1455 2351 1666 2388 adscendere.
1693 2354 1739 2394 Et
1760 2354 1812 2393 via
1830 2352 2013 2397 enimjaffl
2034 2353 2081 2388 est
2094 2376 2108 2394 ‚

1219 2403 1255 2443 ἀ
1268 2413 1368 2438 nemo
1387 2403 1563 2447 quivetet..
1590 2403 1747 2439 Econtra
1771 2403 1848 2443 vero
1872 2404 2110 2449 &pluresorm

1220 2453 1304 2491 ¹nino
1314 2454 1389 2493 sunt
1402 2453 1459 2498 qui
1485 2451 1682 2493 hortentur.-
1709 2453 1743 2490 Si
1752 2461 1865 2489 tamen
1888 2453 2008 2499 aliquis
2027 2453 2107 2488 San-

1220 2505 1369 2547 storum,
1395 2502 1692 2548 quidormIerunt,
1718 2503 1967 2544 multitudinem
1977 2513 2108 2547 compa,

1216 2563 1266 2592 ¹tet
1276 2562 1332 2589 aut
1354 2553 1458 2593 etiam
1477 2562 1599 2591 turmas
1610 2553 1854 2596 Angelicorum
1876 2553 2081 2594 exercituum
2093 2576 2111 2595 ,,

1220 2603 1276 2653 qui
1293 2611 1460 2649 gratanter
1482 2603 1597 2645 utique
1619 2602 1876 2646 complestentur
1901 2627 1912 2649 ἓ
1938 2613 2038 2647 atque
2061 2600 2105 2641 ad

1219 2653 1408 2688 adscensum
1431 2651 1612 2697 perducent
1631 2675 1644 2698 ,
1678 2653 1902 2699 quoscumque
1925 2652 2104 2690 desiderare

1217 2702 1426 2746 adspexerint
1437 2701 1609 2736 veritatem
1623 2726 1635 2742 ,
1660 2711 1698 2735 ut
1718 2711 1831 2745 petant
1841 2713 1931 2741 eam.
1962 2703 2053 2749 Qia
2069 2702 2116 2742 &4

1218 2753 1317 2788 multi
1338 2753 1414 2787 sunt
1434 2775 1446 2792 ,
1471 2750 1592 2795 quibus
1619 2751 1707 2790 bona
1730 2750 1933 2790 Perfistentia
1955 2752 2117 2801 prodest.¹

1220 2803 1329 2839 Unde
1345 2803 1378 2842 ὃς
1388 2801 1503 2839 melius
1515 2811 1595 2845 puto
1607 2802 1649 2836 ad
1672 2800 1758 2841 hanc
1773 2801 2020 2842 descensionem
2034 2813 2106 2838 non

1218 2856 1281 2895 esse
1292 2853 1408 2891 debere
1417 2852 1552 2892 festinos
1564 2866 1575 2886 .-
1601 2852 1674 2891 Nec
1688 2852 1806 2892 alteros
1824 2852 1885 2892 tali
1907 2851 2010 2891 salute
2030 2864 2105 2897 prz-

1218 2915 1338 2952 ponere
1350 2914 1390 2942 ex
1401 2901 1467 2941 hoc
1478 2928 1486 2940 .,
1515 2902 1621 2941 Unde
1634 2914 1675 2937 ne
1686 2902 1727 2941 ab
1737 2902 1803 2941 alio
1813 2901 1947 2951 quidem
1961 2902 2021 2936 erit
2032 2903 2104 2947 qui-

1218 2965 1358 2997 cumque
1367 2954 1548 2997 protestusz
1577 2952 1771 2995 Utrumque
1782 2952 1860 2987 vero
1871 2952 2020 2987 similiter
2031 2963 2104 2995 per·r

1218 3004 1357 3043 ditionis
1369 3002 1490 3038 retibus
1500 3003 1572 3048 capi
1584 3004 1707 3038 necesse
1716 3003 1761 3040 est
1776 3027 1783 3035 .
1801 3003 1875 3043 Nec
1885 3013 1954 3038 rem
1964 3000 2101 3051 quidem

1219 3053 1414 3097 humilitatis
1432 3065 1487 3098 per
1499 3054 1636 3099 gratiam
1651 3053 1718 3093 Dei
1741 3052 1801 3092 iste
1813 3054 1981 3098 proposuit
1991 3076 2000 3083 .

1266 3105 1459 3145 Direximus
1477 3103 1555 3144 vero
1574 3095 1780 3150 &fflptii
1794 3103 1945 3147 Epistolae
1968 3102 2111 3144 Rescri*

1218 3164 1309 3201 ptum
1321 3181 1333 3198 ,
1357 3154 1446 3200 quod
1459 3154 1554 3191 nobis
1577 3167 1680 3199 nuper
1694 3155 1831 3193 allatum
1847 3154 1893 3193 est
1907 3178 1919 3198 ,
1944 3164 2046 3201 quam
2057 3154 2102 3187 fe-

1217 3206 1262 3245 cit
1281 3206 1323 3242 ad
1334 3206 1462 3249 aliquos
1477 3204 1806 3249 Constantinopolim
1828 3203 1976 3246 Clericos
1999 3204 2073 3238 suos
2086 3225 2100 3242 ‚

1216 3258 1272 3303 qui
1298 3266 1375 3292 eum
1403 3256 1620 3299 culpaverunt
1635 3279 1647 3295 ‚
1676 3255 1766 3301 quasi
1796 3252 2099 3293 anathematizasset

1216 3308 1349 3354 quidem
1363 3305 1491 3350 propria
1501 3306 1656 3352 dogmata
1667 3331 1679 3348 ,
1691 3304 1694 3307 ”
1706 3306 1900 3350 praeparaffet
1925 3303 2003 3341 vero
2023 3301 2099 3336 uni-

1217 3360 1321 3400 versos
1342 3356 1440 3393 abeis
1451 3355 1620 3401 absistere,
1643 3366 1746 3407 eaque
1763 3355 1942 3401 conspuere
1953 3349 2099 3439 213ng
