2320 3730
599 196 911 250 Scnotns,
947 208 1009 238 ετ
1042 191 1238 241 Nous
1272 202 1671 238 itiusrRATAE.

200 281 259 319 tici
272 277 424 325 Episcopi
445 276 665 314 detrectabant
677 278 802 320 redire,
829 277 882 313 sed
902 288 1003 313 novas
1016 277 1088 314 lites

202 330 384 376 quaerebant
401 338 534 363 movere
559 329 645 373 apud
666 328 852 372 Principem
866 355 874 363 .
905 329 998 368 Hinc
1022 327 1088 360 lau-

203 383 276 416 data
298 378 499 414 Maximiani
522 379 677 422 synodus
693 379 866 423 postulavit
888 377 1086 413 &obtinuit

202 439 323 465 novam
342 431 446 464 totius
458 429 585 472 Synodi
606 428 845 468 dimiffionem.
877 427 1087 466 Theodosius

201 488 309 513 tamen
336 502 347 518 ‚
373 489 409 513 ut
435 479 659 514 Orientalibus
684 480 774 516 daret
799 477 926 521 aliquid
954 476 1085 519 solatii,

201 528 260 572 ipsi
274 529 376 563 Sacrae
391 529 527 563 inseruit
540 530 700 573 praefatam
716 527 965 569 satisfactionem
977 551 983 559 .

250 578 355 613 Porro
379 578 445 612 haec
459 578 671 619 Berrhaeenfis
692 577 847 621 Synodus
872 578 924 611 seu
938 577 1084 620 Congre-

198 629 292 673 gatio
315 640 384 666 non
398 629 461 669 fuit
479 630 610 663 modica
623 653 630 667 ,-
658 628 791 662 Etenim
804 638 845 661 ex
859 627 926 661 sola
941 625 1084 672 Euphra-

200 679 275 713 tesia
288 678 462 715 Provincia
475 679 623 720 adfuerat
634 689 702 714 non
725 677 814 717 solus
823 675 1062 717 Theodoretus
1073 699 1083 717 ,

199 729 255 763 sed
267 730 301 763 δε
311 727 365 762 alii
379 728 530 773 Episcopi
541 752 553 768 ,
578 729 611 768 §c
623 726 754 770 quidem
766 738 840 761 cum
854 726 1061 768 Clericomm
1073 749 1083 766 2

199 790 239 813 ac
260 779 393 818 forsitan
417 778 515 814 etiam
537 779 715 812 Laicorum
741 775 955 813 multitudine
975 802 986 819 ,
1013 787 1084 821 quae

199 828 319 873 pariter
342 838 494 871 venerat,
519 826 608 863 haud
633 825 732 861 dubie
742 838 782 867 ex
795 828 1001 868 curiositate:
1029 826 1083 866 Ad

200 878 353 917 distinete
387 876 585 916 audiendam
621 877 751 921 plenam
789 878 903 913 seriem
930 877 1084 914 omnium

200 929 360 966 Actorum
372 926 489 972 Ephesi
517 928 551 961 ὅ(
561 926 775 963 Chalcedone
788 952 795 960 .
824 928 867 963 Et
880 937 997 962 omnes
1011 928 1085 960 sunt

200 978 345 1013 invicem
356 977 537 1017 consolati,
564 978 803 1021 Inquifiverunt
824 989 862 1012 ac
874 977 1086 1012 decreverunt

200 1030 271 1064 vias
301 1029 335 1062 ἀ
362 1027 482 1067 modos
505 1051 517 1068 ‚
542 1028 662 1069 quibus
696 1027 933 1076 proscriberent
959 1026 1081 1071 Cyrilli

199 1078 357 1120 Capitula
378 1100 389 1115 ,
414 1087 453 1110 ac
475 1076 540 1115 sese
561 1087 709 1112 eruerent
732 1088 774 1111 ex
802 1077 1009 1122 praesentibus
1032 1088 1090 1111 an·

198 1126 335 1172 gustiis.
364 1125 463 1160 Plura
488 1126 575 1169 apud
600 1125 783 1166 Berrhaeam
808 1128 890 1162 faita
903 1127 1089 1162 suntistius·

198 1175 294 1215 modi
305 1176 547 1211 Conventicula
558 1202 565 1209 .
594 1176 732 1214 Etenim
744 1177 888 1219 Aeacius
899 1187 966 1213 erat
979 1177 1090 1212 decre*

200 1227 309 1270 pirus,
336 1237 374 1260 ac
391 1226 546 1265 itinerum
570 1226 745 1270 impatiens
765 1251 776 1267 ,
802 1228 837 1262 δε
858 1228 926 1261 sine
947 1227 1014 1269 ejus
1036 1237 1091 1270 per

199 1277 341 1315 multam
362 1287 467 1310 rerum
488 1278 726 1319 experientiam
741 1275 976 1320 sapientiffimo
987 1276 1092 1310 confi-

200 1326 250 1361 lio
261 1325 348 1360 nihil
369 1324 522 1364 concludi
536 1337 661 1371 poterat
673 1340 683 1360 .·
710 1326 808 1367 Hinc
822 1326 890 1370 ipse
902 1324 1089 1362 Patriareha

203 1377 344 1420 loannes
355 1387 432 1412 cum
443 1377 507 1411 suis
519 1376 691 1421 Episcopis
702 1375 772 1411 ibat
791 1376 833 1411 ad
845 1376 940 1412 illum
952 1401 960 1416 .,

412 1696 676 1752 CAPUT
723 1700 866 1750 XLII,

927 1714 1091 1759 --130

206 1889 375 1958 Epistola
409 1925 423 1953 3
474 1886 809 1955 quam‘praefcttus
852 1889 1004 1938 ‚Irenaeus
1039 1885 1098 1932 di..

274 1964 378 2009 rexit
412 1957 440 2006 ci
475 1964 595 2007 Beato
622 1955 849 2004 Theodoreto
874 1961 967 2019 Cyri
1000 1960 1098 2024 Epi-

265 2027 382 2098 fiopo
441 2027 494 2079 ad
560 2025 837 2076 Candidianum
888 2030 1101 2073 Comitem.

275 2096 568 2167 Domesticorum
591 2132 605 2161 2
646 2111 731 2146 ante
759 2110 895 2168 pacem
929 2090 1062 2163 miffiz,

281 2276 406 2320 Ropter
429 2273 534 2313 multa
570 2274 605 2311 &
627 2275 729 2319 ipsam
751 2273 946 2309 memoriam
980 2271 1098 2317 Ephesi

305 2327 387 2364 odio
402 2325 547 2368 habens,
572 2326 694 2368 gratias
705 2326 735 2360 ei
748 2326 789 2359 de
810 2336 876 2360 una
895 2335 929 2358 re
951 2333 1016 2368 ago
1027 2334 1100 2367 prae·

207 2381 304 2422 cipua
327 2401 338 2418 ,
373 2376 450 2422 quia
472 2375 679 2412 manifestam
706 2375 802 2410 nobis
836 2374 916 2409 fecit
951 2374 1098 2409 animam

208 2437 300 2462 tuam
312 2449 324 2465 ‚
349 2437 418 2468 quae
438 2426 484 2459 est
496 2426 591 2471 plena
611 2423 806 2459 virtutibus.
835 2425 890 2458 Sic
909 2423 1000 2456 enim
1013 2420 1100 2455 Ath-

210 2473 495 2511 letasluCtamina‚
521 2473 667 2515 &equos
681 2471 833 2508 currendi
850 2478 1033 2511 certamen,
1064 2470 1099 2507 ὃς

210 2526 340 2571 aurigas
373 2533 484 2559 currus
502 2546 514 2563 ,
552 2522 586 2557 δε
606 2532 720 2558 aurum
750 2521 895 2559 coticula
923 2519 1070 2556 ostendit
1087 2533 1099 2557 .·

211 2576 332 2611 Utrum
353 2572 525 2617 probatum
546 2572 609 2612 fit,
635 2582 678 2607 an
689 2571 934 2610 adulterinum,
958 2571 1025 2614 ipsa
1047 2570 1098 2604 de·

209 2625 315 2660 cernit
338 2648 346 2655 .
378 2623 431 2659 Sic
456 2622 490 2656 &
507 2619 636 2656 Civitas
660 2620 717 2655 illa
743 2644 755 2661 ,
780 2621 816 2654 ὃς
843 2621 899 2654 illa
923 2618 1099 2655 vehemens

209 2672 401 2718 tempestas,
426 2670 562 2710 &denfi
588 2681 687 2715 atque
710 2669 814 2706 crebri
828 2669 967 2710 fluctus,
993 2669 1027 2703 δε
1050 2669 1102 2703 di·

209 2725 287 2759 versi
313 2734 411 2767 atque
423 2722 578 2759 contrarii
602 2721 698 2759 flatus
708 2719 917 2759 stabilitatem
938 2719 1097 2760 vestram,

210 2773 504 2813 &fortitudinem,
528 2771 781 2816 firmitatemque
793 2781 851 2815 pro
872 2770 1007 2814 Justitiae
1030 2781 1098 2814 par-

209 2824 302 2860 tibus
322 2823 555 2860 ostenderunt.
582 2821 628 2858 Et
649 2822 808 2857 ferventes
831 2820 1013 2855 Dilestores
1035 2831 1098 2854 nos

211 2875 320 2909 vestrae
332 2871 576 2920 Magnitudinis
588 2871 763 2908 effecerunt
774 2897 781 2905 .
808 2870 865 2908 Ob
887 2870 952 2906 hoc
964 2868 1098 2915 Epheso

211 2924 332 2970 gratias
343 2935 438 2973 agere
449 2934 570 2967 cogar,
597 2923 631 2956 in
654 2933 718 2966 qua
729 2921 810 2959 illud
826 2921 995 2966 peffimum
1022 2931 1099 2954 nau·

213 2975 355 3019 fragium
376 2972 605 3012 sustinuimus.
633 2972 672 3008 In
695 2983 757 3016 qua
781 2972 930 3007 Ecclefiae
951 2971 1097 3006 membra

212 3033 330 3058 contra
343 3025 487 3060 invicem
499 3023 661 3058 seditione
677 3032 798 3059 armata
810 3024 907 3063 sunt,
933 3023 968 3059 &
993 3033 1096 3059 unum

214 3074 345 3117 Corpus
359 3074 494 3110 incisum
505 3074 552 3108 est
564 3097 571 3106 .
600 3073 644 3110 Et
654 3074 738 3108 mala
751 3073 808 3109 illa
819 3075 893 3108 sunt
904 3082 1097 3119 perpetrata,

216 3134 288 3165 quae
308 3123 528 3158 taciturnitate
551 3124 624 3159 sunt
643 3122 744 3169 digna
763 3135 772 3156 2
799 3124 885 3172 Qiae
906 3123 979 3168 plus
1002 3122 1098 3157 nobis

215 3183 273 3207 tua
295 3173 355 3207 scit
376 3172 594 3217 Magnitudo.
624 3173 730 3208 Unde
755 3174 788 3211 &
807 3175 847 3209 de
871 3174 1096 3215 Sandiiffimo,

215 3234 254 3258 ac
265 3223 341 3257 Deo
353 3221 561 3258 Amiciffimo
583 3223 768 3268 Episcopo,
793 3224 827 3262 δε
848 3224 1098 3260 comministra-

215 3283 288 3308 tore
310 3274 421 3307 nostro
445 3270 670 3315 Theophanio
697 3274 838 3310 scribens
855 3298 866 3317 ,
892 3274 998 3308 verbis
1026 3285 1095 3309 non

214 3334 300 3368 egeo
312 3314 437 3368 lo’ngis:
470 3323 628 3365 Etipsum
651 3334 790 3366 namque
808 3324 978 3360 manifeste
1001 3324 1096 3360 novit

215 3371 470 3420 Magnificentia
492 3374 618 3415 vestra,
643 3373 677 3410 &
703 3374 762 3411 scit
783 3374 974 3420 injustitiam
988 3398 1000 3416 ,
1026 3385 1098 3422 quae

1859 208 1948 251 131

1144 277 1332 320 praesumpta
1342 276 1389 310 est
1401 284 1515 311 contra
1525 285 1599 312 eum
1610 299 1618 307 ·
1648 275 1737 325 Qia
1748 276 1849 322 igitur
1868 278 1904 315 δε
1915 277 2024 313 adver-

1147 327 1285 367 famini,
1310 325 1468 361 &odistis
1481 337 1538 361 eos
1551 349 1562 367 ,
1589 324 1647 369 qui
1668 324 1746 359 talia
1767 329 2024 371 commiserunt,

1143 376 1290 421 linguam
1312 386 1370 421 pro
1392 387 1492 411 manu
1519 375 1696 420 porrigite:
1723 375 1767 410 Et
1780 377 1908 412 suadete
1927 379 2002 413 illos
2013 403 2025 419 ,

1143 428 1200 470 qui
1213 426 1334 461 habent
1345 424 1440 471 hujus
1450 427 1616 465 sententiat
1627 426 1696 459 vim
1707 450 1717 467 ,
1745 426 1936 470 extinguere
1954 440 2025 464 tan.

1144 477 1218 511 dem
1231 477 1416 518 flammam,
1443 489 1514 519 quae
1530 477 1614 515 male
1625 478 1775 514 succensa
1798 478 1846 510 est
1859 500 1869 516 ‚
1894 477 1928 510 δε
1939 480 2027 512 resri-

1144 537 1234 563 tuere
1245 527 1329 562 male
1341 528 1436 572 pulsis
1448 528 1608 562 Ecclefias
1618 553 1628 569 ‚
1655 528 1689 562 δε
1704 526 1808 561 fistere
1823 527 1921 560 risum
1932 551 1944 568 ,
1969 529 2027 575 qui

1144 586 1259 617 contra
1271 590 1333 614 nos
1350 579 1397 614 est
1410 602 1422 625 ,
1448 578 1577 627 pietatis
1587 577 1858 617 Adversariorum
1869 600 1879 614 .-

1341 732 1839 782 Scn0L1oN..

1257 874 1327 909 AEc
1339 873 1486 919 Epistola
1498 873 1544 908 est
1556 874 1696 917 ejusdem
1715 878 1872 923 temporis
1886 904 1893 911 .
1920 878 2034 914 Docet

1194 926 1197 928 ’
1281 937 1343 960 nos
1364 949 1376 968 ,
1403 924 1493 968 quod
1517 924 1641 959 Comes
1665 927 1804 963 Irenaeus
1832 928 1940 964 statim
1962 928 2034 971 post

1146 975 1308 1014 dimissam
1320 974 1517 1022 Synodum,
1543 975 1644 1010 etiam
1665 986 1741 1012 ante
1751 979 1866 1013 factam
1883 977 2038 1014 Ecclefia-

1148 1038 1220 1067 rum
1245 1036 1359 1070 pacem
1376 1048 1386 1063 ‚
1414 1024 1510 1059 fuerit
1524 1025 1682 1068 projeetus
1702 1034 1793 1059 extra
1815 1029 1950 1070 gratiam
1968 1027 2037 1062 Au-

1149 1077 1237 1123 gusti
1258 1075 1442 1111 Theodosii
1465 1099 1472 1105 .
1513 1074 1557 1107 Et
1577 1074 1668 1118 quod
1693 1074 1777 1109 istud
1800 1074 1905 1118 ipsum
1925 1102 1935 1117 ‚
1962 1078 2039 1112 licet

1153 1139 1221 1166 non
1235 1126 1352 1170 plene,
1377 1124 1518 1162 evenerit
1529 1124 1657 1162 Comiti
1677 1124 1910 1161 Candidiano.
1939 1126 2039 1161 Nem·

1154 1189 1194 1222 pe
1218 1176 1264 1212 ob
1290 1176 1419 1211 fraudes
1442 1200 1454 1216 ‚
1490 1176 1667 1212 violentias
1689 1201 1700 1217 ‚
1726 1175 1822 1210 falsas
1848 1175 2041 1214 relationes,

1152 1228 1282 1269 aliaque
1294 1225 1328 1261 id
1341 1237 1444 1271 genus
1456 1227 1539 1259 fasta
1561 1226 1647 1270 apud
1659 1223 1825 1270 Ephesum
1838 1252 1849 1267 ,
1875 1226 1958 1260 acin
1974 1225 2042 1268 ipsa

1151 1277 1253 1310 etiam
1274 1275 1568 1319 Constantinopoli
1596 1302 1603 1310 .
1631 1276 1736 1316 Porro
1760 1276 1907 1320 Epistola
1927 1275 2042 1318 scripta

1152 1325 1198 1360 est
1219 1324 1260 1360 ad
1284 1326 1368 1360 latus
1388 1323 1601 1360 Theodoreti
1618 1352 1625 1358 .
1653 1326 1710 1361 An
1734 1326 1840 1370 Cyri,
1867 1338 1910 1360 an
1925 1325 2047 1360 Antio·

1153 1375 1259 1415 chiae,
1285 1387 1327 1411 an
1350 1376 1465 1419 Tyri?
1492 1376 1717 1420 Respondeo,
1742 1377 1832 1421 quod
1849 1376 1960 1420 Tyri.
1989 1376 2046 1409 Et-

1154 1426 1245 1461 enim
1259 1426 1394 1460 Irenaeus
1423 1436 1504 1461 tunc
1517 1426 1660 1461 omnino*
1679 1437 1746 1464 erat
1761 1427 1793 1464 in
1805 1426 1888 1471 Cyri
1901 1425 2046 1460 defuneti

1157 1476 1269 1511 locum
1288 1476 1307 1510 ὲ
1330 1475 1550 1516 Theodoteto
1568 1478 1775 1514 consecratus
1797 1473 1843 1511 in'
1857 1477 2046 1520 Tyriorum

1158 1525 1358 1571 Episcopum
1373 1551 1380 1559 .
1407 1527 1485 1566 Hoc
1512 1525 1596 1560 mihi
1617 1525 1810 1570 persuadent
1833 1524 1900 1561 haec
1925 1523 2044 1559 verba:

1160 1580 1205 1614 De
1216 1577 1395 1617 Sancffiffimo
1420 1579 1455 1612 Θ
1470 1580 1531 1613 Deo
1542 1578 1704 1618 amicrffimo
1720 1574 1888 1619 Episcopo,
1914 1578 2047 1609 &Com-

1157 1626 1354 1667 ministratore
1378 1626 1470 1667 nostro
1481 1626 1690 1668 Theophanio.
1719 1624 1885 1662 Altiffime
1903 1624 2046 1659 clamant

1159 1677 1318 1717 Irenaeum
1344 1686 1426 1713 tunc
1457 1675 1551 1710 fuisse
1587 1675 1787 1719 Episcopum
1814 1699 1822 1707 .
1849 1672 1993 1710 Proinde
2011 1672 2046 1707 id

1158 1726 1278 1765 fastum
1300 1725 1347 1760 est
1370 1734 1447 1760 ante
1472 1725 1689 1763 Ecclefiarum
1711 1736 1824 1769 pacem
1845 1749 1852 1757 .
1877 1724 1987 1759 Immo
2011 1724 2047 1757 &

1160 1787 1236 1813 ante
1247 1776 1442 1818 Traeiatum
1453 1775 1560 1820 pacis.
1589 1775 1791 1812 Hoclucide
1815 1775 1956 1811 affirmat
1972 1774 2049 1818 Epi-

1160 1826 1260 1863 stola.
1289 1825 1339 1859 At
1353 1826 1429 1859 vero
1450 1836 1512 1867 pax
1532 1826 1660 1861 trastari
1678 1826 1779 1869 coepit
1795 1837 1876 1859 mox
1887 1823 1959 1869 post
1969 1834 2050 1857 con-

1162 1874 1326 1912 firmatum
1350 1873 1368 1910 ,ὲ
1380 1874 1550 1907 Celestino
1575 1874 1742 1910 Pontifice
1754 1874 1958 1908 Maximiani
1973 1871 2050 1917 Epi·

1163 1924 1358 1968 scopatum:
1386 1921 1440 1957 Ad
1466 1933 1575 1967 preces
1597 1923 1740 1966 ejusdem
1770 1923 1943 1957 Pontificis
1966 1947 1973 1955 .
2000 1921 2049 1956 At

1164 1973 1241 2009 vero
1262 1971 1331 2012 haec
1350 1973 1562 2007 confirmatio
1581 1972 1644 2006 fuit
1668 1973 1743 2006 data
1772 1972 1884 2006 Idibus
1894 1972 2026 2006 Martiis
2040 1996 2051 2011 ‚

1163 2034 1253 2059 anno
1274 2022 1442 2066 trigesimo
1471 2021 1615 2056 secundo
1629 2021 1723 2055 istius
1751 2022 1875 2055 saeculi.
1904 2021 2051 2055 Proinde

1161 2072 1248 2109 eirca
1272 2069 1339 2108 hoc
1365 2082 1494 2119 tempus
1521 2071 1578 2109 ille
1602 2071 1666 2109 fuit
1690 2073 1819 2111 evectus
1856 2072 1892 2109 in
1919 2071 2053 2120 Episco-

1186 2132 1263 2156 um.

1162 2134 1183 2171 P
1211 2172 1419 2208 Memoratus
1451 2169 1508 2207 hic
1534 2171 1780 2217 Theophanius
1805 2173 1853 2208 est
1879 2171 2053 2207 Philadel-

1162 2221 1303 2269 phiensis
1327 2223 1363 2257 in
1381 2221 1491 2266 Lydia
1514 2222 1720 2267 Episcopus,
1747 2224 1804 2266 qui
1825 2235 1901 2258 cum
1924 2225 2052 2267 Joanne

1163 2271 1385 2307 Antiocheno
1399 2272 1462 2310 fuit
1475 2271 1593 2315 Ephesi
1606 2297 1617 2314 ‚
1644 2284 1682 2308 ac
1706 2273 1747 2307 ab
1758 2272 1920 2317 Ephesina
1946 2275 2053 2317 Syno-

1162 2321 1207 2356 do
1235 2322 1435 2359 nominatim
1462 2322 1636 2360 damnatus
1661 2347 1668 2357 .
1701 2323 1775 2358 Nec
1801 2324 1922 2358 mirum
1949 2349 1956 2355 .
1991 2323 2051 2357 llle

1161 2373 1252 2407 enim
1263 2372 1331 2413 est,
1357 2372 1418 2418 qui
1437 2370 1599 2409 Photium
1621 2384 1660 2407 ac
1675 2372 1881 2411 Anastafium
1894 2399 1904 2415 ‚
1931 2373 2053 2408 Nesto-

1161 2422 1202 2456 rii
1227 2420 1442 2463 presbyteros
1465 2432 1504 2455 ac
1532 2422 1724 2458 Emiffarios
1745 2447 1756 2463 ,
1791 2435 1868 2458 cum
1896 2424 2052 2460 scelerato

1162 2469 1340 2506 Theodori
1354 2469 1580 2514 Mopsuesteni
1595 2472 1757 2513 Symbolo
1769 2473 1896 2507 admifit
1909 2474 1943 2507 in
1959 2475 2051 2507 suam

1163 2519 1343 2557 Ecclesiam
1360 2544 1371 2559 ‚
1396 2520 1432 2556 ὅ(
1452 2531 1568 2555 omnes
1594 2521 1726 2571 Qarto
1740 2522 1968 2557 -Decimanos
1994 2522 2052 2557 sub

1160 2570 1228 2613 ejus
1239 2569 1435 2613 professione
1446 2571 1567 2613 recepit
1580 2571 1614 2606 in
1627 2573 1903 2609 communionem
1915 2597 1922 2604 .
1947 2572 2053 2607 Poffit

1161 2620 1290 2663 insuper
1308 2619 1388 2653 alias
1411 2620 1546 2663 patrasse
1559 2620 1774 2664 petulantias.
1803 2622 1978 2670 Qidquid
1990 2623 2026 2658 fit
2039 2646 2053 2665 ‚

1160 2669 1387 2706 Maximianus
1406 2670 1512 2715 ipsum
1536 2670 1646 2704 statim
1671 2672 1741 2713 post
1766 2673 1856 2705 suam
1877 2672 2053 2715 synodum

1159 2720 1204 2755 est
1235 2720 1422 2764 aggressus,
1447 2719 1542 2763 ejecit
1566 2720 1585 2757 ὲ
1604 2719 1842 2766 Philadelphiae
1863 2721 2053 2763 Cathedra,

1158 2770 1290 2814 &jussit
1312 2769 1457 2804 ordinari
1476 2770 1595 2806 alium.
1625 2770 1678 2805 Ex
1691 2783 1758 2815 quo
1773 2773 1928 2806 discimus
1938 2773 2029 2816 plura
2043 2798 2051 2808 .,

1160 2820 1297 2860 Primo,
1324 2820 1413 2863 quod
1435 2820 1470 2858 in
1494 2821 1548 2857 sua
1569 2820 1709 2864 synodo
1731 2823 1959 2856 Maximianus
1980 2835 2050 2857 non

1159 2870 1331 2906 dumtaxat
1342 2868 1552 2907 Dorotheum
1564 2896 1574 2912 ›
1589 2872 1782 2907 Helladium
1794 2898 1803 2913 ‚
1830 2871 2025 2906 Eutheriurn
2036 2896 2049 2913 ,

1159 2932 1197 2955 ac
1220 2920 1410 2955 Himerium
1425 2946 1435 2965 ‚
1462 2919 1517 2959 sed
1540 2922 1646 2966 plures
1669 2922 1709 2956 ab
1725 2922 1884 2966 Ephefina
1910 2922 2049 2965 Synodo

1159 2969 1331 3005 damnatos
1342 2971 1463 3015 jusserit
1473 2972 1547 3014 ejici
1570 2971 1662 3005 esuis
1676 2973 1845 3007 Ecclesiis.
1873 2971 2049 3015 Secundo,

1161 3021 1249 3065 quod
1261 3022 1440 3065 Imperator
1450 3020 1659 3058 Theodofius
1670 3046 1680 3062 ,
1705 3023 1783 3056 licet
1796 3021 2020 3060 Orientalium
2032 3045 2045 3063 ,

1160 3072 1281 3115 &ipsis
1301 3071 1535 3109 adhaerentium
1562 3072 1799 3117 Episcoporum
1823 3073 1896 3107 istas
1913 3072 2047 3107 damna⁴

1162 3123 1534 3166 tionesimprobaverit,
1561 3133 1767 3167 nequaquam
1785 3133 1895 3159 tamen
1907 3123 2045 3158 circum-

1160 3172 1310 3207 duxerit:
1338 3173 1432 3209 Hinc
1455 3173 1534 3216 ipsas
1545 3182 1659 3207 contra
1676 3172 1917 3217 ejusjudicium
1930 3183 2046 3208 execu-

1161 3233 1212 3256 tus
1233 3223 1277 3258 est
1291 3223 1537 3262 Maximianus,
1563 3233 1600 3257 ac
1625 3222 1733 3258 statim
1757 3223 1851 3266 ejecit
1865 3222 2049 3267 Theopha-

1161 3273 1252 3307 nium
1265 3298 1272 3306 .
1299 3273 1440 3314 Tertio,
1469 3271 1558 3316 quod
1574 3272 1722 3309 Afiaticae
1735 3274 1891 3310 Dioecefis
1904 3274 2046 3317 rapinas,

1162 3324 1230 3366 post
1252 3335 1331 3367 quas
1343 3323 1563 3358 Patriarcham
1588 3323 1659 3357 istic
1674 3335 1768 3369 agere
1789 3324 1889 3369 coepir
1911 3325 2044 3359 Sanetus

1161 3375 1301 3420 Joannes
1321 3372 1576 3419 Chrysostomus
1592 3398 1605 3418 ,
1631 3375 1731 3411 etiam
1753 3375 1982 3411 Maximianus
2003 3370 2044 3409 fic

1915 3432 1986 3467 pro-
