2320 3730
68 1014 140 1048 Ast·
158 1027 190 1057 ᾼρ

606 162 928 222 Scuorns,
960 173 1020 201 ετ
1056 155 1246 202 Norls
1283 173 1669 211 utuntur-rifi.

205 243 294 289 sam,⁴
319 243 559 285 scandalosam‚
587 254 718 287 pravam
733 269 743 284 ,
768 242 807 277 ab
819 243 912 278 omni
927 242 1084 277 fideliore

203 292 480 343 proscribendam.
510 295 561 329 Eo
574 295 661 338 quod
686 295 833 328 videatur
857 293 1000 341 profiteri
1015 290 1082 350 {Ie-

203 348 359 383 florium.
387 344 520 379 Exinde
556 345 649 380 fuiffe
681 345 841 384 ufitandas
876 343 934 383 has
969 353 1081 377 voces:

208 396 343 438 christus
361 394 399 437 est
408 407 468 429 una
478 404 590 430 natura
601 401 760 435 incarnata
771 419 780 427 .
810 396 852 430 Et
863 393 983 434 existis
996 392 1084 426 Prin-

204 446 299 491 cipiis
321 446 491 481 concludit
511 447 612 481 etiam
643 444 951 481 Chalcedonensem
973 445 1085 485 syna*

204 497 283 533 dum
294 521 305 536 ,
332 507 401 542 qua:
411 497 492 536 duas
504 497 647 536 Domini
662 505 792 534 naturas
804 494 838 529 in
850 494 921 537 ipso
934 493 992 531 suo
1006 492 1084 526 fidei

203 546 348 582 Decreto
359 547 529 591 praedicat,
555 547 618 582 effe
630 547 749 590 lapsam
763 569 774 586 ,
800 543 942 586 ideoque
964 542 1084 582 &ana-

203 595 486 637 thematizandam
506 622 514 630 .
551 597 704 632 Scelerati
744 594 890 634 hominis
925 590 1083 627 audacem

203 646 438 691 blasphemiam
448 647 579 693 egregie
595 646 706 687 revicit
715 644 865 679 laudatus
878 641 1064 676 Anastasius
1075 666 1083 681 2

205 693 309 745 Quod
321 698 428 741 ipsum
451 698 485 732 in
502 696 709 739 Lateranenfi
724 694 832 734 ‚Sanni
847 692 987 727 Martini
999 691 1085 726 Pon-

211 747 311 787 tificis
322 747 461 791 Synodo
483 748 561 789 fecit
580 744 775 786 venerabilis
796 744 987 784 Maximus,
1019 740 1087 776 Ar*

203 795 477 842 chi-Episcopus
496 797 710 844 Aquilejenfis
731 820 741 837 ‚
767 794 943 830 ostendens
964 793 1086 827 Mono-

204 845 337 887 thelitas
358 847 506 882 incidiffe
528 847 562 881 in
591 847 680 882 idem
711 845 838 880 facinus
859 870 871 887 ,
912 841 1087 879 ostendens

203 899 360 937 Severum
386 896 447 939 ista
468 899 618 940 ‚eructasse
642 898 678 932 in
706 896 853 941 Epistola
884 894 926 934 ad
952 890 1085 942 Nepha·

204 947 286 983 lium
298 974 307 981 .
740 945 745 947 “

254 998 294 1038 ln
313 998 399 1039 istud
420 997 523 1042 ipsum
532 998 661 1032 facinus
670 995 942 1034 omninolabitur
953 993 1086 1038 praesens

202 1044 413 1086 ‚Alexanden
441 1046 498 1084 Ob
520 1058 648 1089 pravam
671 1047 762 1086 suam
786 1045 828 1080 de
846 1045 954 1080 Sancti
968 1042 1087 1087 cyrilli

202 1096 365 1140 Capitulis
396 1097 592 1140 opinionem
614 1121 626 1137 ,
654 1096 724 1136 vult
756 1107 872 1131 vocem
890 1120 902 1137 ,
928 1098 1086 1136 Deipara,

199 1157 299 1190 quam
318 1147 437 1185 fatetur
458 1148 522 1181 effe
546 1148 737 1185 Sanctorum
750 1146 885 1180 Patrum
897 1169 907 1185 ,
935 1143 1088 1188 proscribi

199 1196 235 1231 δε
246 1195 387 1236 aboleri.
416 1196 496 1240 Ejus
506 1196 583 1235 Ioco
595 1198 663 1231 vult
676 1197 826 1235 substitui
841 1205 955 1234 vocem
967 1220 978 1235 ‚
999 1193 1089 1227 Chri-

194 1246 325 1288 Jli·para
335 1272 342 1280 .
370 1246 442 1285 Aut
454 1246 529 1286 sane
538 1247 637 1290 ipsam
652 1258 820 1293 nunquam
832 1245 965 1291 proferri
974 1245 1089 1288 solam,

199 1296 258 1331 sed
279 1298 403 1340 semper
424 1308 500 1336 cum
521 1297 671 1341 adjuncta
698 1309 780 1337 voce
801 1321 813 1338 ‚
840 1300 1085 1341 Homini-para.

197 1346 283 1390 Ejus
293 1359 335 1381 ex
346 1346 481 1385 Parrum
493 1347 648 1394 loquendi
661 1346 762 1383 modo
773 1345 980 1390 desumptum
999 1355 1088 1390 argu-

199 1405 350 1431 mentum
361 1421 373 1442 2
398 1397 573 1440 postmodo
586 1394 823 1441 resumpserunt
835 1397 954 1441 praefati
971 1396 1096 1431 Mono-

200 1444 343 1485 thelitae,
370 1446 412 1481 de
433 1447 552 1491 quibus
572 1448 605 1484 &
628 1458 743 1481 contra
766 1457 848 1490 quos
869 1444 1096 1484 dixitlaudata

201 1495 649 1539 SanstiMartiniSynodus:
679 1499 790 1534 Patres
813 1496 919 1539 dixisse
941 1493 1097 1537 nost-untur

201 1548 280 1581 duas
290 1551 323 1579 in
342 1548 465 1578 Domino
490 1547 660 1585 voluntates
672 1570 679 1578 .
706 1551 815 1586 Neque
827 1546 890 1577 haec
910 1543 1075 1585 transitorie
1087 1565 1098 1585 ³.

202 1604 258 1630 aut
262 1594 326 1637 post
330 1594 459 1640 poſsitve*
463 1619 474 1634 ‚
504 1606 595 1637 neque
618 1599 650 1630 ia
664 1593 716 1629 boc
726 1593 821 1637 ipsum
829 1592 998 1636 specialiter
1010 1597 1097 1625 mini-

202 1647 250 1681 me
261 1643 401 1682 babentes
421 1655 504 1681 omne
506 1644 640 1686 studium
659 1641 802 1687 sermonis
814 1655 912 1677 eorum
925 1666 937 1683 ,
972 1651 1029 1676 icut
1040 1643 1099 1680 Ad-

202 1693 333 1739 versarii
338 1700 482 1742 garriunt
493 1720 503 1735 ,
522 1697 556 1729 (5
567 1699 599 1728 in
612 1693 662 1728 boc
669 1692 885 1738 proptersuam
898 1691 1038 1735 Haeresi‘m
1049 1694 1099 1730 de-

202 1745 360 1782 trabentes
382 1745 603 1783 ‚Venerabilibus
630 1740 804 1786 Patribus(
820 1746 892 1778 dum
911 1744 1011 1777 dicunt
1021 1742 1102 1781 nibil

202 1807 248 1831 eos
261 1797 298 1830 de
309 1795 517 1830 voluntatibus
530 1797 583 1834 vel
590 1796 806 1837 operationibus
821 1797 988 1828 salvatoris
1010 1792 1098 1833 nostri

204 1846 362 1888 definitive
372 1845 527 1888 exposuisse
539 1871 546 1878 .
572 1849 652 1879 Ecce
676 1851 782 1879 etenim
794 1857 852 1878 non
864 1843 958 1887 solum
968 1841 1099 1884 definiti-

202 1897 243 1929 ve
257 1920 268 1936 ,
288 1893 348 1938 sed
361 1896 393 1933 ό·
404 1896 567 1939 dogmatice·
580 1920 591 1935 ‚
619 1900 653 1929 (9·
660 1893 824 1939 fillogistice
836 1920 848 1935 ‚
874 1896 907 1929 (5
918 1894 1100 1926 naturaliter

203 1944 435 1986 demonstrative
451 1970 462 1984 ‚
487 1947 521 1979 (ν
542 1944 703 1988 secundum
724 1948 892 1986 scripturas
921 1942 1100 1988 Agonistice,

203 1997 238 2031 ὁ·
255 2003 314 2038 per
334 1995 492 2037 exempla,
520 1994 554 2029 (05
576 1996 778 2037 compendiose
798 2020 815 2037 ,.
831 1994 889 2039 sed
904 2003 962 2038 per
986 2004 1101 2026 omnem

202 2046 322 2079 modum
343 2047 378 2084 ζ’]
400 2045 546 2085 verbum,
572 2046 742 2083 voluntates
763 2045 881 2091 profeffi
890 2043 985 2086 fiant,
1013 2043 1048 2076 Θ
1066 2040 1101 2083 se

199 2093 332 2138 profiteri
346 2096 596 2139 praedicaverunt
620 2119 627 2128 .
656 2094 699 2128 Et
717 2093 776 2131 ista
800 2092 915 2127 omnia
943 2089 1100 2134 Synodus

203 2145 372 2190 insigniter
392 2143 609 2182 demonstrat.
637 2143 728 2178 Istud
754 2144 860 2188 ipsum
884 2153 950 2187 ego
968 2140 1045 2175 dico
1058 2140 1101 2174 de

203 2243 318 2279 Etiam
332 2241 433 2279 hodie
444 2242 578 2287 quidam
590 2265 601 2282 ,
627 2252 664 2279 ut
676 2242 785 2276 Sancti
809 2239 990 2285 Augustini
1004 2239 1045 2272 de
1055 2239 1101 2272 di-

204 2294 360 2329 vinorum
372 2294 585 2330 Auxiliorum
597 2304 636 2327 ac
650 2293 868 2330 Decretorum
889 2289 1032 2323 efficacia
1043 2297 1101 2320 or·-
1127 2332 1129 2334 Ι

204 2343 390 2379 thodoxam
414 2344 608 2382 sententiam
628 2341 767 2381 evadant
785 2364 796 2380 ,
826 2350 963 2378 utuntur
975 2337 1038 2373 isto
1049 2349 1102 2372 eo·
1128 2369 1130 2374 .

204 2394 283 2429 dem
306 2392 488 2429 Alexandri
510 2400 726 2440 argumento.
755 2390 818 2427 Sed
839 2390 925 2424 casso
937 2390 1079 2424 successu
1092 2412 1100 2420 .

257 2441 404 2479 Proinde
426 2442 617 2476 Alexander
643 2441 708 2477 fuit
727 2451 768 2473 ex
787 2440 853 2475 illis
875 2437 1102 2474 Orientalibus

207 2491 402 2536 Episcopisff,
425 2489 468 2528 de
479 2491 596 2534 quibus
606 2491 694 2525 varia
704 2501 780 2527 cum
793 2489 921 2535 Joanne
932 2489 1102 2524 Sacrarum

207 2541 443 2589 Largitiouum
466 2540 601 2575 Comite
623 2538 856 2578 tractantibus,
885 2538 1016 2573 Sanetus
1035 2538 1104 2581 Cy-

205 2591 301 2626 rinus
321 2589 340 2627 ὲ
364 2589 506 2627 vinculis
527 2588 649 2633 scripsit
671 2589 712 2623 ad
735 2588 852 2631 Regiae
862 2587 1016 2622 Civitatis
1029 2588 1105 2622 Cle-

206 2651 281 2676 rurn
293 2652 331 2674 ac
344 2639 529 2685 Populum:
555 2638 860 2680 Sed&illudquoque
870 2635 976 2683 sciatis
991 2659 1003 2676 ,
1022 2648 1103 2670 nem-

201 2699 244 2735 pe
254 2702 319 2725 cum
325 2688 397 2733 fidei
418 2686 620 2735 expositionem
642 2696 847 2732 componerent
857 2710 869 2727 ,
896 2693 976 2721 inter
986 2685 1019 2730 se
1030 2697 1101 2720 con-

207 2740 329 2784 rendiffe
341 2764 353 2781 ,
377 2741 412 2774 (5
432 2744 466 2775 in
486 2750 521 2775 ea
542 2740 733 2773 altercatione
754 2742 847 2775 etiam
867 2747 946 2773 nunc
958 2735 1074 2780 versari
1090 2761 1098 2774 .

208 2796 298 2824 Nam
316 2791 370 2823 alii
392 2800 429 2825 ex
452 2789 514 2825 illis
538 2789 657 2827 sant‘lae
669 2793 786 2834 Virgini
796 2788 954 2822 concedunt
967 2788 1100 2829 appella-

207 2846 318 2875 tionem
338 2839 502 2886 Dei-patae
514 2863 525 2880 ‚
550 2844 596 2872 ita
621 2849 744 2883 tamen,
769 2838 897 2881 utfimul
907 2848 1016 2882 quoque
1027 2837 1100 2872 Ho-

207 2891 308 2927 minis
331 2889 477 2935 genitrix
499 2890 636 2932 dicatur3
665 2890 725 2925 Alii
745 2891 816 2927 vero
830 2886 953 2934 prorsus
966 2897 1075 2932 negant
1089 2913 1100 2932 2

209 2942 386 2983 adduntque
403 2945 571 2987 paratiores
588 2938 622 2983 se
644 2940 714 2983 effe,
739 2948 772 2973 ut
787 2950 895 2973 manus
910 2937 984 2983 suas
996 2947 1098 2981 ampu-

210 2992 325 3025 randas
341 2989 514 3032 praebeant,
542 3002 633 3034 quam
654 2998 687 3023 ut
709 2987 875 3032 huiusmodi
898 2987 1098 3032 vocisubstri-

211 3040 307 3074 bant.
334 3038 523 3078 Alexander
535 3040 597 3077 fuit
607 3051 648 3076 ex
668 3040 771 3086 prima
783 3039 878 3076 classe
890 3065 897 3072 .
926 3040 970 3074 Et
980 3039 1022 3074 ab
1035 3041 1096 3075 isto

212 3090 305 3125 sensu
330 3101 500 3134 nunquam
524 3090 630 3127 voluit
656 3089 803 3126 recedere
823 3115 831 3126 .
856 3090 903 3128 Et
928 3089 997 3125 haec
1020 3088 1096 3125 fidei

212 3139 408 3183 compositio
429 3141 473 3174 est
493 3139 635 3177 omnino
656 3140 711 3174 illa
731 3139 865 3184 epistola
880 3164 892 3184 ,
916 3140 958 3176 de
968 3152 1030 3187 qua
1043 3139 1095 3173 hic

212 3189 325 3226 scribit
347 3189 538 3224 Alexander
563 3203 571 3223 z
599 3193 646 3223 De
664 3190 779 3235 epistola
806 3192 859 3224 illa
884 3215 896 3232 ‚
921 3202 990 3234 quae
1013 3191 1097 3232 apud

214 3237 367 3283 Ephesum
387 3239 475 3282 falla
495 3239 556 3282 est,
582 3246 614 3273 in
631 3238 781 3286 superficie
790 3242 907 3287 quidem
916 3238 1040 3287 quafiex
1051 3251 1095 3273 oc-

213 3289 320 3332 cafione
333 3295 366 3335 J
368 3295 474 3324 oannis
493 3295 618 3324 Comitis
623 3289 739 3336 firipta
750 3289 806 3334 est,
832 3299 988 3335 tamquam
1005 3287 1094 3332 dixis-

210 3338 258 3392 {et
270 3343 435 3384 Imperator
442 3350 476 3375 ut
486 3346 513 3377 ei
521 3342 637 3385 aliquid
645 3343 840 3381 indicaremus
861 3343 899 3376 de
922 3353 1011 3384 voce;
1037 3351 1095 3383 qua

1105 3492 1113 3510 9

1149 242 1257 276 dieitur
1269 241 1491 284 Theotocos,
1517 249 1550 277 in
1559 251 1686 281 veritate
1695 255 1791 285 autem
1811 263 1872 287 vox
1882 251 1967 294 baec,
1991 261 2025 287 ut

1147 291 1333 333 quaerebatur
1355 293 1499 335 anobis,
1526 295 1572 331 ad
1585 298 1781 342 proditionem
1801 304 2026 339 &calumniam

1147 343 1228 375 illius
1240 369 1250 384 ‚
1281 349 1333 386 qui
1350 344 1461 378 retiam
1475 344 1568 388 fidem
1577 345 1696 384 docebat
1708 370 1719 386 ‚
1746 348 1858 389 inserta
1866 352 1903 391 est
1917 377 1925 384 .

1196 391 1347 428 Affirmat
1360 394 1444 428 varia
1457 390 1481 427 .’
1494 394 1608 433 Primo
1618 419 1631 435 ,
1654 394 1743 445 quod
1755 396 1894 441 Joannes
1906 402 2026 437 Comes

1148 445 1309 486 rogaverit
1329 444 1423 485 istam
1436 444 1548 485 vocem
1564 445 1656 480 inseri
1674 445 1817 491 epistolae
1829 471 1840 486 ‚
1868 450 1920 482 seu
1932 450 2028 485 Rela-

1149 492 1232 527 tioni
1244 494 1283 529 ad
1294 493 1498 539 Principem.
1526 494 1679 534 Secundo
1691 520 1702 536 ,
1728 496 1817 540 quod
1830 496 1918 531 idem
1936 498 2031 540 Joan-

1149 552 1204 576 nes
1226 544 1347 579 dixerit
1361 546 1392 579 se
1402 544 1486 580 istud
1499 557 1612 591 urgere
1622 557 1663 580 ex
1674 546 1839 583 Mandato
1851 546 2011 591 Principis
2021 573 2030 581 .

1148 591 1292 635 Tertio,
1316 594 1404 638 quod
1423 595 1483 630 ista
1505 605 1573 631 arte
1595 597 1809 632 insertionem
1830 598 1921 631 vocis
1934 598 2033 642 impe·

1147 644 1276 677 traverit
1292 669 1299 675 .
1325 644 1474 693 Quarto,
1500 646 1591 692 quod
1604 646 1657 686 isti
1678 645 1779 689 fidei,
1806 650 1860 682 seu
1877 647 2032 682 Relatio·-

1149 692 1182 724 ni
1204 693 1337 735 quidam
1364 694 1624 740 subscripserint,
1651 697 1785 740 quidam
1798 698 1950 741 Episcopi
1963 697 2034 732 sub·

1149 741 1280 777 scribere
1302 744 1431 786 penitus
1442 748 1617 785 recusarint
1627 771 1639 787 ,
1665 749 1873 785 asseverantes
1890 749 1921 783 se
1934 748 2034 783 malle

1149 801 1318 835 utramque
1339 804 1474 831 manum
1497 796 1645 838 perdere,
1673 797 1827 844 Quinto,
1853 798 1943 841 quod
1969 799 2035 842 ipse

1149 841 1362 887 subscripserit
1383 869 1391 877 .
1421 844 1524 884 Sexto
1542 869 1555 885 ,
1582 846 1671 889 quod
1703 849 1801 887 suerit
1834 849 2036 882 circumven-

1148 902 1218 926 tus.
1248 893 1420 940 Qoniam
1442 893 1502 931 ista
1524 905 1591 934 vox
1615 906 1684 929 non
1706 898 1746 931 ad
1767 898 2036 933 satisfaciendum

1148 942 1293 989 Principi
1310 968 1322 989 ,
1349 943 1403 983 sed
1425 945 1553 988 quaefita
1574 954 1612 980 ac
1629 944 1747 985 inserta
1766 949 1830 985 fuit
1852 948 1894 983 ad
1916 948 2039 983 calum·

1150 992 1239 1028 niam
1249 994 1283 1028 δε
1294 993 1516 1037 proditionem
1535 995 1625 1029 illius
1634 1021 1645 1037 ‚
1674 996 1731 1040 qui
1742 998 1858 1031 rectam
1871 997 1970 1033 fidem
1982 997 2041 1032 do-

1149 1042 1242 1078 cebat
1254 1069 1261 1076 .
1287 1043 1367 1083 Hoc
1377 1043 1441 1086 est,
1453 1044 1621 1079 Nestorii.
1648 1045 1704 1084 Ad
1716 1045 1930 1080 immobiliter
1938 1047 2039 1083 stabi·-

1152 1094 1296 1135 liendam
1307 1094 1375 1138 ejus
1387 1090 1655 1139 degradationem
1672 1120 1680 1127 .
1709 1094 1844 1133 Etenim
1855 1095 1949 1131 Sacra
1963 1121 1974 1137 ‚
1985 1109 2042 1140 pet

1154 1146 1316 1190 Ioannem
1328 1143 1496 1180 Comitem
1507 1145 1603 1180 allata
1614 1169 1626 1188 ‚
1635 1145 1852 1181 confirmabat
1863 1144 2044 1180 damnatio-

1154 1207 1230 1230 nem
1250 1196 1350 1230 trium
1373 1220 1380 1227 .
1408 1195 1452 1234 Et
1473 1195 1593 1235 horum
1612 1196 1735 1242 primus
1762 1205 1832 1231 erat
1850 1194 2044 1231 Nestorius.

1154 1246 1249 1281 Hinc
1270 1246 1370 1281 etiam
1385 1243 1541 1281 discimus
1562 1247 1726 1281 rationem
1742 1270 1754 1287 ,
1780 1257 1837 1285 cur
1854 1244 2048 1290 quibusdam

1158 1307 1274 1331 omnes
1285 1321 1297 1338 ‚
1324 1296 1517 1340 quibusdam
1541 1296 1777 1336 Relationibus
1795 1308 1864 1331 non
1876 1307 1993 1331 omnes
2005 1295 2067 1330 fan

1158 1347 1276 1387 §tionis
1298 1347 1454 1392 Episcopi
1475 1346 1737 1391 subscripserint:
1763 1347 1853 1396 Qia
1865 1347 2051 1391 nempecir-

1158 1410 1196 1437 ca
1224 1398 1385 1442 quosdam
1403 1396 1574 1438 Articulos
1592 1408 1684 1433 erant
1708 1398 1853 1437 Cadmaei
1867 1399 1997 1432 fratres.

1208 1447 1308 1484 lstam
1321 1448 1535 1487 Relationem
1546 1473 1557 1490 ‚
1571 1448 1744 1493 epistolam
1755 1473 1765 1490 ‚
1795 1450 1848 1483 seu
1860 1447 1938 1483 fidei
1949 1451 2053 1491 expo-

1160 1496 1312 1530 fitionem
1335 1499 1469 1531 sanstus
1491 1498 1637 1540 Cyrillus
1655 1499 1799 1534 elucidat
1818 1500 1853 1532 in
1868 1498 1997 1532 laudata
2007 1496 2052 1531 ad

1161 1545 1576 1592 Constantinopolitanum
1595 1547 1729 1581 Clerum
1752 1559 1790 1582 ac
1809 1547 1978 1590 Populum
1987 1546 2054 1590 epi·

1161 1594 1266 1635 stola,-
1293 1595 1592 1640 Magmficemiffimus
1614 1597 1662 1633 ille
1683 1602 1735 1630 vir
1745 1598 1832 1630 aliud
1841 1594 1957 1638 rursum
1972 1607 2054 1629 exco-

1160 1650 1304 1690 cogitavit
1315 1648 1351 1684 (5
1364 1648 1385 1684 ὰ
1405 1646 1512 1683 sendo
1525 1647 1731 1691 Synodopetiit
1740 1667 1752 1685 ‚
1778 1654 1813 1679 ut
1819 1644 1893 1687 fidei
1906 1644 2056 1688 expositio·

1161 1707 1229 1730 nem
1249 1694 1424 1738 Scriptofibt
1446 1694 1618 1736 exhiberet,
1643 1702 1678 1730 ut
1686 1706 1751 1729 tam
1763 1696 1933 1734 Orientales
1944 1705 2056 1739 quoque

1161 1745 1218 1789 ipsi
1249 1744 1430 1790 adsenfiffent
1455 1770 1468 1788 ‚
1492 1756 1527 1782 ac
1547 1742 1773 1792 subscrspfiffent
1793 1770 1805 1786 ,
1829 1743 1963 1793 reversus
1983 1746 2060 1779 dice-

1161 1798 1229 1830 ret?
1255 1798 1368 1839 Redegi
1379 1797 1443 1832 illos
1454 1800 1487 1828 in
1500 1797 1679 1833 corcordiam
1688 1821 1698 1837 ,
1724 1801 1776 1839 qui
1786 1795 1926 1833 humanis
1942 1793 2057 1837 offenfis

1162 1851 1242 1880 inter
1257 1844 1294 1888 se
1314 1845 1488 1885 diffidebant
1507 1869 1515 1876 .
1558 1849 1619 1882 Hoc
1641 1846 1810 1889 intelligens
1840 1845 1953 1879 saneta
1973 1847 2058 1884 syno-

1163 1897 1222 1930 dus
1236 1920 1248 1936 ,
1274 1901 1381 1929 iterum
1387 1893 1544 1938 surrexit,
1569 1893 1677 1937 diserte*
1687 1896 1809 1934 dicens.
1838 1897 1990 1929 Nolumus
2010 1905 2059 1927 no-

1159 1946 1211 1982 'bis
1233 1944 1301 1989 ipsis
1322 1957 1389 1979 eam
1410 1946 1616 1979 contumeliam
1637 1953 1774 1988 erogare.
1802 1950 1877 1978 Non
1887 1950 1967 1979 enim
1979 1954 2059 1978 tam-

1161 2007 1253 2038 quam
1266 1995 1398 2029 baeretici
1421 1993 1475 2031 buc
1493 1999 1592 2026 vocati
1597 1991 1725 2037 sumus,
1747 1993 1808 2036 sed
1827 1999 1964 2027 vertimur
1986 2001 2019 2026 ut
2027 1992 2060 2033 fi-

1161 2046 1230 2079 dem
1241 2044 1394 2077 labantem
1405 2045 1441 2077 <5
1459 2049 1648 2085 exagitatam
1663 2043 1855 2084 stabiliamus
1870 2067 1882 2084 ,
1904 2041 2061 2082 &stabili-

1158 2101 1284 2130 vimus.
1313 2097 1379 2126 Nec
1388 2101 1459 2135 opus
1470 2090 1507 2130 est
1518 2095 1695 2134 Imperatori
1708 2117 1720 2133 ,
1748 2102 1783 2127 ut
1801 2092 1894 2135 fidem
1916 2104 1994 2126 nunc
2012 2094 2061 2126 di-

1127 2179 1129 2184 ,
1158 2143 1251 2188 seat,
1277 2153 1342 2181 cum
1352 2140 1513 2186 hanc-sciat
1527 2166 1538 2187 ‚
1564 2144 1644 2182 &in
1655 2154 1691 2176 ea
1712 2142 1888 2186 baptizatus
1900 2142 1941 2185 fit
1954 2167 1962 2176 .
1989 2143 2062 2178 No·

203 2206 286 2229 voce
305 2216 316 2234 ‚
341 2197 490 2237 Dei-para
513 2219 520 2226 .
548 2195 592 2231 Et
616 2194 712 2238 poffit
737 2193 831 2227 facile
864 2190 1099 2226 demonstrari.
1126 2205 1129 2211 ³

1159 2194 1264 2229 tanda
1287 2194 1362 2227 sunt
1380 2191 1476 2225 verba
1488 2205 1500 2229 ,-
1526 2196 1594 2227 Nee
1613 2200 1687 2233 opus
1705 2192 1743 2231 est
1762 2197 1940 2233 Imperatori
1957 2215 1968 2231 ,
1996 2193 2059 2227 &c-

1161 2243 1364 2275 confirmant
1398 2241 1530 2282 praesens
1552 2239 1736 2276 Alexandri
1761 2239 1925 2282 Disturn3
1953 2241 2061 2288 Qod

1163 2292 1308 2335 Ioannes
1319 2289 1443 2327 Comes
1464 2287 1559 2323 istam
1582 2288 1814 2335 profeffiouem
1830 2301 1871 2329 ex
1882 2289 2060 2334 Imperato-

1162 2341 1207 2374 ris
1219 2340 1357 2375 nomine
1379 2351 1448 2377 non
1458 2338 1623 2383 exegerit.
1651 2339 1812 2378 Notanda
1832 2341 1911 2375 item
1930 2342 2005 2375 sunt
2016 2342 2060 2375 se-

1163 2390 1299 2434 quentia
1323 2389 1431 2423 Sansti
1455 2388 1576 2432 Cyrilli
1597 2387 1727 2427 Verba:
1755 2392 1862 2434 ,Quare
1883 2392 2058 2435 necidqui-

1164 2442 1233 2474 dem
1253 2438 1456 2473 Orientalibus
1471 2437 1614 2486 suceeffit.
1643 2439 1883 2477 Demonstrant
1902 2440 2059 2476 lamenta·

1162 2489 1267 2527 bilem
1280 2489 1427 2526 humanae
1440 2499 1563 2526 naturae
1576 2500 1618 2524 ex
1629 2490 1807 2524 temerariis
1818 2490 2058 2534 suspicionibus

1165 2540 1325 2575 miseriam
1337 2564 1344 2572 .
1375 2538 1509 2576 Etenim
1520 2539 1666 2580 Cyrillus
1681 2551 1722 2574 ex
1744 2539 1966 2577 Orientalium
1985 2541 2057 2585 sug-

1161 2590 1338 2636 gestione,
1363 2598 1397 2626 at
1418 2588 1496 2622 vero
1519 2588 1742 2625 Orientalium
1764 2601 1848 2627 unus
1865 2588 2055 2625 Alexander

1163 2641 1317 2684 opinatus
1326 2638 1371 2676 est
1393 2638 1488 2676 istam
1499 2637 1577 2676 fidei
1587 2639 1824 2681 expositionem
1842 2641 1936 2675 fuisse
1947 2641 2055 2685 postu-

1164 2691 1263 2726 latam
1280 2689 1320 2724 ad
1332 2688 1528 2725 firmandam
1540 2687 1789 2727 damnationem
1809 2689 1977 2727 Nestorii.
2003 2691 2057 2724 In-

1162 2741 1259 2775 terim
1280 2738 1466 2777 Orientales
1489 2738 1702 2779 obedierunt.
1730 2738 1775 2773 Et
1798 2739 1834 2774 in
1856 2739 1913 2774 ista
1932 2740 2055 2784 exposi-

1162 2791 1256 2825 tione
1279 2788 1407 2836 profeffi
1429 2790 1505 2824 sunt
1531 2799 1645 2825 vocem
1667 2813 1679 2830 ‚
1706 2792 1854 2832 Dei-para
1875 2814 1882 2822 .
1910 2789 2053 2833 Aliqui,

1161 2852 1230 2875 nou
1250 2851 1367 2876 omnes
1388 2865 1396 2877 ,
1425 2838 1507 2876 Hac
1528 2839 1694 2883 expositio
1716 2840 1812 2884 periit
1835 2863 1847 2879 ,
1872 2847 1927 2872 aut
1949 2839 2030 2872 latet
2044 2864 2053 2871 .

1161 2890 1350 2926 Alexander
1363 2899 1524 2925 memorat
1545 2888 1600 2928 hic
1612 2891 1645 2924 &
1662 2890 1760 2923 aliam
1773 2887 1953 2935 Epistolam
1966 2912 1975 2921 .
2002 2890 2051 2921 Et

1159 2939 1311 2984 subtiliter
1330 2941 1439 2987 legenti
1463 2939 1613 2983 epistolam
1622 2948 1716 2975 totam
1724 2937 1885 2984 perspicere
1896 2939 1984 2978 licet,
2007 2938 2050 2971 ab

1158 2992 1225 3033 eius
1248 2989 1354 3033 haerefi
1370 2992 1450 3028 nullo
1472 2990 1556 3027 modo
1574 2989 1711 3024 liberam.
1738 2988 1796 3022 Est
1808 2987 2049 3032 SanstiCyrilli

1158 3041 1200 3079 ad
1213 3040 1451 3077 Berrhaeensem
1462 3040 1623 3077 Acacium
1633 3038 1768 3087 epistola
1779 3062 1788 3071 .
1816 3038 1887 3075 Aut
1901 3038 1987 3075 forte
1996 3048 2051 3083 pa·

1158 3093 1206 3132 cis
1217 3091 1353 3136 epistola
1365 3092 1406 3128 ad
1417 3088 1640 3130 patriarcham
1665 3090 1824 3134 Joannern
1833 3114 1842 3124 .

1471 3250 1504 3278 σθ-
1695 3243 1731 3274 ὦ

1457 3275 1523 3339 Ψ
1678 3268 1748 3334 W

1868 3391 1946 3434 CA*
