2320 3730
649 173 947 228 Scnotns,
985 186 1049 215 ET
1082 168 1272 216 Noris
1309 183 1698 217 ILLusritArAE.

254 266 392 295 corona,
419 253 453 288 δε
462 252 622 289 exultatio
633 279 644 296 ,
670 256 702 289 δε
714 256 903 290 exercitium
915 280 926 295 ,
951 254 984 288 δε
996 253 1123 287 unstio-

255 302 480 341 nesmihihzc
493 306 606 340 omnia
626 306 704 339 facta
719 307 793 340 sunt
806 330 817 346 ,
843 314 880 339 ut
897 303 1122 348 experimento

255 354 408 389 discerem
420 378 431 394 ,
455 355 530 398 quia
539 356 574 389 in
586 356 689 390 multa
701 356 894 399 probatione
905 351 1126 389 tribulationis

255 401 454 439 abundantia
464 406 575 450 gaudii
587 405 689 440 nostri
701 406 763 441 est.
777 405 832 439 Ad
845 413 1136 439 recommemoran-

253 451 330 487 dam
339 454 415 488 vero
427 455 691 500 Religiofitatem
702 465 791 491 tuam
804 455 839 488 &
850 465 963 489 eorum
973 477 983 493 ‚
1010 464 1082 497 quae
1093 452 1134 486 ab

254 501 386 547 Epheso
396 504 520 549 pridem
531 506 710 549 scripsimus
719 507 759 541 ad
772 506 891 540 sanetas
906 504 972 538 Dei
985 503 1134 539 Orienta-

255 552 303 587 les
310 554 705 597 Ecclefias,transscribens
715 569 756 590 ex
764 555 885 590 chartis
895 551 1139 593 Ecclefiastieis,

256 613 328 647 quae
340 604 424 649 apud
433 616 494 640 nos
502 606 588 647 sunt,
596 607 758 651 exemplar
771 616 834 640 tuae
844 604 1012 640 Sanstitati
1023 601 1139 638 direxi,

290 693 379 743 Hic
388 695 497 745 illud
506 715 595 747 non
605 695 725 767 posui
736 733 750 759 ,
758 697 864 766 quia
874 694 996 767 supra
1005 699 1132 763 jacet.

449 848 945 893 Scu011ovn.

350 960 523 998 Lexander
542 963 734 999 Helladium
757 974 815 1006 per
826 962 948 996 litteras
957 970 996 993 ac
1008 955 1139 993 Meletii

373 1012 591 1055 Legationem
611 1013 745 1046 tentasse
768 1021 839 1046 non
861 1019 1060 1051 contentus,
1089 1018 1142 1052 per

254 1061 424 1104 praesentes
434 1059 556 1095 litteras
568 1061 647 1095 facit
659 1061 835 1096 secundam
846 1060 1034 1095 instantiam
1047 1082 1059 1099 ,
1073 1070 1142 1093 orn-

254 1108 290 1142 ni
303 1119 424 1143 conatu
437 1109 569 1144 studens
582 1112 709 1145 firmare
719 1111 754 1144 in
768 1111 856 1154 pacis
867 1110 948 1145 odio
957 1133 968 1149 ,
994 1121 1032 1144 ac
1049 1119 1142 1143 retra-

254 1156 334 1193 here
358 1159 399 1193 ab
421 1160 514 1194 omni
531 1160 665 1204 Ioannis
677 1159 895 1201 Patriarchae,
921 1172 960 1195 ac
972 1160 1141 1204 praesertim

255 1209 366 1244 Sanni
387 1209 508 1252 Cyrilli
531 1211 784 1245 communione.
814 1211 887 1244 Nec
912 1210 1029 1244 mirum
1051 1235 1059 1242 .
1088 1210 1145 1243 Et-

253 1259 347 1292 enim
360 1259 507 1294 Helladii
519 1260 727 1304 Rescriptum
737 1262 840 1295 fuerat
858 1260 1067 1294 flussuatione
1080 1260 1143 1302 ple-

254 1318 338 1342 num
361 1333 373 1349 ,
398 1309 570 1345 manifeste
590 1312 739 1346 emissum
760 1311 778 1345 a
797 1310 974 1354 cespitante
1008 1313 1122 1344 animo
1137 1335 1144 1341 .

256 1358 351 1392 Hinc
374 1359 563 1395 Alexander
582 1370 650 1395 non
671 1360 763 1396 exuit
785 1372 919 1395 omnem
943 1361 1031 1404 spem
1051 1385 1062 1402 ,
1090 1360 1143 1394 sed

254 1408 378 1442 censuit
389 1409 499 1444 denuo
521 1411 733 1445 tentandum.
763 1412 848 1445 Duae
867 1412 1036 1455 praesertirn
1049 1411 1144 1444 ratio-

254 1469 314 1492 nes
325 1457 518 1494 Helladium
530 1460 738 1495 infleRebant
749 1461 790 1495 ad
814 1461 1081 1505 dispensatorium
1092 1460 1143 1495 de-

254 1508 405 1543 scensum
425 1510 461 1542 in
483 1509 569 1544 hanc
591 1523 660 1546 non
673 1511 768 1555 plene
777 1512 892 1545 restam
906 1523 1039 1555 pacem:
1067 1512 1145 1553 Spes

254 1558 305 1591 sui
326 1557 445 1602 Populi
465 1560 610 1594 servandi
635 1560 653 1593 a
674 1560 881 1604 gravioribus
892 1560 1006 1600 malis,
1032 1561 1066 1593 <Sc
1081 1561 1146 1593 Re-

252 1607 400 1641 verentia
411 1606 574 1651 Principis
583 1633 591 1640 .
618 1609 684 1646 Eas
697 1608 886 1644 Alexander
897 1620 953 1652 per
964 1611 1141 1653 presentem

252 1655 426 1699 epistolam
438 1656 646 1692 machinatur
657 1658 822 1694 infirmare
832 1686 839 1694 .
868 1658 924 1694 Ad
934 1661 1072 1703 primam
1084 1661 1141 1694 res-

253 1706 381 1749 pondet
401 1706 568 1750 Populum
587 1708 646 1742 ista
669 1710 722 1743 via
732 1709 919 1744 nullatenus
930 1709 1119 1745 servandum
1132 1733 1142 1750 ,

252 1755 310 1790 sed
334 1756 502 1791 manifeste
524 1758 792 1802 praecipitandum
813 1759 847 1793 in
871 1759 1026 1794 Haeresim
1040 1785 1048 1792 .
1075 1764 1142 1805 Ego

253 1815 355 1840 autem
376 1818 462 1850 rogo,
489 1807 598 1853 inquit
608 1832 620 1848 ,
645 1818 681 1842 ut
702 1811 782 1844 illud
799 1818 898 1843 mente
915 1815 1064 1856 percipiat
1080 1813 1141 1843 Deo

256 1856 397 1889 amabilis
411 1860 520 1890 Anima
531 1866 584 1891 tua
593 1860 671 1900 quod
679 1865 778 1903 utique
780 1868 837 1902 per
847 1860 944 1894 orbem
953 1868 1082 1903 tempore
1090 1859 1140 1900 isto

250 1905 371 1949 publica
392 1912 526 1940 exeritur
544 1910 674 1942 audacia
690 1909 728 1943 ab
739 1910 952 1955 aegrotantibus
963 1922 998 1944 ea
1009 1909 1140 1952 Haerefi‚

255 1967 325 1998 quae
337 1964 430 1999 nuper
438 1957 551 1999 emerfit
561 1983 573 1999 ,
598 1968 651 1992 aut
662 1966 689 1992 et
698 1961 851 2002 praebemr
863 1961 939 1994 locus
949 1961 988 1994 ab
997 1966 1039 1994 eis
1051 1984 1064 2000 ,
1087 1966 1142 2003 qui

254 2006 309 2049 effe
322 2004 394 2048 sani
416 2007 575 2041 videntur.
605 2008 759 2045 Affirmat
780 2010 1064 2054 CyrilliCapitula
1077 2011 1138 2044 effe

254 2055 424 2090 evidenter
452 2069 573 2091 novam
594 2058 745 2092 Haeresim
758 2083 769 2099 ,
794 2060 829 2092 &
847 2059 947 2102 ipsam
959 2060 1003 2093 ab
1012 2059 1140 2102 ejusSe-

253 2104 430 2139 (tatoribus
442 2105 572 2140 defendi
591 2107 624 2140 δι
636 2108 805 2153 propagari
818 2119 892 2142 cum
905 2108 1034 2152 publica
1045 2107 1141 2142 auda-

253 2155 327 2195 cia,
352 2154 385 2188 &
405 2154 512 2190 eidem
531 2156 574 2190 ab
594 2156 803 2191 orthodoxis
821 2157 947 2200 praeberi
963 2158 1140 2192 diffimula·

251 2204 354 2238 tionis
366 2204 513 2237 fomenta
529 2228 536 2234 .
563 2204 795 2251 Qodnempe
805 2205 999 2241 orthodoxi
1011 2207 1061 2239 illi
1075 2207 1138 2248 Cy-

250 2253 362 2287 rillum
387 2263 456 2287 non
479 2262 636 2298 cogerent
654 2253 694 2287 ad
707 2256 760 2288 sua
774 2254 927 2297 Capitula
938 2253 1054 2287 diserte
1066 2265 1140 2288 ana-

251 2301 496 2338 thematizanda
519 2327 527 2335 .
555 2301 708 2337 Affirmat
730 2304 818 2338 hisce
847 2301 1048 2338 facinoribus
1071 2314 1138 2337 non

249 2355 341 2397 poste
353 2364 464 2387 amore
477 2352 567 2396 pacis
579 2355 771 2395 conniveri,
798 2353 850 2388 sed
863 2352 903 2388 ad
918 2353 985 2398 ipsa
996 2364 1139 2388 everten-

253 2401 294 2434 da
305 2403 367 2435 effe
378 2402 601 2436 sustinendum
614 2401 751 2437 exilium
763 2428 775 2444 ,
800 2404 1055 2445 persecutiones,
1069 2414 1140 2438 om-

253 2462 331 2485 nem
354 2451 489 2494 speciem
514 2461 773 2489 tormentorum.
800 2453 877 2489 Hac
900 2451 994 2488 unica
1019 2453 1141 2488 vinser-

254 2500 398 2537 vandum
412 2501 577 2548 Populum
590 2526 599 2537 .

425 2710 686 2760 CAPUT
723 2714 929 2762 chvt.
966 2727 1136 2777 m254

253 2853 286 2891 E
281 2847 404 2903 ptstola
425 2850 644 2898 Theodoreti,
665 2852 807 2906 inquit,
835 2851 990 2906 Epiftopi
1007 2853 1052 2892 ad
1071 2859 1138 2894 Deo

312 2904 566 2960 Amiczffimum
615 2906 817 2960 Epifiopum
860 2912 1105 2952 ,Alexandrum
1124 2937 1137 2956 2

309 2976 413 3016 quam
443 2962 580 3017 scripfit
612 2966 787 3019 postquam
822 2966 980 3021 ingrcffits
1007 2970 1137 3010 Antio-

307 3021 415 3060 chiam
443 3026 576 3073 Joanni
602 3020 648 3072 est
676 3024 852 3066 collocutus
874 3053 887 3074 ,
914 3026 953 3066 ὠ·
976 3023 1135 3078 praefiztus

308 3079 415 3115 Senex
434 3084 506 3118 Deo
514 3075 747 3132 Amictffimus
766 3082 858 3134 ejus,
886 3084 998 3133 idest,
1026 3084 1134 3122 Theo-

305 3132 434 3180 doreti,
462 3136 663 3187 colloquium
683 3136 923 3191 nontstpaffits
942 3140 1103 3180 ulterz'ics.

251 3238 410 3326 EGO,
435 3241 560 3276 etiamfi
587 3253 639 3277 me
661 3252 717 3277 tua
739 3242 948 3290 Religiofitas
969 3248 1132 3292 persequa-

358 3299 431 3331 tur,
458 3291 491 3325 &
514 3290 611 3335 pellat
628 3317 640 3334 ,
667 3294 702 3327 &
725 3303 833 3329 utatur
855 3297 1000 3331 vectibus
1018 3307 1130 3331 contra

249 3350 315 3377 ms
323 3364 336 3383 ,
363 3350 432 3373 non
444 3340 588 3375 desinam
599 3342 769 3385 procidens
793 3345 969 3391 supplicare
979 3370 992 3389 ,
1017 3347 1050 3383 δε
1064 3358 1131 3393 pro·

351 3388 460 3431 Christ.
474 3393 555 3434 Lupa·
568 3396 668 3436 Opera
679 3395 710 3430 Τ,
716 3396 783 3428 1²11.

1916 190 2012 235 327
2064 208 2066 211 ’

1203 251 1291 286 volvi
1312 251 1449 296 pedibus
1475 251 1544 296 ejus
1555 253 1760 297 sanctitatis,
1784 256 1937 293 &tenere
1956 254 2012 291 illa
2022 268 2078 302 gc-

1205 313 1267 335 nua
1278 325 1290 343 ,
1315 313 1386 346 quae
1402 302 1436 335 in
1449 301 1657 338 orationibus
1668 305 1849 345 expendisti
1862 331 1873 346 ‚
1900 305 1935 341 δι
1947 305 1988 340 ad
1999 317 2081 352 quo-

1204 363 1277 386 rum
1299 350 1494 396 obsequium
1515 352 1655 397 pertinet
1677 351 1820 386 universa
1841 366 1990 400 peragere
2009 380 2022 397 ‚
2045 357 2080 391 ὅ(

1203 402 1319 445 quibus
1326 402 1550 437 testimonium
1560 400 1732 446 perhibent
1742 412 1779 435 ea
1788 425 1799 442 ,
1812 412 1882 443 quae
1894 414 1992 447 nuper
2005 408 2082 440 sunt

1204 453 1291 486 asta.
1317 451 1395 486 Post
1416 452 1524 487 turbas
1545 451 1635 487 enim
1655 449 1771 487 decem
1790 451 1895 484 millia
1917 475 1930 492 ,
1956 453 1990 486 &
2012 466 2083 489 non

1205 502 1370 545 pauciores
1380 502 1640 547 perturbationes
1653 525 1664 542 ‚
1689 512 1767 546 quas
1781 499 1918 536 sustinui
1932 525 1943 540 ,
1967 502 2084 538 videns

1205 553 1239 585 in
1251 563 1374 597 magno
1396 552 1540 597 periculo
1562 553 1690 587 animas
1704 576 1715 593 ,
1740 562 1811 596 quae
1823 551 1998 585 commissae
2009 553 2084 587 sunt

1206 602 1322 642 nobis,
1350 602 1385 636 in
1399 602 1502 637 domo
1527 604 1613 638 facio
1632 600 1802 647 colloquio
1828 600 1978 636 universa
1991 602 2087 636 nobis

1206 662 1259 694 per
1280 650 1419 697 gratiam
1431 653 1497 689 Dei
1520 651 1631 688 votive
1651 654 1776 697 peracta
1798 653 1891 686 sunt.
1919 651 2020 686 Servo
2032 662 2088 685 au-

1206 708 1272 735 tem
1296 703 1514 737 narrationem
1541 702 1763 739 collocutioni
1787 703 1901 737 suturae
1924 726 1932 734 .
1959 700 2090 735 Inveni·

1207 761 1276 784 mus
1295 751 1383 785 enim
1405 752 1439 787 δε
1462 752 1714 789 satisfactionem
1737 778 1749 794 ,
1774 763 1848 796 quae
1873 761 1936 785 tuae
1958 749 2089 786 munda:

1206 801 1413 836 conscientiae
1423 803 1498 838 satis
1509 803 1546 838 fit
1557 826 1569 842 ‚
1592 804 1625 837 δε
1636 803 1678 838 ab
1689 801 1783 837 omni
1793 812 1866 837 eam
1880 799 2091 836 dubitatione

1206 851 1312 885 valeat
1323 853 1511 895 praevenire:
1542 853 1608 887 Cui
1634 852 1778 887 &Isauri
1802 849 1955 889 cedentes
1977 854 2011 889 ὅ(
2026 853 2089 888 Ci-

1206 900 1282 934 lices
1294 924 1304 941 ‚
1325 902 1467 946 amplexi
1479 904 1553 937 sunt
1564 903 1838 938 communionem
1852 904 1893 940 ad
1901 904 2091 940 Dominum

1205 960 1316 984 meum
1328 952 1565 986 Sanciiffinmm
1578 952 1777 996 Episcopum
1801 956 1964 998 Ioannem
1978 981 1986 989 .
2014 956 2094 999 Spe·

1206 1012 1243 1034 ro
1265 1009 1374 1035 autem
1397 1025 1410 1041 ‚
1436 1001 1640 1036 concedente
1662 1003 1740 1036 Deo
1763 1026 1776 1042 ‚
1799 1004 1842 1038 ad
1862 1015 1952 1039 tuam
1978 1005 2093 1041 venire

1206 1050 1415 1085 sanctitatem
1426 1049 1512 1085 circa
1531 1048 1619 1085 diem
1630 1051 1746 1086 mensis
1758 1050 1854 1094 hujus
1873 1055 2068 1099 vigefimum
2081 1079 2092 1088 .

1207 1103 1351 1136 Omnem
1361 1124 1373 1141 ,
1384 1112 1453 1144 quae
1462 1111 1537 1136 cum
1551 1111 1606 1136 tua
1619 1098 1848 1145 Religiolitate
1859 1101 1924 1142 est,
1949 1105 1983 1137 in
1994 1104 2096 1139 Chri-

1208 1151 1257 1185 sto
1269 1151 1518 1185 Fraternitatem
1529 1160 1595 1196 ego
1606 1174 1618 1193 ,
1644 1149 1679 1185 δε
1690 1149 1748 1196 qui
1763 1162 1891 1193 mecum
1907 1152 1981 1187 sunt
1991 1176 2004 1194 ,
2024 1154 2096 1197 plu-

1207 1200 1326 1236 rimum
1350 1201 1546 1237 salutamus.

1403 1359 1889 1409 SenotloN.

1316 1503 1386 1538 AEc
1407 1504 1542 1549 epistola
1560 1529 1571 1546 ‚
1596 1519 1636 1542 ac
1654 1507 1724 1551 ejus
1745 1505 1934 1552 Epigraphe
1954 1517 2017 1543 nos
2039 1508 2098 1543 do·

1341 1565 1417 1589 cent
1432 1557 1543 1599 ,quod
1555 1556 1790 1593 Theodoretus
1806 1555 2023 1592 Antiochiam
2034 1559 2099 1592 ive-

1204 1603 1267 1643 rit,
1293 1605 1396 1639 multa
1419 1607 1558 1641 tractarit
1579 1619 1656 1643 cum
1681 1609 1809 1651 Ioanne
1821 1605 2035 1648 patriarcha,
2059 1618 2098 1641 ac

1204 1652 1332 1687 redierit
1353 1654 1392 1689 in
1417 1655 1486 1699 ejus
1510 1656 1649 1701 gratiam
1668 1680 1675 1687 .
1702 1656 1834 1700 Nempe
1853 1656 1996 1699 Ioannes
2020 1667 2101 1691 con-

1204 1703 1320 1744 sensit,
1346 1714 1382 1738 ut
1409 1715 1509 1739 nemo
1532 1716 1701 1750 cogeretur
1720 1704 1893 1741 admittere
1916 1705 2099 1743 damnatio-

1205 1765 1280 1787 nem
1304 1752 1471 1788 Nestorii·
1498 1756 1671 1794 Secundo,
1693 1756 1783 1800 quod
1797 1755 1987 1791 Alexander
1997 1757 2101 1801 usque

1202 1812 1284 1837 tunc
1294 1804 1390 1837 fuerit
1403 1806 1499 1838 senex
1521 1805 1649 1840 eximiae
1659 1805 1812 1849 pietatis,
1838 1805 1873 1839 δε
1889 1806 2022 1851 grandis
2032 1818 2102 1842 me-

1204 1852 1256 1886 riti
1270 1852 1356 1897 apud
1370 1864 1505 1888 omnem
1527 1855 1702 1890 Ecclesiam
1713 1881 1720 1889 .
1746 1854 1870 1890 Tertio
1883 1880 1895 1897 ,
1906 1856 1995 1898 quod
2009 1856 2099 1892 hunc

1206 1901 1417 1938 Theodoreti
1438 1905 1600 1939 accessum
1621 1905 1748 1941 &Asta
1763 1905 1997 1952 adeoindigne
2008 1918 2100 1942 acce-

1206 1954 1311 1996 perit,
1337 1963 1374 1988 ut
1404 1953 1498 1988 illum
1525 1954 1678 1999 deinceps
1698 1967 1759 1990 nec
1780 1956 1920 1998 aspicere
1941 1957 2100 2001 dignatus

1206 2003 1323 2037 fuerit.
1350 2003 1502 2050 Qand,
1529 2006 1620 2048 quod
1645 2004 1884 2040 Theodoretus
1894 2006 2100 2040 cunstisner-

1208 2052 1255 2084 vis
1267 2051 1424 2085 studuerit
1437 2052 1530 2087 illum
1542 2055 1687 2096 placare,
1717 2054 1751 2087 δε
1763 2054 1805 2088 ad
1817 2054 1892 2087 sana
1902 2054 2034 2089 consilia
2048 2057 2100 2091 in-

1205 2100 1351 2134 flectere.
1379 2100 1536 2148 Qinrd,
1562 2103 1652 2146 quod
1679 2114 1793 2148 pacem
1815 2103 1971 2147 amplexae
1995 2107 2100 2141 essent:

1172 2151 1173 2154 ’
1203 2149 1272 2184 duae
1283 2149 1410 2183 Ciliciae
1419 2151 1454 2184 ἀ
1465 2151 1582 2185 Isauria
1592 2176 1599 2184 .
1614 2152 1726 2188 Tanta
1739 2154 1785 2188 est
1799 2154 1901 2188 virtus
1912 2156 2097 2199 poenalium

1206 2200 1334 2242 Legum
1345 2220 1358 2238 ‚
1382 2198 1416 2231 δε
1441 2199 1560 2232 servilis
1573 2200 1720 2234 timoris.

1382 2410 1646 2460 CAPUT
1680 2375 1908 2478 CLXVII.
1943 2435 2083 2482 -255

1205 2544 1354 2598 Epistola
1375 2573 1388 2593 ,
1418 2546 1539 2602 inquit
1558 2576 1571 2596 ,
1599 2557 1667 2592 Deo
1695 2552 1902 2608 ‘Amictffimi
1928 2556 2086 2612 Episcopi

1260 2604 1463 2644 Alexandri
1486 2633 1499 2653 ,
1536 2621 1601 2659 qua
1640 2607 1807 2662 respondit
1834 2614 1982 2654 indicans
2007 2621 2084 2669 qui-

1258 2659 1334 2698 dem
1359 2658 1471 2713 causas
1499 2690 1512 2710 ,
1538 2678 1605 2717 quae
1642 2667 1681 2706 id
1716 2681 1783 2708 non
1804 2669 1951 2720 sinerent
1979 2669 2084 2722 fieri,

1249 2730 1377 2823 ssogans
1404 2718 1485 2758 verb
1512 2734 1554 2760 ne
1580 2721 1619 2761 ob
1646 2725 1703 2764 hoc
1731 2725 1803 2778 fibi
1829 2726 1870 2766 de
1896 2739 2002 2768 caetero
2028 2734 2084 2771 in-

1286 2786 1418 2816 aretur.

1199 2888 1433 2977 ARbitror
1451 2896 1542 2939 quod
1565 2896 1776 2942 Religiofitas
1796 2906 1851 2942 tua
1877 2908 1947 2934 non
1969 2899 2078 2937 solum

1319 2942 1406 2978 nihil
1415 2946 1560 2980 omiserit
1571 2958 1684 2982 eorum
1694 2972 1708 2990 ,
1731 2959 1803 2993 quae
1811 2947 1854 2983 ad
1863 2947 2076 2986 salvationem

1198 2993 1362 3036 pertinent
1373 2993 1512 3030 infelicis
1521 2997 1635 3031 animae
1657 3009 1756 3039 meae,
1781 2998 1836 3032 sed
1858 2999 1891 3032 δε
1904 2999 2078 3045 Γιῳετεῐεῐ-

1199 3043 1231 3076 sa
1244 3043 1279 3077 sit
1290 3043 1384 3079 illum
1395 3044 1559 3080 Pastorem
1570 3047 1804 3083 velociffimum
1814 3072 1826 3090 ,
1846 3048 1904 3092 qui
1916 3049 1953 3082 in
1966 3049 2075 3085 Evan-

1196 3092 1286 3137 gelio
1295 3094 1416 3139 legitur
1426 3120 1434 3128 .
1460 3095 1520 3130 Ille
1529 3097 1618 3131 enim
1631 3098 1728 3132 semel
1738 3097 1798 3132 ivit
1807 3098 1849 3134 ad
1862 3109 1959 3134 ovem
1970 3123 1983 3141 ,
1991 3110 2075 3144 “quae

1197 3143 1331 3185 perierat
1354 3169 1365 3186 ‚
1391 3144 1645 3189 inquirendam;
1683 3158 1738 3183 tua
1763 3148 1839 3184 vero
1864 3149 2017 3185 Sanctitas
2038 3149 2074 3184 ὄε

1196 3192 1372 3236 nabath,
1397 3206 1507 3230 meum
1530 3207 1701 3239 montem,
1727 3198 1762 3233 ὅ(
1781 3199 2013 3244 Hierapolim,
2038 3200 2072 3233 δε

1194 3243 1342 3290 Zeugma
1352 3269 1364 3287 ,
1389 3246 1422 3280 &
1435 3245 1651 3282 Antiochiam
1665 3259 1753 3282 nnnc
1773 3249 1855 3284 adiit
1872 3249 1913 3285 ad
1927 3252 2071 3284 animam

1194 3304 1299 3328 meam
1321 3320 1332 3336 ‚
1368 3305 1436 3339 quae
1469 3296 1563 3340 periit
1584 3322 1596 3339 ,
1631 3297 1859 3342 inquirendam
1883 3323 1891 3331 .
1928 3299 2070 3343 Quiesce

1194 3343 1315 3389 igitur,
1341 3345 1447 3390 quaeso
1468 3369 1480 3386 ,
1505 3344 1546 3382 de
1564 3357 1682 3390 caetero
1702 3349 1738 3386 δε
1759 3348 1827 3392 ipse
1847 3349 1975 3394 fatigari
1995 3368 2008 3385 2
2032 3346 2069 3383 <Sc

1636 3398 1667 3433 E
1692 3407 1712 3432 e
1759 3409 1784 3436 2
1939 3405 2019 3433 con-
