2320 3730
341 186 437 232 370

339 254 596 309 Concilium
622 268 729 309 tota
767 254 891 304 causa
940 251 1167 306 ἀὶνίίῑῐῖὶά,

338 327 508 389 legatur
541 362 554 386 ,
607 342 695 378 non
749 324 886 372 solum
935 320 1156 385 judicandi

335 394 643 453 Theodorum,
680 392 751 441 sed
771 397 812 438 &
829 393 891 439 ita
905 395 994 455 ejus
1016 428 1029 451 ,
1063 411 1158 460 quae

335 465 643 515 accusabantur
671 498 684 520 ‚
721 463 892 527 Scripta
926 461 1156 524 laudandi,

333 552 383 590 ut
410 540 456 585 in
469 531 673 583 Ecclesiis
701 528 916 598 aPopulis
948 533 1155 583 clamare,

332 622 403 655 tur
437 604 660 652 Orientis:
696 599 852 667 Crescat
882 600 1073 650 Theodori
1095 602 1153 667 fi,

331 675 389 725 des
407 710 419 721 .
460 678 525 721 Sic
554 671 733 720 credimus
753 708 766 732 ‚
791 673 895 736 ficut
921 671 997 740 ipsc}
1028 709 1040 723 .
1078 674 1151 725 Isti

333 760 478 793 autem
493 779 506 804 ,
532 741 668 809 quise
683 742 802 810 quasi
822 744 986 810 Cyrilli
1000 741 1150 810 sequa,

326 832 398 863 ces
441 814 686 876 extollunt,
723 811 854 881 usque
887 812 997 867 adeo
1026 813 1066 862 se
1094 814 1150 862 ab

327 890 417 950 ejus
433 883 630 951 judicum
657 886 965 935 communione
996 882 1150 934 divise,

328 971 430 1004 runt
458 991 472 1015 ‚
508 970 557 1004 ut
586 972 676 1004 non
712 953 848 1004 solum
888 956 1069 1026 Scriptis
1107 959 1148 1003 &

331 1027 501 1074 nomini
538 1024 764 1077 Theodori
802 1025 1032 1076 anathema
1067 1028 1152 1075 iun

325 1098 498 1162 Scripto
511 1094 708 1145 dicerent
721 1130 734 1152 ,
771 1093 843 1140 sed
877 1098 920 1141 &
934 1111 1020 1141 non
1036 1092 1150 1159 judi-

325 1165 528 1215 cantibus
581 1167 624 1214 &
674 1162 1149 1215 anathematizantibus

322 1251 374 1285 ea
412 1270 425 1281 .
479 1236 538 1284 Et
575 1231 659 1281 hoc
710 1247 814 1282 tunc
859 1232 951 1282 fieri
986 1237 1147 1301 coepit,

323 1301 504 1370 quando
531 1319 621 1351 non
643 1339 656 1363 ‚
692 1318 741 1351 ut
776 1301 946 1373 pridem
969 1341 981 1365 ‚
1020 1303 1148 1354 solius

324 1376 529 1425 Orientis
542 1410 556 1434 ,
593 1371 664 1424 sed
681 1375 816 1424 totius
835 1391 934 1423 eum
949 1374 1146 1425 vindica-

323 1445 433 1494 bant
470 1443 608 1493 Orbis
645 1443 845 1493 Ecclesiae
865 1481 877 1492 .
915 1448 1080 1494 Nonne
1116 1445 1146 1494 fi

321 1515 409 1566 hoc
425 1513 524 1567 sane
557 1513 716 1563 factum
730 1512 924 1575 dicatur,
963 1533 1042 1583 pro
1071 1533 1147 1565 an-

254 1629 256 1631 .
322 1588 453 1652 tiqua
489 1587 812 1639 communionis
850 1586 1004 1636 talium
1035 1588 1147 1636 tole-

320 1659 492 1716 rantia,
528 1673 625 1722 quae
661 1673 777 1705 nunc
814 1655 1147 1705 intolerandissi-

320 1744 395 1776 rna
430 1724 647 1791 Judicatur
683 1762 697 1786 ,
745 1724 1144 1793 consequentissime

319 1801 365 1845 &
413 1794 500 1865 ipse
536 1795 734 1861 Cyrillus
775 1795 881 1859 juste
917 1795 1144 1845 damnatus

319 1864 622 1936 proponetur3
661 1864 812 1928 Longe
828 1868 961 1929 igitur
990 1867 1145 1918 mitius

320 1936 508 1986 :facimus
536 1973 549 1998 ,
583 1937 663 2004 qui
696 1951 929 2004 utrumque
951 1936 1147 1987 defendi-

324 2023 423 2053 mus
459 2006 516 2054 ab
551 2008 644 2055 eis:
684 2010 789 2056 Nec
825 2024 958 2057 unum
994 2007 1146 2058 acerbe

324 2073 577 2125 damnando
587 2110 601 2134 ‚
642 2091 724 2123 nec
737 2077 861 2125 alteri
873 2077 1148 2124 rationabili-

325 2161 392 2195 ter
419 2142 668 2211 parcendo.
708 2147 809 2191 Hoc
835 2145 1039 2192 authores
1075 2162 1149 2193 eo-

326 2231 445 2272 rum,
485 2211 532 2259 id
567 2211 628 2260 est
653 2246 665 2269 ‚
705 2211 911 2261 clariores
948 2211 1150 2278 sequaces

329 2281 534 2335 Dioscori
570 2280 719 2331 obruit
747 2316 759 2328 .
813 2283 856 2331 Si
893 2283 1010 2330 enim
1048 2297 1150 2331 tunc

330 2354 529 2422 Cyrillus
544 2349 838 2411 Beatissimus,
876 2355 918 2399 δε
943 2370 1022 2420 per
1048 2354 1152 2400 talia

334 2425 574 2475 reclamans
587 2460 601 2484 ,
637 2420 842 2471 toleravit
865 2436 1012 2470 tamen
1028 2420 1155 2471 solius

334 2496 540 2545 Orientis
577 2493 832 2542 Concilium
867 2528 881 2552 ,
929 2492 1155 2559 quomodo

336 2565 460 2615 vestri
477 2564 698 2613 Authores
718 2560 1072 2612 Chalcedonense
1093 2579 1159 2612 to-

339 2638 425 2684 tius
444 2635 578 2684 Orbis
597 2633 849 2682 Concilium
868 2633 1158 2682 anathemati-

336 2722 440 2754 ·zare
454 2701 806 2770 praesumpserunt
820 2739 833 2763 ,
871 2707 914 2752 &
938 2702 995 2751 ab
1010 2705 1161 2752 Eccle-

342 2775 410 2823 siae
423 2774 587 2840 ubique
600 2771 759 2820 diffusae
778 2771 1027 2840 semetipsos
1043 2792 1162 2822 com-

343 2845 550 2895 munione
585 2841 836 2906 sejungere}
864 2848 969 2907 Jam
1006 2843 1038 2892 fi
1073 2845 1161 2893 haec

346 2913 508 2963 idonea
521 2930 610 2961 non
624 2910 720 2961 sunt
732 2911 788 2960 ad
808 2912 1000 2979 utrisque
1026 2918 1161 2982 parti-

346 2984 427 3033 bus
440 2982 755 3032 ostendendum
770 3020 784 3044 ‚
821 2982 943 3050 quod
971 2987 1163 3041 timore„

330 3051 508 3104 Divini
523 3052 678 3119 judicii
693 3051 873 3102 schisma
890 3053 1133 3121 relinquere
1150 3093 1162 3116 ‚

350 3140 484 3190 atque
519 3123 575 3171 ad
589 3122 752 3172 Christi
788 3123 975 3173 debeant
1011 3128 1164 3175 Eccle-

353 3193 455 3240 fiam
474 3211 688 3254 remeare,
724 3193 835 3261 quid
860 3205 1050 3261 unquam
1075 3195 1163 3245 dici

354 3266 516 3327 poterit
531 3300 544 3322 ,
581 3262 700 3330 quod
714 3265 921 3326 gehennae
934 3280 1072 3314 metus
1084 3303 1096 3326 ,
1122 3272 1164 3316 &

357 3346 522 3398 aeternae
545 3335 648 3384 vitae
682 3332 941 3386 desiderium
965 3336 1163 3389 humanis
1220 3362 1222 3364 ·

719 167 1204 220 VARIORUtM
1264 166 1628 214 vanuum

1288 250 1415 318 poffit
1444 253 1601 301 ani-mis
1629 254 1930 306 commendare
1958 257 1976 306 ἓ
2014 257 2101 310 Per

1290 320 1510 370 Christum
1545 357 1558 382 ,
1601 322 1836 388 quaesumus
1869 363 1884 386 ‚
1915 325 2097 380 universi

1288 394 1369 458 qui
1405 391 1549 454 legitis
1584 428 1597 453 ,
1632 392 1796 442 studete
1831 397 2097 455 meminissQ

1284 474 1383 529 quae
1418 461 1605 514 diximus
1637 482 1650 510 τ
1686 466 1745 513 Et
1778 465 1885 530 quia
1919 465 1977 513 ob
2010 470 2097 519 hoc

1286 531 1424 599 ipsum
1461 537 1504 582 δε
1520 548 1673 583 caetera
1689 535 1855 601 Scripta
1871 533 2025 584 similia
2050 542 2098 590 in

1285 603 1376 652 hoc
1413 602 1636 674 Synodieo
1671 606 1880 656 vertimus
1915 606 1961 654 in
1999 606 2098 676 lati-

1284 690 1416 725 num.

1401 912 1664 983 CAPUT
1698 918 1866 964 CCVI.
1950 928 2091 985 -5295

1214 1050 1382 1120 Epistola
1430 1051 1600 1118 quaedam
1643 1056 1837 1120 Lamponi
1880 1056 2096 1120 Presbytero

1521 1125 1579 1181 &j
1611 1120 1763 1181 Clericis
1778 1156 1793 1170 .

1310 1247 1438 1292 Egente
1451 1258 1505 1282 me
1517 1247 1550 1282 in
1565 1247 1661 1283 AElia
1672 1273 1683 1290 ,
1708 1248 1906 1293 vir-quidam
1918 1248 2096 1294 praecipuus

1334 1308 1449 1332 eorum
1463 1322 1474 1339 ,
1500 1299 1557 1342 qui
1572 1299 1608 1333 in
1621 1298 1750 1334 Palatio
1772 1300 1915 1334 militant
1928 1324 1939 1340 ‚
1966 1300 2096 1344 Episto—

1211 1346 1276 1381 lam
1301 1346 1385 1381 mihi
1410 1347 1532 1382 obtulit
1563 1349 1745 1384 multorum
1757 1350 1934 1389 versuum,
1957 1350 2100 1394 &gran-

1211 1396 1286 1431 dem
1300 1407 1396 1439 atque
1418 1399 1597 1443 signatam,
1624 1400 1710 1442 quasi
1735 1398 2043 1443 quiacceperiteam
2054 1398 2100 1434 ab

1211 1444 1420 1482 Orthodoxis
1433 1446 1637 1483 Antiochiae.
1649 1449 1908 1492 Subscriptiones
1919 1448 1994 1484 vero
2003 1451 2098 1484 erant

1212 1497 1247 1531 in
1272 1508 1310 1531 ea
1324 1498 1504 1533 multorum
1526 1499 1644 1538 valde,
1667 1498 1917 1534 &Clericorum
1931 1523 1943 1540 ‚
1968 1499 2098 1534 &Mo-

1214 1544 1393 1581 nachorum
1407 1572 1418 1588 ‚
1429 1549 1461 1583 &
1475 1549 1653 1583 Laicorum
1669 1574 1677 1580 .
1697 1549 1878 1592 Impetebat
1891 1548 1970 1583 vero
1981 1549 2098 1584 Oriens

1214 1596 1254 1630 tis
1282 1597 1464 1641 Episcopus
1487 1622 1498 1639 ,
1525 1598 1613 1640 qnasi
1637 1599 1797 1633 tacuerint
1815 1597 1948 1642 quidem
1971 1598 2097 1641 pridem

1213 1646 1360 1681 Nestorii
1374 1659 1496 1682 nomen
1509 1672 1521 1688 ,
1548 1649 1582 1682 &
1598 1647 1729 1692 fingunt
1741 1649 1772 1682 se
1784 1648 1815 1682 ei
1828 1648 1979 1683 adversos
1988 1672 2001 1688 ‚
2012 1656 2098 1682 tran-

1214 1694 1361 1730 silierunt
1391 1698 1469 1731 vero
1491 1697 1533 1731 ad
1558 1696 1736 1731 Theodori
1760 1697 1803 1730 de
1823 1696 2099 1732 inhumanatione

1216 1745 1360 1780 Codices
1387 1770 1398 1786 ,
1425 1747 1459 1779 in
1485 1745 1602 1790 quibus
1624 1747 1735 1780 multae
1756 1746 1931 1781 deteriores
1949 1746 2059 1790 jacent
2078 1747 2099 1781 ὲ

1217 1795 1362 1829 Nestorii
1379 1795 1586 1841 blasphemiis
1599 1821 1606 1828 .
1635 1796 1734 1831 Pater
1753 1795 1842 1830 enim
1853 1796 1917 1831 fuit
1935 1797 2029 1832 malae
2039 1797 2100 1832 Se·-

1217 1846 1271 1880 stae
1293 1844 1463 1887 Nestorii,
1492 1847 1549 1890 qui
1570 1846 1691 1891 impius
1714 1846 1881 1891 loquendo
1891 1858 1955 1888 ea,
1981 1845 2101 1891 quail-

1219 1895 1280 1929 lius
1293 1906 1405 1936 erant,
1431 1897 1470 1930 ad
1484 1896 1542 1931 ista
1558 1921 1569 1938 ‚
1597 1896 1761 1941 inquibus
1787 1907 1877 1931 nunc
1899 1896 1966 1938 est,
1992 1906 2102 1940 perve-

1219 1945 1298 1978 nisse
1323 1946 1538 1981 verisimiliter
1559 1943 1644 1980 mihi
1667 1946 1800 1981 videtur
1820 1972 1828 1979 .
1855 1946 1901 1980 Et
1922 1946 2102 1990 scripsimus

1219 1994 1459 2030 Gloriosiffimo
1497 1996 1663 2040 Episcopo
1704 1994 1992 2031 Antiochenorum
2018 2020 2031 2036 ‚
2063 2005 2102 2029 ut

1216 2043 1392 2080 Theodori
1417 2046 1517 2090 impia
1531 2047 1702 2091 Dogmata
1728 2046 1763 2080 in
1785 2045 1928 2082 Ecclesia
1941 2056 2041 2081 nemo
2054 2045 2104 2079 lo-

1217 2101 1354 2136 quatur.

1265 2141 1413 2177 Veniens
1435 2142 1512 2178 vero
1538 2142 1776 2178 Alexandriam
1801 2142 2099 2178 Reverendiffimus

1215 2196 1365 2224 Diaconus
1388 2193 1423 2225 ὅ(
1450 2190 1739 2226 Archi-Mandrita
1761 2194 1933 2226 Maximus
1958 2193 2100 2227 mulu‘im

1215 2241 1371 2275 clamavit
1398 2250 1512 2275 contra
1533 2252 1607 2281 eos,
1633 2242 1689 2285 qui
1719 2242 1793 2275 sunt
1813 2242 1847 2275 in
1872 2242 2031 2281 Oriente,
2055 2242 2103 2276 di-

1215 2300 1290 2324 cens
1314 2289 1404 2334 quod
1426 2290 1619 2326 orthodoxi
1643 2290 1774 2326 nullum
1795 2291 1867 2324 illic
1889 2291 2031 2326 habeant
2055 2292 2103 2326 lo-

1218 2351 1295 2374 cum
1309 2364 1320 2380 ‚
1347 2351 1452 2383 neque
1474 2340 1629 2376 fiduciam
1652 2342 1694 2376 ad
1717 2339 1920 2385 loquendum
1931 2352 2000 2385 quae
2011 2342 2101 2375 restae

1221 2392 1297 2424 sunt
1309 2389 1385 2423 fidei
1398 2415 1405 2422 .
1434 2390 1532 2424 Dixit
1555 2401 1667 2426 autem
1679 2392 1768 2436 quod
1791 2391 1940 2425 simulent
1953 2390 2101 2425 Ecclesiae

1220 2441 1250 2475 se
1275 2439 1469 2483 Symbolum
1493 2441 1642 2476 confiteri
1668 2465 1679 2481 ,
1709 2440 1799 2484 quod
1824 2440 1859 2475 in
1884 2441 1996 2474 Nicaea
2018 2440 2062 2474 est
2082 2441 2102 2475 ὲ

1220 2490 1372 2524 Patribus
1393 2491 1540 2532 editum,
1567 2492 1819 2535 interpretentur
1844 2490 1923 2524 vero
1945 2490 1979 2524 id
1998 2489 2099 2524 male.

1222 2540 1264 2574 Et
1275 2538 1422 2574 hortatus
1433 2551 1485 2574 me
1496 2540 1566 2583 est,
1593 2551 1775 2577 utomnem
1797 2541 2035 2583 expofitionem
2046 2551 2101 2575 eo-

1221 2602 1314 2631 rum,
1341 2591 1396 2633 qui
1410 2590 1526 2624 Nicaeae
1536 2601 1781 2630 convenerunt,
1808 2589 1893 2624 clare
1912 2590 2100 2633 interpreta-

1221 2651 1292 2680 rer,
1319 2639 1409 2683 quod
1437 2651 1507 2673 non
1531 2641 1735 2683 subreperent
1761 2639 1861 2673 altera
1883 2650 1942 2682 pro
1965 2639 2099 2679 alteris,

1220 2699 1404 2733 exponens.
1437 2688 1541 2735 Qod
1565 2690 1693 2724 &feci-
1722 2688 2099 2732 Deportate-igiturTo-

1221 2750 1291 2773 mos
1303 2763 1315 2780 ‚
1341 2748 1377 2772 ut
1389 2738 1568 2773 offerantur
1591 2739 1625 2774 &
1638 2738 1794 2773 Piiffimis
1805 2737 2045 2779 Dominabus,
2066 2738 2100 2773 &
2115 2770 2118 2774 ,

1223 2789 1375 2824 Amatori
1387 2786 1509 2823 Christi
1521 2800 1558 2823 ac
1570 2789 1719 2823 Piiffimo
1730 2789 1882 2823 Domino
1897 2812 1903 2819 .
1919 2788 1995 2822 Feci
2008 2788 2101 2826 enim

1222 2840 1255 2874 in
1279 2838 1477 2874 membranis
1499 2838 1568 2873 fieri
1591 2839 1742 2874 Tomum
1763 2865 1770 2872 .
1799 2837 2103 2881 Contrena.igitur

1222 2902 1297 2925 eum
1311 2913 1321 2930 ,
1348 2889 1481 2932 quando
1506 2888 1589 2924 bene
1606 2890 1637 2924 se
1656 2887 1772 2924 habere
1794 2888 2017 2932 conspicitis,
2042 2897 2101 2929 op-

1225 2938 1368 2985 portune'
1375 2939 1514 2982 proferre
1527 2965 1534 2973 .
1562 2940 1704 2983 Oportet
1725 2940 1813 2973 enim
1826 2949 1887 2971 nos
1908 2937 2028 2978 ubique
2040 2947 2100 2979 pro

1223 2992 1304 3025 resta
1315 2989 1381 3023 fide
1393 2999 1512 3023 certare
1524 3012 1535 3028 ,
1561 2990 1595 3023 &
1605 3001 1676 3025 eam
1687 3014 1700 3030 ,
1725 3001 1795 3033 quae
1804 2996 1918 3022 contra
1931 2985 2101 3020 Christum

1223 3041 1362 3077 excitata
1373 3040 1417 3072 est
1430 3065 1440 3080 ,
1469 3040 1674 3083 impietatem
1688 3065 1699 3082 ,
1710 3038 1869 3083 quantum
1881 3036 2029 3083 poffibile
2039 3035 2109 3079 est*

1224 3101 1348 3127 tentare
1363 3099 1399 3125 ut
1418 3089 1436 3124 e
1448 3089 1557 3126 medio
1569 3091 1731 3125 auferatur
1740 3115 1749 3125 .
1984 3100 1986 3102 ’

1822 3416 1825 3433 ,
1881 3367 2056 3427 CAPUT
