2320 3730
98 587 159 616 Em.
186 590 258 618 Nor.

97 625 171 673 legit
198 630 256 660 Co·
300 631 303 634 ’

97 675 175 704 ryci.

93 785 152 815 Em·
173 786 247 816 Nor.

92 825 165 862 legit
202 826 253 863 Ju-

91 864 206 904 nopolis
219 887 229 900 ‚

351 218 422 264 94

332 299 390 328 21.
418 284 565 328 Cyrill-us
577 285 760 332 Episcopus
774 285 918 324 Adanae.

334 348 389 373 22.
417 336 548 371 Fritilas
563 336 746 383 Episcopus
757 338 942 373 Heracleae.

332 397 386 434 23.
416 386 574 430 Cyriacus
596 387 777 433 Episcopus
797 384 1113 431 Diocletianopolis,

329 446 385 484 24.
412 436 604 472 Antiochus
614 438 795 482 Episcopus
803 439 993 473 Bostrorum
1005 462 1012 469 .

327 498 373 533 25
382 512 389 520 .
416 488 538 523 Daniel
551 489 731 532 Episcopus
743 487 1044 531 Faustinianopolis
1053 513 1062 525 ,

330 537 386 576 26.
413 537 631 572 Marcellinus
653 539 834 583 Episcopus
855 539 966 571 Arcas.

326 598 383 634 27.
419 588 576 623 Salustius
599 589 780 633 Episcopus
798 593 914 621 Coriae.

326 636 384 676 28.
412 638 553 681 Jacobus
566 639 746 683 Episcopus
768 637 960 674 Dorostoli‚

327 699 385 736 29.
413 687 658 732 Theophanius
671 688 851 731 Episcopus
860 684 1093 733 Philadelphiae
1102 714 1109 726 ,

327 749 381 786 30.
408 738 570 774 Meletius
592 738 770 782 Episcopus
800 736 1056 774 Neo-Caesareae.

323 799 343 836 3
351 801 378 825 1.
408 789 580 834 Diogenes
592 787 772 830 Episcopus
784 788 942 828 Ninopolis
950 814 957 821 .

324 849 380 886 32.
405 836 641 873 Polichronius
651 837 833 880 Episcopus
846 836 1037 881 Epiphaniae
1047 867 1056 876 .

322 899 379 938 33.
406 886 597 930 Hesychius
609 885 787 930 Episcopus
811 885 1078 928 Castabalorum.

320 948 374 986 34.
404 935 571 979 Trajanus
581 937 763 980 Episcopus
776 936 935 982 Augustae
944 966 951 973 .

318 997 373 1034 35.
400 985 510 1030 Cyrus
521 986 702 1030 Episcopus
725 986 931 1030 Marcopolis
946 1015 953 1023 .

317 1036 373 1085 36.
404 1034 641 1071 polichronius
652 1036 833 1081 Episcopus
844 1039 1028 1077 Heracleae.

315 1097 371 1136 37.
398 1085 571 1121 Helliades
591 1087 773 1132 Episcopus
793 1088 1002 1133 zeugmatis.

298 1160 300 1162 v
315 1134 373 1185 38.
400 1134 591 1172 Anastasius
606 1138 790 1181 Episcopus
803 1137 953 1174 Tenedi.

312 1187 369 1235 39.
397 1185 652 1222 Valentinianus
663 1189 843 1232 Episcopus
854 1189 952 1224 Malli
963 1217 972 1227 ,

307 1246 367 1285 40.
397 1236 546 1280 Julianus
559 1238 738 1281 Episcopus
749 1237 895 1272 Lariffae.

305 1297 365 1335 41.
390 1287 567 1333 Diogenes
581 1289 761 1332 Episcopus
773 1287 976 1324 seleucobeli
986 1316 994 1327 .

305 1349 363 1384 42.
392 1335 590 1374 Theotistus
608 1339 790 1383 Episcopus
801 1338 966 1376 Caesareae,

253 1456 438 1523 Piiffirm's
483 1464 543 1507 (θ’
576 1465 721 1512 Amicis
767 1459 862 1508 Chri
894 1466 907 1508 i
934 1465 1147 1529 ‘Imperato-

321 1530 424 1577 ribus
459 1527 660 1595 Theodofio
683 1567 697 1592 ‚
733 1535 792 1576 Φ
840 1531 1094 1581 Valenti-aiano
1123 1569 1137 1593 ,

324 1599 503 1666 Augustis
537 1636 551 1659 ,
600 1600 768 1656 synodus
813 1602 959 1653 SanHa
1003 1640 1017 1664 ,
1067 1622 1145 1672 quae

323 1673 360 1721 in
395 1666 589 1741 Ephefhm
638 1688 861 1740 congregata
895 1672 966 1737 cst.

329 1842 463 1898 EdostiN
478 1851 522 1877 ex
547 1841 666 1878 litteris
693 1844 972 1879 Sanstiffimorum
1006 1844 1041 1878 &
1064 1845 1142 1878 Deo

253 1892 523 1929 amiciffimorum
550 1893 903 1927 Comministratorum
930 1893 1141 1934 nostrorum,

251 1944 311 1989 qui
334 1943 375 1978 ad
388 1943 481 1987 pium
495 1942 705 1977 Comitatum
716 1943 856 1978 vestrum
882 1955 941 1987 pro
954 1952 1024 1978 tota
1036 1944 1144 1986 Syno-

251 1995 298 2029 do
309 1993 534 2032 advenerunt,
560 1993 651 2035 quod
676 1993 999 2026 &introituseorum
1013 1993 1143 2036 proprie

251 2045 271 2082 a
285 2043 386 2079 vestra
397 2041 524 2078 Pietate
546 2042 711 2085 susceptus
732 2042 791 2083 fit,
816 2042 924 2085 &pro
935 2042 987 2086 pia
999 2042 1063 2077 fide
1077 2042 1141 2075 Im-

251 2092 332 2142 perii
346 2092 441 2127 vestri
453 2091 562 2126 zelum
574 2115 586 2133 ,
613 2091 658 2125 ita
669 2090 819 2125 delectati
831 2092 943 2127 sumus
954 2116 965 2133 ,
985 2101 1142 2135 tanquam

253 2146 275 2178 si
286 2156 362 2181 cum
376 2141 513 2187 praefatis
525 2141 692 2185 praesentes
705 2141 871 2176 fuissemus
882 2166 894 2183 ,
915 2152 1055 2186 cumque
1066 2141 1139 2186 ipfis

252 2193 465 2238 tranquillam
485 2191 619 2226 Pietatis
654 2191 764 2226 vestrae
791 2192 910 2227 faciem
931 2192 1137 2227 vidissemus.

253 2243 610 2290 Cognovimusenim‚
636 2241 875 2286 quomodoilla
889 2242 1043 2286 quidem,
1070 2253 1138 2285 quae

252 2292 526 2330 Adversatiorum
547 2292 621 2326 sunt
642 2316 654 2332 ,
681 2292 941 2336 insusceptibilia
968 2294 1052 2327 fasta
1076 2293 1140 2326 sint

252 2346 358 2381 vestro
376 2342 464 2388 justo
490 2342 641 2386 Judic10‚
669 2343 883 2377 Nicaenorum
905 2341 982 2379 vero
1004 2342 1140 2381 Patrum

252 2395 353 2435 fides,
378 2405 438 2438 pro
448 2404 513 2437 qua
531 2393 742 2437 &praesentes
754 2393 830 2427 Deo
853 2392 1037 2427 amiciffimi
1063 2393 1141 2435 Epi-

253 2447 365 2489 scopi,
386 2445 421 2478 &
435 2454 495 2477 nos
505 2453 637 2486 quoque
647 2453 809 2477 certamus
820 2466 831 2481 ‚
858 2442 959 2486 digna
973 2442 1143 2484 susceptio-

254 2508 297 2531 ne
309 2493 442 2540 probata
454 2493 491 2526 sit
505 2516 512 2524 .
537 2491 581 2525 Et
592 2491 757 2526 'credimus
771 2517 783 2535 ,
805 2492 884 2535 quia
907 2492 950 2524 sic
970 2501 1012 2524 ex
1026 2491 1144 2525 Domi-

256 2558 302 2580 no
326 2544 427 2579 vestra
450 2542 580 2576 Pietate
605 2541 769 2585 pendente
788 2567 799 2583 ,
827 2541 869 2576 ab
893 2539 946 2575 his
967 2541 1024 2585 qui
1040 2551 1145 2576 tenta-

257 2605 372 2630 verunt
400 2617 411 2634 ,
445 2591 632 2625 nullatenus
657 2591 922 2626 commovebitur
948 2590 1142 2636 Apostolica

257 2646 339 2682 fides
352 2669 363 2685 ,
388 2654 444 2686 per
463 2652 561 2683 quam
573 2643 591 2676 a
613 2641 886 2686 Progenitoribus
909 2641 991 2676 olim
1004 2641 1142 2676 vestrum

258 2704 373 2737 regnat
388 2692 584 2736 Imperium.
618 2692 663 2724 Et
673 2703 788 2728 ornnes
811 2693 1012 2737 alienigenas
1037 2690 1144 2725 subdi·

260 2755 313 2781 tos
324 2743 440 2778 habet.
470 2740 513 2774 Et
536 2742 620 2775 circa
644 2739 712 2776 haec
733 2743 909 2788 gratidicas
936 2753 1031 2777 voces
1050 2742 1145 2777 &in-

261 2804 368 2831 tentas
392 2805 450 2839 pro
475 2791 600 2826 Pietate
623 2792 723 2827 vestra
745 2793 988 2837 deprecationes
1011 2793 1145 2827 consue·

262 2846 294 2880 te
319 2843 498 2879 obtulimus
519 2853 595 2877 cum
615 2842 718 2877 multa
732 2845 885 2879 Domino
907 2841 1043 2878 Christo
1064 2842 1140 2877 latti-

263 2897 308 2931 tia
320 2920 327 2927 .

313 2945 487 2995 Qoniam
508 2941 586 2978 vero
611 2943 714 2979 multa
737 2942 871 2987 quidem
891 2943 1012 2978 fiducia
1032 2945 1078 2978 est
1091 2943 1144 2977 Sa-

265 2994 449 3031 cerdotibus
469 3005 581 3029 coram
594 2995 702 3029 vestro
722 2994 887 3039 Imperio,
908 2994 1010 3027 &illa
1032 2993 1062 3028 ei
1075 2993 1145 3027 infi-

267 3058 365 3080 nuare
387 3045 606 3090 praesumimus
616 3069 628 3086 ,
649 3056 720 3089 quae
733 3046 767 3079 in
779 3046 951 3089 angustam
963 3055 1024 3078 nos
1037 3045 1146 3077 aestua-

267 3097 392 3131 tionem
417 3096 599 3137 miserunt,
623 3105 763 3139 quorum
787 3094 992 3130 curationem
1015 3104 1146 3137 quoque

267 3145 473 3188 deposcimus
488 3172 495 3179 .
520 3145 626 3180 Unde
642 3147 842 3189 quaesumus,
866 3157 904 3179 ac
929 3144 1147 3187 nosmetipsos

268 3196 497 3241 prosternimus
521 3195 667 3238 vestigiis
684 3197 814 3235 vestris,
833 3205 870 3229 ut
891 3206 967 3229 cum
990 3194 1147 3237 patientia

269 3255 331 3279 nos
355 3241 538 3283 humillime
558 3245 776 3287 supplicantes
801 3244 910 3280 Pietas
932 3245 1032 3278 vestra
1052 3244 1148 3277 susci-

270 3294 339 3338 piat
362 3305 420 3336 pro
446 3293 501 3326 illa
521 3294 655 3337 persona
678 3317 688 3333 ,
711 3296 764 3329 cui
788 3293 1004 3339 praejudicium
1028 3295 1147 3328 fastum

271 3345 317 3379 est
339 3343 379 3377 ab
399 3342 451 3376 his
473 3366 485 3382 ,
515 3344 572 3383 qui
592 3341 741 3377 haeretica
775 3345 897 3389 Cyrilli
927 3343 1147 3379 Alexandrini

269 3391 427 3442 capitula
439 3393 643 3436 susceperunt
653 3416 664 3434 ,
688 3390 952 3441 impletatemque
964 3405 1078 3430 contra
1091 3394 1125 3429 id
1134 3419 1149 3436 ,

701 200 1035 248 Varnenum
1069 201 1316 248 Pii-raum
1351 198 1682 263 EPISTOLAE,

1224 283 1315 328 quod
1327 285 1522 322 Divinitatis
1541 291 1610 331 est,
1635 290 1810 326 effecerunt
1822 316 1829 324 .
1851 290 1924 340 Qi
1944 291 2033 327 enim
2044 291 2103 329 hae-

1225 335 1325 369 retica
1346 335 1501 380 Capitula
1537 338 1851 376 subintroduxerunt
1867 366 1879 383 ,
1912 343 2105 378 Sanitorum

1225 384 1359 419 Patrum
1382 385 1652 430 perturbaverunt
1683 389 1782 424 fidem
1803 414 1815 430 ‚
1837 392 1926 435 quod
1952 393 1993 428 ad
2016 394 2104 438 ipsos

1226 436 1384 479 pertinet,
1413 437 1449 471 in
1472 437 1543 481 ipsis
1564 438 1672 472 Gestis
1687 463 1694 470 .
1717 438 1762 472 Et
1786 439 1935 476 illicitam
1953 445 2104 478 fecerunt

1224 485 1480 529 depositionem.
1508 488 1551 523 Et
1562 488 1747 528 credimus,
1769 489 2102 534 quiaindeclinabili‚

1224 538 1371 580 restoque
1392 538 1522 580 Judicio
1549 540 1653 573 vestro
1671 539 1793 582 justum
1814 539 1953 576 minime
1974 554 2102 587 appare-

1224 585 1272 620 bit
1291 612 1302 628 ‚
1328 588 1640 624 condemnationem
1662 589 1701 623 ab
1720 591 1781 623 Illis
1801 591 1916 626 saetam
1935 603 2104 636 permane-

1221 647 1255 671 re
1263 661 1274 677 ,
1292 648 1374 681 quos
1385 637 1551 674 haereticos
1560 640 1700 685 dignum
1711 640 1751 682 est
1761 641 1975 678 condemnari
1986 669 1998 686 ‚
2020 641 2103 679 dum

1221 688 1365 722 convicti
1377 688 1438 723 fint
1461 688 1604 725 h-aeretici
1617 693 1680 726 effe
1691 717 1699 724 .

1269 738 1352 786 Qae
1363 739 1441 773 vero
1458 739 1500 774 ab
1519 741 1565 775 eis
1576 741 1658 776 sacta
1672 742 1747 775 sunt
1771 741 1932 777 &contra
1952 743 2105 779 Canoni-

1218 800 1273 824 cas
1296 790 1478 824 sanctiones
1498 815 1509 831 ,
1533 792 1568 825 <Sc
1592 790 1748 835 piiffimas
1769 791 1893 827 litteras
1911 817 1923 834 ,
1947 793 1967 828 a
1986 794 2102 830 multis

1217 840 1282 883 jam
1293 840 1513 881 particulatim
1522 838 1640 875 didicit
1651 842 1827 886 Imperium
1837 844 1996 883 vestrum,
2018 845 2103 879 dum

1218 890 1274 924 ille
1285 913 1297 934 ,
1320 890 1375 936 qui
1390 890 1431 924 ab
1444 889 1492 937 eis
1513 889 1707 938 injustitiam
1718 893 1851 940 pertulit
1864 917 1875 937 ,
1896 894 1931 927 in
1945 893 2103 939 ullolnec

1217 941 1328 976 vestris
1350 940 1573 975 sanstionibus
1596 943 1795 976 contra-isset
1815 968 1827 984 ,
1849 944 1884 978 &
1898 943 2100 980 Ecclesiasti-

1215 1002 1288 1025 cam
1312 991 1412 1026 fidem
1444 989 1646 1026 orthodoxe
1670 993 1863 1036 praedicasset
1890 1019 1897 1026 .
1931 994 2022 1028 Nam
2053 992 2107 1036 etfi

1217 1040 1282 1084 ipse
1302 1040 1490 1086 hujusmodi
1515 1041 1555 1084 fit
1573 1066 1584 1082 ‚
1606 1047 1658 1085 qul
1679 1043 1785 1076 millies
1801 1043 1926 1087 fugiens
1954 1045 2103 1078 tumultus

1212 1100 1341 1132 caveat,
1364 1094 1556 1135 &privatim
1579 1104 1668 1136 agere
1679 1094 1766 1126 malit
1778 1118 1789 1135 ,
1814 1093 2030 1128 metuendum
2053 1103 2102 1129 ta-

1214 1151 1289 1174 men
1313 1143 1379 1183 est,
1402 1153 1443 1175 ne
1469 1141 1546 1184 fidei
1567 1141 1650 1186 laesio
1672 1153 1881 1185 quaecumque
1898 1145 2075 1189 contingat
2090 1167 2103 1188 ,

1212 1189 1254 1224 εό
1276 1190 1367 1232 quod
1392 1191 1509 1225 illicita
1546 1189 1604 1224 illa
1621 1190 1760 1234 dejectio
1783 1192 1825 1226 ab
1849 1193 1914 1227 illis
1934 1195 2018 1229 faCta
2037 1194 2097 1235 fit,

1212 1240 1269 1282 qui
1280 1240 1429 1279 haeretica
1440 1242 1472 1275 su
1476 1238 1656 1284 perduxere
1667 1242 1824 1287 Capitula
1837 1267 1845 1275 .

1353 1366 1411 1414 Et
1449 1359 1784 1429 subscriptiones
1795 1398 1809 1412 .

1395 1557 1902 1602 SenotloN.

1318 1692 1387 1730 AEc
1402 1692 1551 1737 Epistola
1570 1693 1615 1727 est
1626 1691 1809 1731 Orientalis
1819 1693 1906 1738 apud
1929 1690 2098 1737 Ephesum

1340 1744 1506 1779 Factionis
1516 1743 1716 1787 responsoria
1726 1743 1768 1777 ad
1780 1742 2016 1788 praecedentem·
2023 1744 2097 1780 sub-

1207 1805 1279 1829 rum
1303 1795 1505 1840 Legatorum
1519 1820 1526 1826 .
1554 1793 1672 1828 Exstat
1694 1794 1729 1827 in
1741 1793 1966 1837 synodalibus
1982 1792 2098 1837 Attis,

1206 1854 1350 1879 attamen
1378 1846 1413 1879 δε
1438 1845 1662 1879 Caffinensem
1683 1845 1932 1880 translationem
1951 1842 2097 1888 judicavi

1207 1893 1407 1938 vulgandam
1426 1917 1438 1934 ‚
1463 1893 1509 1928 ob
1529 1894 1636 1937 plures
1647 1894 1791 1928 tationes
1807 1918 1815 1925 .
1840 1893 1981 1934 Primo,
2006 1892 2099 1936 quod

1207 1942 1324 1978 habeat
1338 1943 1514 1988 subscripta
1526 1946 1680 1978 omnium
1695 1943 1934 1987 Episcoporum
1946 1943 2096 1979 nomina.

1208 1993 1251 2027 Et
1266 1994 1352 2028 inter
1363 1995 1450 2036 ipsos
1463 1995 1511 2027 est
1531 1994 1640 2036 Cyrus
1651 1993 1836 2035 Tyriorum
1856 1991 2076 2036 Metropolita
2086 2017 2099 2036 ,

1206 2043 1259 2076 cui
1284 2043 1429 2077 succeffit
1440 2042 1564 2077 Comes
1580 2043 1738 2076 Irenaeus.
1767 2041 1878 2077 Etiam
1898 2043 1944 2077 est
1964 2041 2099 2078 Rabbu·

1208 2092 1256 2125 lus
1267 2117 1277 2132 ,
1304 2094 1357 2126 seu
1370 2091 1536 2126 Rabbulas
1545 2092 1669 2126 Edeffae
1681 2092 1899 2137 Metropolita
1911 2117 1924 2134 ‚
1950 2093 2006 2127 cui
2027 2094 2097 2128 suc-

1204 2142 1293 2176 ceffit
1307 2142 1395 2176 Ibas.
1422 2141 1570 2177 Proinde
1582 2141 1656 2177 lbas
1669 2139 1785 2186 Ephesi
1797 2154 1868 2177 non
1888 2143 1951 2178 fuit
1962 2143 2098 2187 Episco-

1206 2203 1265 2236 pus
1277 2217 1285 2225 .
1313 2193 1472 2227 Attamen
1482 2192 1628 2226 omnino
1639 2192 1703 2226 fuit
1716 2217 1724 2224 .
1751 2192 1883 2238 Nempe
1893 2192 2069 2236 Presbyter
2080 2217 2093 2233 .

1204 2244 1237 2276 in
1253 2243 1411 2277 societate
1437 2254 1475 2277 ac
1489 2242 1672 2277 ministerio
1685 2241 1864 2277 Rabbulae.
1893 2240 1937 2276 Ei
1948 2243 2095 2278 succeffit

1204 2303 1294 2327 anno
1313 2293 1482 2338 trigesimo
1502 2292 1701 2327 sextoistius
1722 2292 1830 2327 saeculi
1846 2318 1854 2326 .
1880 2292 2030 2329 Secunda
2050 2303 2098 2328 ra·

1205 2344 1254 2378 tio
1268 2345 1315 2378 est
1328 2368 1339 2384 ,
1365 2343 1453 2385 quod
1470 2342 1665 2378 Caffinensis
1675 2342 1847 2376 translatio
1858 2342 1893 2376 in
1907 2341 2095 2387 Epigraphe

1206 2394 1426 2436 praetermittat
1437 2392 1632 2427 Helladium
1643 2391 1865 2427 Ptolomaidis
1878 2392 2094 2437 Episcopum,

1205 2452 1308 2476 unum
1320 2443 1338 2476 ὲ
1349 2442 1484 2486 Legatis
1497 2466 1506 2474 .
1531 2442 1642 2484 Ipsum
1655 2440 1732 2474 vero
1744 2442 1841 2484 pouit
1852 2442 1988 2486 vulgata
2000 2444 2098 2477 trans-

1206 2491 1288 2526 latio
1301 2516 1308 2524 .
1336 2490 1440 2526 Poffit
1463 2491 1669 2536 Legatorum'
1689 2489 1814 2525 litteras
1836 2492 1976 2535 portass'e
1990 2490 2100 2535 Ephe-

1206 2543 1274 2576 sum
1286 2567 1297 2583 ,
1323 2553 1362 2576 ac
1382 2541 1463 2575 item
1482 2541 1625 2574 retulisse
1638 2540 1868 2582 Responsum,
1893 2549 1993 2583 atque
2017 2542 2099 2577 ideo

1205 2591 1267 2626 effe
1279 2591 1517 2634 praetermiffus.
1546 2588 1677 2622 Veritas
1686 2587 1783 2622 latet.
1811 2588 1927 2624 Tertia
1939 2590 2024 2625 ratio
2035 2593 2096 2632 est,

1205 2640 1294 2684 quod
1305 2639 1500 2674 Caffinenfis
1513 2638 1685 2672 translatio
1696 2637 1843 2680 quaedam
1854 2639 1993 2684 vulgatae
2005 2651 2095 2675 men-

1205 2690 1247 2725 da
1257 2689 1409 2725 emendet
1423 2712 1431 2720 .
1459 2687 1608 2721 Primum
1630 2687 1724 2722 estin
1737 2687 1806 2731 ipso
1823 2686 1979 2731 Epistolae
2001 2701 2095 2725 exor-

1206 2741 1264 2776 dio
1278 2765 1285 2773 .
1315 2737 1419 2773 Aliud
1441 2738 1487 2772 est
1509 2738 1544 2771 in
1567 2737 1691 2772 verbis:
1718 2737 1910 2779 Infamentur
1927 2738 2092 2781 haeretica,

1205 2800 1240 2826 ut
1258 2799 1316 2834 per
1338 2798 1429 2824 totum
1449 2787 1556 2823 Orbem
1577 2792 1609 2821 in
1632 2787 1767 2829 Ecclest'is
1785 2794 1894 2822 iterum
1915 2789 2093 2825 sanderum

1208 2845 1340 2875 Parrum
1350 2838 1522 2873 orthodoxa
1528 2837 1607 2880 fides
1622 2837 1736 2881 reluces
1731 2847 1792 2872 cat.
1823 2838 1946 2876 Nostra
1959 2841 2092 2876 transla-

1207 2892 1257 2927 tio
1279 2891 1325 2926 est
1348 2890 1452 2924 clara:
1481 2892 1526 2922 Et
1535 2887 1599 2923 baec
1619 2892 1739 2931 quidem
1764 2890 1984 2932 depompabum
1997 2889 2091 2924 bare-

1202 2940 1270 2987 ses.
1298 2939 1468 2985 Refulgebt't
1490 2941 1609 2982 quidem
1629 2937 1728 2982 rursus
1747 2947 1804 2981 per
1829 2939 1986 2984 universas
1999 2946 2091 2974 totius

1208 2993 1318 3026 Mundi
1330 2989 1472 3032 Ecclefias
1484 2991 1504 3022 5
1505 2990 1655 3023 anchrum
1671 2993 1798 3023 Parrum
1804 2988 1883 3030 fides
1894 2989 2071 3024 orthodoxa
2079 3015 2088 3023 .

1209 3041 1313 3078 Porro
1335 3040 1528 3076 Caffinenfis
1547 3040 1652 3074 codex
1678 3038 1776 3074 habet
1802 3040 1884 3074 duas
1905 3041 2088 3084 inscriptio-

1211 3104 1266 3128 nes
1287 3106 1294 3126 :
1323 3091 1434 3125 Unam
1461 3101 1479 3123 a
1502 3090 1636 3134 Legatis
1658 3090 1697 3123 ad
1717 3089 1890 3133 Synodum
1911 3116 1922 3132 ,
1972 3091 2049 3125 liam
2070 3089 2090 3125 ὲ

1210 3142 1347 3186 Synodo
1363 3141 1404 3176 ad
1424 3139 1567 3184 Legatos
1580 3164 1588 3173 .
1614 3140 1657 3174 Et
1679 3139 1747 3174 haec
1758 3140 1803 3174 est
1817 3140 1942 3186 legitim
1967 3143 1978 3174 “.
2008 3140 2090 3175 Alia

1210 3192 1315 3237 palam
1339 3191 1457 3235 irrepsit
1475 3202 1517 3223 ex
1538 3190 1711 3224 oscitantia
1734 3191 1936 3234 scriptoris..
1966 3191 2011 3224 Et
2032 3201 2089 3234 pet

1209 3241 1350 3278 eundem
1371 3252 1439 3275 non
1462 3241 1525 3274 fuit
1537 3241 1604 3274 rasa
1615 3240 1922 3275 autcircumdufia.
1950 3241 2089 3275 Notan-

1209 3293 1250 3327 da
1274 3294 1347 3326 sunt
1369 3291 1435 3325 haec
1448 3290 1543 3324 verba
1563 3291 1729 3334 utriusque
1747 3287 1991 3325 translationis:
2020 3289 2089 3323 Sub-

1207 3341 1372 3386 scripfimus
1396 3346 1428 3374 in
1449 3341 1559 3374 duobus
1577 3341 1798 3383 exemplaribus
1820 3364 1831 3381 ,
1857 3351 1924 3382 quae
1951 3342 1972 3375 ἃ
1992 3338 2088 3379 vestra

1212 3392 1376 3427 §anc‘lttate
1395 3390 1477 3425 nubis
1495 3389 1566 3434 sunt
1585 3395 1687 3435 missa.
1715 3388 1878 3428 Videntur
1892 3390 2054 3478 ἀὶίῐοιῖπε
2069 3389 2087 3423 a

1935 3449 1989 3475 vet
2014 3449 2041 3476 rs
