2320 3730
614 216 926 271 Scironis,
966 227 1030 259 ετ
1064 211 1257 260 Nous
1291 222 1687 257 rtLusritarae.

462 370 721 421 CAPUT
755 371 946 420 CXCV.
999 369 1142 430 -284
1185 383 1192 484 ’

260 507 386 560 Idem
410 511 619 570 IrenaeuS,
653 509 729 560 ubi
763 524 944 578 propter
981 506 1059 556 ista
1076 508 1141 556 in-

330 581 505 646 juriavit
527 581 727 630 Orientis
753 579 1014 648 Episcopos,
1048 579 1138 626 ait:

332 654 373 699 E
398 649 504 714 {stola
535 649 673 715 cyrilli
705 650 759 697 ad
787 657 971 705 joannem
1006 651 1141 695 Antio-

332 739 354 767 c
379 739 486 768 enum
503 757 518 780 ,
545 737 615 789 per
638 739 753 787 quam
795 717 976 785 caufhtur
998 755 1012 781 ,
1048 716 1143 785 quod

333 789 538 838 orientales
574 786 945 855 anathematizaffi‘nt
971 787 1142 856 quidem

333 860 587 925 Nestorium,
613 859 688 927 fid
716 860 842 908 eadem
871 897 887 922 ,
909 877 987 926 quae
1010 862 1071 904 <9⁴
1093 855 1141 903 ἱΙ-

333 929 393 991 le,
425 929 487 977 illi
503 930 752 998 praedicarent
774 966 788 977 .
821 933 865 977 F
864 943 990 976 orma!
1017 942 1142 974 autem

332 1004 393 1047 (9⁴
413 998 590 1066 quomodb
625 1001 668 1047 de
695 1014 819 1046 caetero
857 994 1142 1064 Anathematil-

332 1087 414 1115 mus
435 1069 560 1137 expeti
575 1065 728 1118 debeat.

339 1195 442 1231 Acem
451 1193 586 1239 quidem
595 1192 772 1230 defiderare
785 1196 947 1231 summum
959 1196 1085 1230 bonum
1097 1194 1143 1230 est

360 1256 458 1290 atque
469 1246 683 1289 praecipuum:
711 1246 755 1279 Et
766 1255 952 1290 oporteret,
978 1246 1056 1280 dico
1071 1269 1082 1285 ,
1108 1256 1143 1279 ut

263 1297 440 1341 quisapere
451 1294 584 1330 Christo
596 1294 713 1339 placita
736 1297 876 1337 volunt,
902 1295 1075 1336 continent
1087 1296 1145 1329 cir-

263 1358 302 1381 ca
323 1344 388 1380 hoc
410 1346 553 1379 studium
574 1346 688 1387 suum,
712 1357 782 1380 non
806 1346 935 1381 remisse
951 1370 963 1386 ,
989 1345 1040 1379 sed
1054 1345 1143 1379 forti-

262 1406 331 1431 ter.
359 1396 597 1431 Verumtamen
622 1406 691 1429 non
712 1396 757 1430 ob
769 1395 854 1431 hanc
875 1397 1006 1431 causam
1025 1395 1143 1439 despici

260 1454 396 1490 oportet
416 1446 545 1488 pietatis
565 1445 600 1479 in
624 1444 761 1481 Christo
782 1447 934 1481 virtutem
947 1471 954 1477 -
983 1444 1144 1480 Poffimus

261 1495 398 1540 quidem
419 1495 556 1530 &aliter
575 1495 714 1541 diligere
734 1507 846 1540 pacem
862 1521 874 1537 ,
898 1495 1052 1534 &bonan
1075 1506 1144 1540 quae

262 1556 307 1580 ex
319 1545 383 1589 ipsa
395 1546 467 1579 sunt
478 1569 489 1586 ‚
516 1545 738 1589 obstupescere
753 1547 871 1584 nimis,
896 1544 1055 1580 deducere
1071 1543 1144 1578 vero

261 1593 305 1628 ad
325 1593 471 1628 medium
494 1606 562 1627 non
585 1605 644 1635 ea,
670 1593 930 1638 quibuscumque
954 1594 1143 1634 roboratur,

261 1642 564 1678 &inconcussibilis
586 1643 646 1685 fit,
673 1644 726 1678 sed
750 1646 859 1687 potius
881 1645 959 1685 illa,
987 1654 1142 1688 quaecum-

261 1704 329 1737 que
355 1704 427 1727 eam
450 1694 613 1728 resolvunt
635 1694 669 1727 ac
690 1702 860 1734 evertunt,
876 1695 922 1728 «δε
944 1695 1029 1728 circa
1050 1705 1120 1728 eam
1134 1718 1145 1734 ,

261 1754 336 1788 quae
344 1743 520 1786 composita
530 1743 594 1783 est,
621 1754 808 1786 permanere
826 1754 895 1777 non
911 1745 1016 1778 fiuant
1031 1768 1039 1776 .
1063 1744 1145 1777 Haec

262 1792 372 1827 scribo
392 1792 601 1827 contristatus
625 1792 716 1827 valde
740 1817 749 1826 .
776 1794 944 1828 Dicuntur
965 1795 1053 1828 enim
1074 1795 1145 1838 qui-

261 1842 340 1877 dam
362 1842 431 1876 illic
458 1842 785 1887 Religiofissimorum
820 1844 1058 1887 Episcoporum
1085 1845 1146 1877 im·

261 1891 356 1937 pium
367 1890 498 1934 quidem
510 1891 701 1927 Nestorium
725 1892 1019 1935 anathematizare,
1047 1892 1144 1929 &de-

262 1941 459 1976 mentiffima
481 1940 637 1987 dogmata
659 1942 729 1986 ejus
747 1967 758 1984 ‚
796 1951 919 1978 tentare
942 1942 1020 1977 vero
1040 1944 1158 1982 rursus,

261 1992 350 2034 quafi
363 2002 404 2026 ex
418 1993 658 2035 permutatione
668 2004 727 2033 ea,
753 2004 824 2037 quae
836 1994 904 2036 ejus
918 1995 989 2027 sunt
1002 2018 1012 2033 ,
1039 1983 1159 2066 sapere}

261 2041 397 2086 &loqui
408 2066 419 2083 ‚
444 2042 478 2076 δε
489 2042 658 2077 dissolvere
667 2044 903 2078 conscientiam
916 2043 1069 2083 fratrum,
1084 2055 1143 2086 pro

261 2091 380 2133 quibus
393 2089 540 2126 Christus
558 2092 603 2126 est
626 2103 792 2126 mortuus.

311 2140 559 2181 Mimrauoem,
585 2142 781 2185 quomode,
803 2140 882 2176 dum
894 2141 1156 2193 sintsapientes,¹

258 2191 358 2225 lateat
380 2201 455 2230 eos,
481 2192 556 2233 quia
579 2190 602 2221 fi
626 2202 696 2233 quae
721 2191 855 2232 ejiciunt
881 2192 1074 2235 ,·dogmata
1099 2192 1156 2237 sa·A

259 2240 355 2283 piunt
365 2263 377 2280 ,
389 2239 572 2281 semetipsos
583 2237 857 2271 anathematizant
872 2263 879 2270 .
904 2239 1038 2272 Dicitur
1051 2243 1156 2272 nam-¹

261 2300 346 2333 que,
372 2289 406 2322 δε
420 2286 484 2321 hoc
498 2299 557 2331 pro
569 2287 704 2322 veritate
719 2312 730 2328 ,
754 2288 810 2321 etfi
825 2287 888 2321 esse
913 2288 1044 2321 videtur
1063 2299 1139 2322 one-

258 2340 369 2373 rosum
383 2361 393 2378 ,
420 2337 454 2371 ὄε
473 2336 535 2371 hos
564 2361 575 2378 ‚
603 2339 660 2381 qui
683 2337 793 2371 nescio
815 2337 986 2383 quomodo
1013 2348 1050 2371 ea
1071 2348 1141 2380 qua:

254 2386 399 2422 Nestorii
422 2387 512 2430 loqui
535 2384 656 2421 audent
670 2411 681 2427 ‚
707 2386 792 2420 clare
813 2387 941 2421 dicere:
969 2392 1042 2420 Non
1058 2395 1140 2429 prae-

250 2435 376 2481 ficmpfi.
405 2435 499 2470 Volo
522 2445 662 2479 namque
686 2436 719 2469 in
741 2435 859 2470 talibus
883 2435 922 2470 ad
942 2435 1138 2470 credendum

253 2487 362 2520 tardus
374 2486 508 2521 existere
531 2496 589 2529 pro
614 2484 842 2530 magnitudine
861 2486 958 2520 mali.
984 2485 1063 2519 Tua
1084 2497 1138 2520 au-

253 2546 322 2570 tem
343 2537 515 2574 Sanctitas,
541 2536 563 2568 fi
587 2545 697 2569 tamen
720 2534 862 2569 omnino
884 2538 958 2569 sunt
980 2535 1082 2579 aliqui
1094 2546 1138 2571 ta-

249 2584 322 2625 les,
347 2585 501 2630 dignetur
512 2596 569 2619 eos
587 2596 720 2619 monere
747 2596 845 2628 atque
855 2584 1078 2627 confundere,
1104 2586 1137 2620 <Sc

252 2635 336 2669 sistat
356 2636 514 2678 sapientes
544 2645 665 2668 vocum
699 2635 861 2669 novitates
881 2634 1027 2669 Nestorii
1058 2659 1069 2676 ,
1102 2635 1136 2669 &

250 2684 442 2728 loquentes.
470 2685 558 2719 Nam
570 2683 741 2727 quomodo
763 2684 1039 2719 anathematizant
1059 2696 1112 2720 eas
1125 2709 1135 2725 ,
1199 2690 1203 2693 ’

252 2734 308 2768 vel
319 2732 488 2776 quomodo
503 2744 612 2776 pacem
624 2744 809 2776 permanere
820 2732 995 2768 defiderant
1009 2757 1020 2773 ‚
1045 2745 1134 2779 repu-

254 2793 396 2830 gnantes
406 2784 434 2816 ei
447 2806 458 2822 ‚
483 2793 618 2824 eamque
626 2793 807 2818 evertentes
819 2795 854 2818 ut
866 2784 1012 2827 iniquam
1023 2809 1032 2817 .

306 2832 490 2867 Sufficiebat
503 2832 636 2876 quidem
656 2832 842 2876 insuspestis
861 2833 1133 2868 anathematizare

253 2883 384 2918 tantum
404 2884 542 2925 impium
566 2882 756 2916 Nestorium
774 2907 784 2923 ,
810 2883 843 2918 ὃς
865 2884 1019 2928 dogmata
1044 2884 1131 2926 ejus,

252 2935 308 2968 seu
319 2942 437 2967 contra
448 2931 613 2966 Christum
626 2930 838 2975 blasphemias
850 2958 860 2974 ‚
887 2935 1045 2977 quoniam
1057 2932 1131 2967 vero

251 2982 425 3016 verisimile
436 2982 480 3016 est
491 3007 500 3022 ,
533 2982 622 3025 quod
635 2980 793 3016 deludant
801 2983 933 3025 quidam
947 2982 1031 3018 hanc
1044 2996 1108 3017 rem
1122 3009 1131 3025 ,

252 3029 428 3074 dicantque
444 3056 452 3069 ,
480 3031 525 3064 Ob
535 3031 586 3065 hoc
597 3031 707 3072 ejec‘lus
716 3029 758 3071 est
773 3029 867 3074 solum
878 3058 888 3073 ,
914 3035 995 3076 quod
1006 3036 1061 3067 Dei
1073 3037 1129 3066 Ge-

253 3086 388 3115 nitricem
414 3083 532 3114 mlatme‘
550 3081 701 3122 fateretur
716 3104 729 3122 ,
753 3082 788 3115 6·
811 3083 896 3117 aliud
918 3083 999 3116 mhil
1014 3108 1024 3123 ‚
1053 3082 1127 3118 ideo

252 3130 391 3164 arbitror
410 3131 472 3163 effi·
493 3131 669 3165 dicendum
683 3155 693 3170 ,
719 3132 876 3172 quoniam
901 3143 968 3167 non
982 3132 1048 3166 haec
1063 3134 1126 3167 sola

251 3179 442 3222 dejeaionzs
455 3181 517 3214 fuit
530 3182 622 3215 emsa
635 3181 734 3214 dictio
751 3205 762 3222 ‚
788 3181 948 3216 sedetiam
963 3183 1105 3225 plurimae
1117 3208 1126 3223 ,

252 3241 367 3266 eontra
401 3230 554 3273 dogmata
583 3230 725 3264 veritatis
759 3230 921 3266 elevantes
956 3233 1103 3266 aculeum
1118 3258 1124 3265 .

256 3282 396 3321 Oportet
408 3280 506 3323 igitur
519 3280 660 3323 profiteri
672 3303 683 3319 ‚
708 3280 785 3324 quia
809 3281 1125 3317 &anathematizant

255 3328 465 3368 Nestonum,
487 3329 523 3363 ὅ(
536 3332 660 3372 polluta
684 3329 752 3372 ejus
764 3339 858 3373 atque
877 3330 987 3365 insana
997 3332 1127 3377 dogma-

253 3385 309 3420 ta,
329 3379 361 3413 &
374 3390 446 3412 eum
471 3379 651 3421 depolitum
674 3378 819 3420 habent,
844 3381 1009 3416 credentes
1025 3393 1126 3416 unum

351 3427 458 3466 christ.
471 3432 550 3473 Lupi
562 3433 660 3473 Opera
673 3431 784 3462 RVH.

1903 225 1996 272 353

1198 295 1260 329 effe
1271 291 1614 331 nominaminostrum
1628 294 1734 336 Jesum
1745 294 1911 333 Christum
1921 321 1934 340 ,
1945 296 2070 333 Filium

1199 345 1266 382 Dei
1278 346 1389 387 utique
1403 344 1623 390 Unigenitum
1633 366 1642 376 .

1198 479 1246 520 Et
1258 491 1385 521 caetera
1395 482 1445 520 ita
1455 477 1649 536 sequuntur
1660 478 1719 521 his
1728 479 1855 523 verbis
1867 477 2047 527 subjuncta
2055 511 2069 530 ‚

1256 536 1340 578 ficut
1352 539 1390 577 in
1399 537 1563 591 Epistola
1574 538 1622 579 ad
1633 539 1910 579 Beronicianum
1921 565 1933 583 ,
1958 536 2070 593 usque

1255 594 1303 635 ad
1324 594 1469 643 locum,
1497 596 1561 636 ubi
1584 594 1695 636 habet
1718 612 1728 634 :
1757 598 1804 635 Et
1826 591 2072 646 inaccufhbilem

1246 649 1373 702 fidem.
1403 652 1445 692 In
1467 665 1544 707 quo
1568 650 1762 693 &finitur.
2050 698 2053 699 ⁷

1200 707 1247 747 Et
1265 707 1346 761 post
1366 707 1444 748 haec
1456 709 1612 750 Irenaeus
1631 709 1745 750 multa
1765 720 1890 750 contra
1910 710 2074 749 Orientis

1256 762 1456 818 Episcopos
1476 768 1527 805 ait
1545 797 1554 805 .
1584 767 1631 806 Et
1651 766 1858 808 testimonia
1884 766 2075 820 Ligiorum

1255 834 1433 862 revocans
1453 822 1499 863 ad
1508 823 1688 870 medium,
1719 821 1905 877 postremo
1925 821 2077 873 adjecit:

1255 877 1445 919 Ostenlum
1464 879 1615 933 quidem
1631 880 1682 920 est
1701 879 1843 936 integre
1868 892 1935 935 per
1955 876 2078 933 supra-

1257 932 1404 988 scriptas
1419 935 1555 976 litteras
1565 965 1578 983 ‚
1607 949 1694 991 quia
1706 940 1769 991 qui
1781 938 1988 978 doetrinam
1998 937 2080 977 Ne«

1256 990 1356 1031 storii
1377 991 1642 1033 damnaverunt
1659 1021 1672 1040 ,
1701 991 1911 1047 semetipsos
1929 993 2072 1034 alienos

1256 1048 1306 1089 ab
1316 1045 1570 1089 Ecclefiasticis
1581 1052 1868 1102 pronunciavere
1878 1050 2057 1091 doctrinis
2068 1079 2081 1089 .

1258 1106 1329 1145 Per
1344 1118 1426 1160 quae
1450 1106 1550 1144 enim
1561 1117 1692 1146 contra
1721 1103 1826 1145 illum
1843 1103 1922 1146 sunt
1939 1106 2006 1148 vifi
2014 1107 2085 1148 de-

1258 1175 1429 1209 cernere,
1458 1159 1571 1215 ipsam
1591 1160 1687 1203 clare
1711 1159 1964 1207 abjuraverunt
1985 1164 2086 1203 veri-

1259 1232 1396 1262 tatem.
1418 1221 1580 1267 Joannes
1596 1217 1710 1266 vero,
1738 1217 1882 1259 &certe
1904 1218 2087 1259 nihil-ne-

1259 1274 1372 1318 sciens
1393 1275 1549 1323 horum,
1576 1275 1665 1317 dum
1691 1274 1858 1330 praefatas
1872 1275 2089 1331 Cyrillilit-

1259 1346 1355 1375 teras
1376 1330 1599 1387 suscepisset,
1627 1347 1693 1386 per
1703 1346 1852 1374 omnem
1874 1335 1973 1374 viam
1984 1334 2087 1373 venit

1259 1393 1445 1437 &artem,
1473 1390 1594 1431 donec
1619 1388 1917 1431 Consacerdotes
1937 1387 2019 1430 suos
2038 1388 2087 1430 ad

1249 1447 1354 1490 »illud
1389 1446 1590 1501 impelleret
1623 1447 1841 1501 perditionis
1870 1447 2089 1501 abruptum.

1261 1505 1335 1547 Sed
1359 1518 1428 1546 nec
1450 1503 1523 1545 hoc
1555 1505 1770 1560 AEgyptium
1798 1503 1913 1546 valuit
1931 1502 2058 1544 satiare
2073 1531 2094 1550 ,

1261 1574 1322 1602 aut
1345 1560 1469 1603 saltem
1493 1560 1609 1602 fistere
1626 1562 1818 1603 latrantem
1838 1573 1966 1601 contra
1986 1562 2091 1601 veri·-

1262 1630 1376 1660 tatem
1397 1650 1406 1659 .
1443 1617 1609 1660 Volebat
1637 1620 1736 1659 enirn
1773 1616 1988 1659 Homicidio
2023 1613 2094 1657 suo

1262 1674 1449 1718 universos
1478 1675 1525 1716 de
1555 1684 1687 1716 caetero
1728 1688 1792 1728 per
1820 1675 2012 1714 Orientem
2040 1673 2096 1714 ala

1261 1732 1487 1787 Apostolicis
1516 1731 1665 1786 quidem
1676 1730 1910 1786 dogmatibus
1919 1728 2093 1772 abscede-

1260 1804 1300 1830 rc
1318 1819 1330 1837 ,
1358 1791 1396 1829 &
1419 1789 1467 1829 ab
1495 1787 1578 1841 ipsis
1601 1801 1752 1842 quoque
1770 1816 1783 1835 ‚
1822 1799 1905 1841 quae
1928 1784 2002 1839 ipse
2021 1800 2095 1840 pet·

1262 1846 1414 1887 Paulum
1434 1845 1584 1900 quidem
1607 1847 1645 1884 in
1665 1844 1813 1897 Scripto
1822 1841 2004 1884 confessus
2014 1842 2094 1891 est,

1261 1917 1370 1945 unam
1391 1902 1482 1944 vero
1507 1914 1669 1943 naturam
1691 1899 1810 1948 clare,
1846 1903 1884 1941 δε
1906 1913 1989 1956 quae
2008 1897 2091 1943 sunt:

1262 1962 1350 2002 talia
1363 1960 1561 2015 praedicare
1571 1988 1584 2007 ‚
1614 1957 1708 1998 nihil
1724 1957 1875 2000 ulterius
1887 1970 2015 2000 contra
2025 1972 2090 1999 ex«

1261 2019 1460 2072 positorum
1471 2015 1586 2057 rursus
1598 2014 1646 2057 ab
1659 2029 1706 2056 eo
1718 2014 1980 2069 Capitulorum
1989 2012 2092 2055 vesau

1260 2076 1361 2114 niam
1381 2085 1597 2113 recertantes
1616 2102 1626 2111 .
1665 2071 1776 2110 Nihil
1800 2074 1911 2127 igitur
1943 2070 1993 2112 ob
2013 2070 2092 2116 hoe

1259 2143 1388 2170 curans
1401 2129 1461 2170 vel
1472 2129 1603 2175 decis,
1637 2141 1721 2181 quae
1742 2128 1851 2168 abeo
1869 2141 1940 2181 pro
1964 2130 2097 2183 acqui-·

1258 2186 1370 2225 renda
1397 2187 1533 2237 gratias
1556 2186 1631 2228 ejus
1655 2183 1890 2235 impudenter
1917 2186 1955 2222 δε
1976 2184 2091 2238 impie

1258 2242 1340 2280 aesta
1365 2238 1446 2279 sunt
1468 2267 1480 2285 ,
1509 2241 1659 2278 mittens
1687 2238 1734 2278 ad
1760 2237 1914 2294 Regiam
1939 2239 2093 2282 Civita-

1257 2310 1332 2337 tem
1343 2325 1361 2343 „
1384 2292 1522 2350 eosque
1533 2295 1582 2336 ad
1593 2292 1760 2336 solatium
1773 2293 1944 2337 consuete
1955 2310 2089 2354 aggre-

1256 2367 1369 2416 gans,
1400 2365 1557 2408 quorum
1578 2355 1782 2406 patrocinio
1802 2355 1840 2394 δε
1853 2351 1874 2393 a
1898 2357 2088 2408 principio

1256 2412 1368 2450 fretus
1390 2412 1519 2450 inierat
1544 2409 1682 2450 bellum
1709 2422 1835 2451 contra
1847 2409 2083 2459 Nestorium,

1256 2465 1396 2507 assumit
1417 2469 1527 2507 etiam
1554 2479 1650 2506 nunc
1670 2464 1721 2507 sui
1742 2466 1921 2521 Propofiti
1933 2471 2084 2521 partici-

1254 2537 1319 2577 pes
1331 2555 1340 2563 .
1370 2524 1421 2562 Hi
1435 2525 1544 2577 igitur
1554 2520 1704 2564 scientes
1717 2536 1800 2578 quae
1820 2523 1868 2564 ab
1879 2525 2080 2566 Orientali-

1253 2580 1321 2620 bus
1333 2578 1445 2633 paulo
1457 2592 1542 2620 anre
1554 2577 1696 2619 fuerant
1716 2582 1796 2621 aeta
1806 2609 1818 2628 ‚
1848 2583 1886 2621 &
1898 2583 1986 2636 quia
1997 2595 2078 2623 om-

1253 2640 1314 2677 nia
1323 2635 1424 2690 prius
1435 2634 1499 2676 fibi
1510 2634 1694 2690 proposita
1704 2636 1953 2693 ignominiose
1964 2651 2078 2692 opere

1251 2693 1553 2747 compleverunt,
1580 2692 1729 2734 alteram
1748 2694 1927 2735 continuo
1947 2708 2079 2736 contra

1250 2763 1340 2798 eos,
1371 2749 1511 2805 Cyrilli
1523 2748 1699 2798 consilio,
1729 2749 1923 2793 aedificavit
1944 2750 2076 2793 faffio-

1250 2820 1357 2854 nem,
1386 2805 1502 2862 longe
1521 2807 1739 2848 deteriorem
1760 2807 1944 2860 prioribus
1969 2838 1988 2850 t
2009 2809 2075 2849 Et*-

1251 2866 1350 2905 enim
1362 2865 1564 2904 Maximum
1575 2863 1769 2918 quemdam
1780 2891 1793 2910 ,
1812 2863 1992 2905 Monachi
2006 2864 2073 2906 ha·-

1249 2920 1327 2961 bitu
1344 2919 1653 2974 circumpositum,
1681 2922 1719 2960 &
1730 2918 1910 2961 ferventer
1920 2918 2073 2975 Apolli..

1247 2979 1338 3017 narii
1370 2990 1494 3017 errore
1522 2976 1757 3030 languentem
1783 3005 1795 3024 ,
1829 2990 1909 3017 cum
1939 2977 2071 3019 litteris

1248 3034 1497 3088 Imperialibus
1508 3061 1520 3079 ‚
1549 3034 1586 3072 &
1596 3034 1788 3087 Praeceptis
1802 3031 2046 3076 Praefestoriis
2054 3063 2069 3083 ,

1245 3092 1284 3132 δε
1304 3093 1435 3132 virtute
1462 3089 1619 3129 maxime
1647 3090 1800 3143 plurima
1824 3119 1836 3138 ‚
1865 3090 1912 3132 ad
1935 3092 2068 3133 Orien-

1245 3160 1318 3189 tem
1337 3149 1521 3204 dirigunt,
1550 3159 1588 3187 ut
1611 3146 1710 3203 quasi
1730 3160 1796 3201 per
1811 3149 1967 3195 Joannis
1977 3149 2068 3190 con-'-

1245 3204 1408 3246 cordiam
1438 3206 1511 3250 ejus
1535 3205 1603 3251 jam
1631 3203 1785 3246 studium
1803 3204 2065 3254 monstrantes,

1245 3260 1387 3303 haerefis
1416 3260 1566 3315 quidem
1594 3260 1808 3316 languorem
1837 3259 2065 3304 diffeminent

1246 3331 1310 3372 per
1329 3319 1491 3359 Orientis
1514 3317 1691 3358 Ecclefias
1707 3347 1719 3365 ‚
1748 3331 1951 3372 praeparent
1973 3316 2063 3358 vero

1244 3374 1539 3416 anathematizari
1553 3376 1619 3466 qu}
1629 3375 1874 3417 Orthodoxiae
1893 3375 2061 3429 egregio-

1645 3443 1669 3478 g
1719 3443 1740 3480 3
1941 3439 2011 3465 rum
