2320 3730
579 227 889 280 sonorus,
930 236 990 268 ετ
1025 217 1217 268 Nous
1254 230 1649 264 ILLUSTRATAE.

230 311 321 351 Ham
330 306 444 346 omnIa
458 305 569 343 laudat
591 308 625 342 in
638 309 698 343 suo
710 307 902 343 Constituto
913 304 1061 351 Vigilius

180 362 357 399 Pontifex,
385 357 562 393 &adducit
572 359 672 393 trium
696 358 737 393 ad
762 358 828 402 ipsa
849 355 1061 402 spectantium

179 400 398 458 Epistolarum
411 410 612 454 fragmenta.
640 407 788 443 Primum
807 407 853 442 est
868 418 911 441 ex
937 404 1062 440 Rescri-

181 473 238 508 pto
262 460 367 494 sancti
381 459 501 503 Cyrilli
522 457 564 495 ad
589 458 770 502 synodales
791 456 928 500 Joannis
942 453 1061 489 Antio-

179 510 278 548 cheni
300 510 424 544 litteras
437 524 449 543 .-
475 512 557 554 ,ραι
572 510 693 551 prolata
710 507 748 546 est
769 511 803 538 in
823 504 933 539 sancia
954 504 1063 542 synodo

180 557 332 602 prefina
342 559 480 601 Definitio
490 582 502 598 ,
527 560 649 593 veturia
657 557 802 592 Theodoro
812 553 949 598 disposta
956 578 966 594 ,
988 552 1064 595 ficut

180 609 334 652 offerentes
345 610 484 646 dicebant
495 634 507 649 ,
534 609 610 644 nihil
619 608 731 642 habens
743 604 852 649 sanum
863 630 873 646 ,
899 607 1063 638 evacuavit

171 663 303 704 squidem
323 671 390 694 eam
409 660 523 693 santia
541 664 546 666 ’
562 660 690 700 ,Σιποιίιυ
712 680 724 696 ,
750 657 831 690 velut
850 653 1066 698 perversarum

178 711 302 753 plenam
311 710 572 755 intelligentiarum
583 734 596 750 ,
620 709 821 743 condemnans
832 712 905 740 item
917 717 964 740 eos
977 728 990 746 ,
1013 709 1066 746 qui

175 759 217 803 fic
233 759 379 803 sapiunt.
408 758 610 804 Dispenfhtim
630 759 702 792 verb
730 760 905 791 mentionem
925 760 988 789 viri
1011 765 1068 787 non

177 809 254 854 fecit
274 835 285 851 ‚
310 821 402 852 neque
423 822 488 845 eum
509 813 682 843 nominatim
701 806 888 841 anathemati
905 804 1045 849 subdidit
1062 829 1068 837 .

182 864 292 903 Neque
304 861 378 895 alios
388 886 395 893 .
423 861 477 894 Ex
488 857 552 893 hoc
564 859 625 893 suot
634 858 721 901 apud
736 857 933 902 Ephesinam
964 856 1070 898 Syno-

183 909 265 946 dum
285 921 382 954 opere
402 908 548 952 Cyrillus
568 907 740 946 concludit
759 906 1011 951 dispensationis
1033 915 1071 937 ac

183 959 273 1004 pacis
293 958 419 1004 regulas
435 958 568 994 suadere
579 983 591 1000 ‚
615 969 652 994 ut
675 969 782 1002 neque
794 968 884 991 nunc
894 954 1071 990 Theodori

185 1010 323 1052 persona
343 1006 635 1045 anathematizetur
659 1033 668 1040 .
701 1007 796 1042 Hinc
819 1006 911 1040 enim
939 1003 1049 1039 subdit
1068 1016 1074 1035 z

185 1059 247 1092 Sed
260 1058 342 1100 juste
361 1059 488 1091 audient
508 1081 520 1098 ,
548 1055 668 1098 tametss
683 1058 802 1098 nolint,
829 1062 882 1099 qui
905 1052 1074 1098 hujusmodi

185 1106 291 1149 causas
307 1105 469 1148 praebent:
495 1105 715 1150 obliviscimini
735 1118 791 1140 vos
816 1104 896 1148 ipsos
918 1130 930 1147 ,
956 1105 1076 1148 quando

185 1155 353 1193 adversam.
369 1156 510 1198 pulveres
520 1168 607 1191 arcus
618 1157 783 1190 extenditis
797 1182 805 1190 .
833 1161 906 1189 Non
929 1161 1007 1189 enim
1028 1152 1076 1196 su-

181 1205 294 1250 perest,
319 1211 372 1248 qui
382 1206 466 1247 apud
476 1217 524 1240 eos
536 1204 698 1249 inscriptus
720 1206 777 1246 est.
806 1204 1078 1248 Amplioraistius

186 1255 346 1301 Epistola
366 1256 550 1300 fragmenta
569 1255 668 1290 habes
688 1255 776 1298 apud
786 1255 979 1289 Facundum
993 1253 1079 1285 Her-

187 1306 392 1344 mianensem
403 1329 411 1336 .
438 1304 542 1340 Aliud
552 1304 774 1350 fragmentum
797 1304 843 1339 est
856 1315 896 1338 ex
910 1303 1078 1346 Rescripto

188 1355 300 1395 Sancti
312 1353 425 1391 Procli
438 1354 480 1390 ad
493 1354 636 1391 eundem
646 1355 808 1398 Ioannem
822 1367 828 1386 :
856 1353 990 1396 ,Quando
1001 1358 1079 1386 enim

190 1404 360 1453 scripfituae
370 1405 553 1446 Sanffltati‚
579 1412 708 1446 oportere
733 1411 786 1438 aut
798 1404 1002 1442 Theodorum,
1026 1411 1080 1436 aut

192 1457 268 1490 alios
291 1452 434 1498 quosdam
446 1478 459 1495 ,
484 1459 538 1497 qui
554 1455 674 1495 pridem
694 1453 827 1495 defundi
841 1453 932 1496 fhnt,
959 1453 1080 1487 anathe-

193 1510 271 1539 mati
273 1502 366 1547 subdi
374 1528 388 1544 ,
410 1512 465 1538 aut
475 1508 652 1538 nominatim
661 1505 790 1545 aliqu‘us
804 1504 868 1545 feci
881 1503 1079 1538 mentionem?

194 1550 307 1588 Erilla
318 1553 486 1596 Cupitum,
513 1551 821 1596 quaesubjeaasunt,
852 1555 951 1595 utpote
965 1553 1082 1596 subtili-

193 1611 290 1640 tatem
309 1614 367 1636 non
386 1601 529 1638 babentia
546 1609 696 1644 pietatis,
721 1604 837 1644 repuli,
865 1614 959 1645 neque
983 1612 1083 1636 autem

194 1654 233 1687 de
244 1652 414 1694 Theodoro,
441 1662 535 1695 neque
548 1654 587 1686 de
599 1654 659 1686 alio
678 1663 848 1696 quoquam,
873 1658 927 1695 qui
939 1654 1011 1694 jam
1033 1653 1084 1686 de-

192 1702 297 1747 funbli
312 1698 403 1746 sunt,
426 1700 551 1745 scripsi,
578 1710 632 1737 aut
650 1711 686 1738 ut
705 1702 1005 1744 anathematizetur,
1030 1709 1084 1736 aut

195 1762 231 1788 ut
240 1753 411 1786 abdicetur.
436 1753 500 1786 Sed
518 1763 610 1795 neque
619 1752 797 1794 cbarffmus
819 1753 1009 1793 Theodotus,
1033 1757 1085 1796 qui

195 1802 314 1837 anobis
328 1801 531 1844 direblustff,
559 1806 709 1839 Diaconus
735 1806 812 1838 talia
823 1805 976 1838 mndata
995 1802 1085 1846 susce-

196 1858 265 1896 pit.
292 1851 447 1887 Tertium
458 1852 681 1896 fragmentum
692 1854 739 1887 ost
761 1866 803 1888 ex
822 1854 966 1895 ejusdem
976 1852 1088 1885 P-rocli

200 1901 379 1944 Rescripto
410 1901 452 1935 ad
474 1901 706 1938 Venerabilem
738 1899 844 1936 Archi
861 1920 871 1927 -
883 1901 1089 1935 Mandritam

200 1951 397 1986 Maximum
409 1963 416 1983 ε
429 1952 585 1994 ‚Quomodo
593 1957 687 1994 igitur
694 1960 751 1994 per
763 1953 884 1986 litteras
896 1952 988 1985 didici
999 1962 1090 1991 nunc,

202 2006 276 2044 quia
297 1999 442 2033 Theodori
460 1998 655 2042 Mopsuesteni
692 2003 727 2036 o·
748 2003 874 2036 aliorum
892 2002 1091 2044 quorumdam

203 2055 325 2084 nomina
343 2047 501 2092 praepofita
519 2048 590 2091 sunt
603 2053 758 2093 Capitulis
769 2053 816 2085 ad
829 2051 1091 2085 anathematizan-

204 2102 279 2135 dum
290 2123 302 2140 ,
325 2110 390 2133 cum
414 2100 462 2132 illi
483 2100 529 2133 ad
536 2102 634 2133 Deum
638 2103 711 2141 jam
721 2104 923 2143 migraverint
935 2123 947 2139 ,
974 2100 1008 2133 Θ
1019 2109 1066 2132 eos
1082 2121 1094 2138 ,

204 2156 258 2193 qui
261 2151 334 2192 jam
346 2155 445 2184 vitam
458 2148 659 2194 reliquerunt,
680 2148 939 2192 supervacaneum
963 2148 1002 2188 est
1016 2150 1095 2190 inju-

203 2204 282 2233 riari
289 2198 354 2242 post
365 2207 487 2233 mortem
499 2222 511 2238 ,
535 2209 608 2240 quos
620 2210 674 2233 nec
684 2206 774 2233 vivos
785 2200 948 2241 aliquando
961 2200 1095 2241 culpavi-

207 2248 298 2284 mus?
326 2247 391 2288 Post
408 2246 650 2290 subscriptionem
670 2259 771 2283 autem
782 2252 866 2281 Tomi
882 2273 894 2289 ‚
921 2250 956 2283 <a
968 2247 1032 2290 post
1045 2247 1096 2282 ab·

202 2298 364 2341 Jecffionem
385 2298 613 2339 Capitulorum,
638 2308 705 2341 quae
723 2301 807 2340 cujus
822 2296 882 2338 fint
901 2303 1073 2343 ignoramus
1088 2320 1099 2337 ‚

208 2349 345 2382 continuo
363 2353 512 2388 praepara
537 2346 717 2383 Theodotum
735 2353 901 2383 Diaconum
926 2353 1030 2383 venire
1055 2349 1101 2382 ad

210 2401 336 2441 Regiam
359 2401 513 2431 civitatem
529 2422 537 2430 .

263 2447 376 2479 Etiam
401 2445 469 2479 haec
483 2447 689 2490 fragmenta,
714 2448 749 2481 δε
769 2447 904 2488 quidem
914 2446 1073 2489 ampliora
1086 2469 1097 2485 ,

211 2497 247 2531 &
259 2494 474 2535 correctiora,
499 2495 626 2529 exstant
635 2495 721 2539 apud
734 2494 928 2530 Facundum
952 2495 1101 2529 Hermia-

212 2546 367 2579 nensem.
393 2543 500 2579 Priori
514 2544 586 2586 post
604 2544 724 2584 verba,
753 2549 839 2579 Fieri
850 2551 1026 2579 mentionem
1051 2545 1101 2579 in-

39 2597 129 2630 ΠΜ.
139 2604 198 2625 c·2·
215 2595 372 2629 terserunt
383 2591 474 2628 hacc.-
499 2594 557 2628 Sed
563 2601 656 2634 puto,
673 2592 751 2633 ficut
773 2595 807 2627 ά·
826 2593 901 2636 ipsae
924 2596 1038 2628 litterae
1059 2596 1104 2627 ad

216 2654 300 2678 tuam
312 2645 332 2676 5
332 2642 504 2676 ariditatem
515 2642 632 2678 direHae
646 2643 780 2676 clamant
793 2667 804 2684 ,
830 2642 910 2676 nibil
916 2644 1031 2685 diffiile
1050 2644 1103 2677 vel

213 2703 348 2738 pravum
358 2692 492 2735 Epistola
503 2698 667 2734 contineri,
685 2692 743 2736 fied
752 2698 822 2736 quia
832 2701 943 2736 oportet
955 2698 1035 2726 omni
1038 2692 1099 2737 fiis-

213 2749 326 2788 picione
346 2742 468 2776 liberari
489 2765 499 2782 ,
526 2744 561 2777 (τ
590 2742 812 2777 detrahentium
831 2755 883 2777 ora
905 2742 1037 2786 consuere
1062 2756 1101 2778 eoc

219 2794 271 2829 hoc
282 2818 293 2835 ‚
319 2794 398 2836 quod
409 2798 441 2826 in
452 2792 564 2826 directo
575 2792 839 2837 Tomosubscripfi,
865 2795 900 2830 Θ
911 2795 964 2827 illa
976 2797 1100 2835 Capitu-

220 2846 278 2884 la,
303 2854 370 2885 quae
385 2840 521 2885 subjecta
543 2841 641 2886 sunt,
666 2845 778 2884 repuli.
809 2843 956 2889 Vigilius
978 2841 1075 2877 habet
1093 2855 1100 2875 :

222 2897 287 2927 Deo
309 2893 510 2933 amantiffimi.
539 2891 588 2928 At
609 2891 685 2927 vero
695 2894 889 2931 Facundus:
918 2897 979 2929 Deo
998 2905 1101 2927 aman-

223 2944 341 2986 tiffime.
370 2941 520 2976 Affirmat
542 2940 610 2976 haec
622 2954 690 2978 non
712 2943 752 2978 ad
764 2944 934 2987 Synodum
948 2968 960 2985 ,
985 2944 1039 2979 sed
1062 2943 1101 2979 ad

224 2993 330 3027 solum
343 2993 504 3036 Ioannem
528 2993 622 3027 fuisse
641 2994 659 3026 a
670 2991 791 3028 Proclo
802 2995 951 3039 rescripta
964 3020 972 3027 .
999 2993 1102 3030 Porro

227 3042 323 3077 illum
344 3041 719 3086 Constantinopolitanae
745 3043 891 3080 Ecclesia:
914 3044 1101 3079 Diaconum

228 3103 266 3125 ac
280 3091 441 3135 Legatum
451 3116 463 3133 ‚
490 3103 588 3136 quem
609 3091 743 3128 Procius
755 3104 847 3131 vocat
860 3093 1080 3130 Theodotum
1093 3119 1103 3134 ‚

228 3140 370 3185 10annes
383 3140 568 3177 Patriarcha
580 3142 721 3186 appellat
731 3143 973 3181 Theodofium.
1000 3144 1102 3180 Aliud

53 3207 132 3242 [ὼε
148 3214 211 3245 cap,
228 3193 452 3235 fragmentum
462 3190 507 3227 est
520 3192 599 3226 item
611 3192 717 3229 Procli
739 3194 782 3228 ad
803 3194 1013 3231 Maximum:
1044 3198 1103 3228 Me-

230 3253 292 3276 mor
317 3240 356 3281 est
382 3249 435 3273 tua
460 3244 641 3275 Reverentia
658 3266 670 3283 ,
693 3246 813 3286 quando
833 3247 878 3279 ad
897 3246 1105 3285 sanc‘itfflmum

234 3290 446 3325 Antiochenam
471 3291 650 3334 Episcopum
672 3293 727 3327 tibi
745 3296 862 3330 litteras
883 3296 1075 3340 injungebam
1094 3319 1106 3336 ,

233 3345 305 3385 quia
316 3346 414 3375 omnia
429 3352 491 3374 cum
502 3343 567 3382 ejus
577 3343 717 3376 admonui
728 3344 880 3380 voluntate
889 3346 955 3388 fieri
965 3355 1106 3389 oportere,

234 3394 268 3429 ό·
291 3390 371 3425 nibil
389 3391 434 3425 ad
452 3389 637 3433 confufionem
663 3393 716 3428 vel
737 3396 894 3430 tumultum
913 3395 1108 3439 Ecclefiarum

332 3439 441 3475 chriti.
452 3444 530 3485 Lupi
540 3446 638 3486 opera
647 3445 680 3475 T.
693 3447 760 3478 VII.

12 1234 167 1275 utu-ec·

1832 232 1923 283 145

1116 312 1221 347 pacem
1231 301 1405 336 habentium
1413 308 1462 346 agi
1474 326 1484 342 ,
1505 302 1564 346 sed
1572 304 1692 335 Tomum
1701 305 1819 345 quidem
1823 304 1968 350 subscribi
1978 307 1993 348 ,⁴

1121 355 1264 396 capitula
1275 363 1372 387 autem
1386 352 1512 396 subdita
1517 351 1576 394 fine
1587 359 1703 386 nomine
1715 378 1725 394 ,
1751 353 1813 387 haec
1837 365 1996 399 tamquam

1123 416 1180 437 non
1190 404 1331 438 habentia
1335 402 1531 447 subtilitatem
1550 409 1676 445 pietatis
1698 409 1798 438 averti
1823 406 1857 438 6·
1875 407 1997 440 abdica-

1124 459 1151 487 ri
1174 479 1182 486 .
1210 455 1361 498 ¹Quomodo
1382 459 1472 498 igitur
1489 463 1544 496 per
1555 455 1671 487 litteras
1689 454 1781 486 didici
1803 464 1880 486 nunc
1893 479 1904 494 ‚
1927 460 1998 496 quia

1126 502 1267 538 Theodori
1278 502 1466 548 Mopsuesteni
1492 506 1526 539 ῤ’
1537 504 1664 538 aliorum
1673 505 1869 547 quorumdam
1881 509 1999 536 nomina

1123 554 1281 596 praepofita
1288 553 1313 598 s
1307 565 1362 589 unt
1373 555 1523 597 Capitulis
1533 556 1579 588 ad
1585 554 1905 589 anathematizandum
1915 578 1925 594 ,
1934 564 2002 587 cum

1127 604 1172 637 illi
1186 606 1258 644 jam
1279 606 1323 637 ad
1332 608 1428 638 Deum
1448 611 1668 649 migraverint,
1693 607 1729 640 Θ
1746 616 1814 646 eos,
1838 609 1893 648 qui
1903 608 2004 636 vitam

1128 654 1328 695 reliquerunt,
1349 653 1604 696 supervacaneum
1623 655 1662 696 est
1687 657 1830 696 injuriari
1849 653 1913 696 post
1932 663 2008 685 mor-

1130 712 1189 737 tem
1203 727 1214 742 ,
1241 714 1311 745 quos
1332 713 1382 735 nec
1405 711 1495 738 vivos
1507 706 1670 748 aliquando
1688 705 1903 748 culpavimus?
1928 708 2008 747 Rogo

1130 755 1196 796 ergo
1211 776 1222 792 ,
1242 752 1352 793 festina
1367 750 1441 792 ficut
1459 755 1542 794 filius
1555 761 1733 799 exquirere,
1753 755 1813 798 sed
1831 759 1931 789 omnia
1940 762 2010 796 per-

1132 808 1250 835 mittere
1261 800 1435 834 autboritati
1456 802 1585 844 ejusdem
1595 806 1831 846 Reverendiffimi
1854 802 2013 847 Consacer-

1132 853 1209 885 dotis
1217 855 1249 897 J
1252 856 1377 884 oannis.
1405 849 1472 891 Post
1477 849 1718 894 subscriptionem
1739 865 1839 890 autem
1848 860 1950 895 Tomi,
1977 855 2011 887 &³

1131 901 1190 945 post
1201 901 1397 943 abJ'ec'Iionem
1407 902 1634 943 Capitulorum,
1660 916 1727 945 quae
1750 908 1836 948 cujus
1852 905 1915 948 fint
1935 910 2016 948 igno-

1135 963 1236 985 ramus
1249 976 1260 992 ,
1284 953 1423 986 continuo
1431 960 1577 994 praepara
1593 955 1755 984 Diaconum
1764 956 1943 989 Theodotum
1965 964 2016 986 ve-

1137 1008 1199 1037 nire
1219 1002 1262 1035 ad
1281 1006 1407 1046 Regiam
1418 1007 1574 1035 civitatem
1587 1026 1598 1041 ‚
1624 1011 1773 1044 quatenus
1791 1004 1957 1043 tempestate
1982 1004 2020 1036 &⁴

1138 1053 1266 1087 tumultu
1288 1062 1347 1085 non
1358 1053 1540 1094 impleantur
1561 1050 1697 1091 Eccleliae
1707 1050 1792 1084 urbis
1812 1051 2021 1091 Sancliffimae,

1138 1106 1172 1138 (9⁸
1184 1104 1299 1136 donetis
1310 1102 1430 1145 aliquid
1437 1100 1574 1143 defiderio
1584 1105 1670 1143 impii
1682 1099 1811 1140 Nestorii
1822 1124 1834 1141 ‚
1860 1107 1913 1142 qui
1925 1100 1957 1143 se
1966 1110 2023 1142 pu·

1138 1161 1184 1186 tat
1196 1152 1301 1186 babere
1310 1153 1417 1185 multos
1435 1151 1547 1193 fimilia
1553 1150 1706 1195 sapientes
1717 1176 1724 1182 .

1190 1203 1244 1236 Ex
1266 1201 1318 1236 his
1343 1202 1534 1247 fragmentis
1545 1201 1742 1236 addiscimus
1755 1201 1864 1245 plura.
1892 1198 2029 1240 Primo,

1140 1251 1229 1296 quod
1253 1251 1295 1286 ab
1320 1251 1484 1295 Ephefina
1505 1251 1645 1296 Synodo
1654 1253 1797 1292 fastam,
1823 1252 1858 1286 &
1881 1251 2030 1286 &Sancto

1141 1301 1271 1345 cyrino
1283 1303 1390 1336 rursus
1401 1302 1470 1336 fieri
1493 1302 1616 1341 suasam
1628 1302 1715 1337 circa
1727 1300 1906 1336 Theodori
1927 1300 2033 1345 perso-

1142 1362 1219 1386 nam
1244 1363 1284 1387 ac
1306 1362 1430 1386 nomen
1454 1351 1725 1396 dispensatoriam
1743 1352 1884 1398 gratiam
1897 1352 2034 1387 Sanctus

1143 1401 1280 1436 Procius
1300 1401 1487 1446 probaverit
1508 1412 1606 1445 atque
1629 1402 1796 1437 admiserit
1813 1428 1837 1442 .,
1858 1400 2035 1442 Secundo,

1144 1451 1234 1496 quod
1250 1451 1547 1488 Archi-Mandrita
1560 1454 1733 1488 Maximus
1744 1453 1842 1488 fuerit
1855 1453 1942 1488 inter
1952 1451 2035 1486 zelo-

1147 1503 1197 1537 sos
1221 1502 1331 1545 jactati
1357 1501 1392 1536 in
1407 1502 1629 1538 Theodorum
1651 1501 1868 1538 anathematis
1889 1504 2037 1537 fautores

1149 1564 1186 1587 ac
1196 1562 1370 1596 patronos.
1399 1551 1543 1594 Tertio,
1570 1552 1659 1598 quod
1680 1552 1841 1596 adipsum
1866 1551 2039 1586 stabilien-

1150 1602 1229 1637 dum
1242 1614 1322 1636 mox
1334 1602 1478 1648 Regiam
1490 1603 1659 1638 civitatem
1683 1602 1864 1637 accesserit:
1893 1601 1949 1635 Ut
1961 1599 2042 1633 Pro‘

1151 1651 1239 1686 clum
1251 1651 1473 1695 Episcopum,
1498 1663 1537 1686 ac
1554 1649 1781 1686 Theodosium
1806 1650 2040 1693 Imperatorem

1152 1701 1337 1736 deflesteret
1350 1701 1386 1735 in
1397 1701 1511 1736 eadem
1523 1702 1620 1735 Sensa
1631 1723 1640 1734 .
1666 1701 1812 1736 Forsitan
1833 1700 1958 1735 acceffit
1975 1699 2043 1733 una

1151 1763 1231 1787 cum,
1247 1751 1381 1796 Legatis
1404 1751 1551 1787 secundae
1565 1750 1748 1786 Armeniae.
1774 1751 1924 1799 Qarto,
1950 1749 2042 1795 quod

1154 1813 1207 1846 per
1219 1802 1327 1845 ipsum
1338 1800 1476 1836 Procius
1490 1802 1749 1836 suum-Tomum
1758 1801 1971 1836 transmiserit
1983 1800 2045 1833 Pa·-

1155 1851 1302 1884 triarcbae
1312 1851 1432 1893 Joanni
1449 1874 1460 1889 ‚
1486 1862 1524 1884 ac
1533 1850 1603 1892 ejus
1616 1852 1753 1892 synodo
1766 1876 1774 1883 .
1802 1851 1895 1885 Hinc
1916 1850 2045 1884 Facun-

1156 1900 1216 1934 dus
1227 1898 1474 1935 Hermianenfis
1484 1898 1595 1934 scribit
1606 1900 1712 1943 ipsum
1725 1899 1819 1935 fuisse
1828 1911 1921 1934 unum
1931 1912 1969 1933 ex
1977 1901 2046 1933 duo·

1156 1951 1210 1983 bus
1224 1972 1235 1988 ‚
1255 1957 1309 1991 per
1323 1960 1394 1991 quos
1408 1951 1532 1983 Proclus
1542 1951 1712 1987 synodicam
1723 1950 1888 1992 Epistolam
1912 1948 1984 1990 misit
2005 1953 2045 1981 0-

1158 1999 1335 2033 rientalibus
1346 1997 1501 2041 Episcopis.
1512 2022 1520 2031 .
1548 1998 1643 2033 Alter
1656 2000 1718 2033 fuit
1729 1998 1944 2033 Theodofius
1953 2022 1963 2038 ,
1990 2000 2045 2032 seu

1157 2047 1362 2084 Theodotus
1383 2048 1556 2082 Diaconus
1581 2047 1959 2093 Constantinopolitanae
1983 2047 2047 2082 Ec-

1157 2096 1259 2131 clefiae
1280 2121 1288 2129 .
1324 2097 1399 2132 Nec
1419 2096 1642 2132 dubitandum
1662 2099 1709 2132 est
1733 2122 1744 2138 ,
1769 2099 1849 2144 quin
1874 2099 2047 2133 Maximus

1158 2146 1316 2182 Proclum
1335 2146 1377 2181 ad
1400 2147 1621 2183 emittendum
1640 2149 1793 2184 Tomum
1813 2148 1970 2195 generose
1990 2160 2049 2182 ac«

1158 2196 1324 2232 cenderit.
1351 2197 1396 2230 Et
1419 2196 1498 2232 hinc
1513 2198 1776 2241 prudentiffimus
1786 2200 1915 2234 Dostor
1936 2211 1975 2234 ac
1987 2198 2053 2233 Pa-

1160 2247 1226 2280 stor
1245 2256 1307 2279 nec
1318 2246 1351 2279 se
1363 2245 1461 2282 nimis
1471 2247 1606 2281 accendi
1635 2248 1681 2282 est
1692 2250 1818 2291 passm,
1844 2249 1879 2283 ὅ(
1900 2248 2050 2283 Maximi

1160 2296 1307 2331 flammas
1316 2295 1361 2330 est
1375 2296 1562 2332 moderatus
1576 2310 1584 2329 :
1613 2297 1702 2332 Eum
1717 2298 1802 2333 [ει-ἰὰ
1812 2296 1986 2333 admonuit
2000 2299 2049 2332 ni-

1161 2345 1208 2380 hii
1222 2355 1346 2380 tentare
1360 2369 1373 2386 ,
1397 2358 1439 2381 ex
1451 2358 1520 2391 quo
1529 2347 1609 2382 oriri
1627 2348 1730 2391 posset
1747 2359 1834 2384 nova
1858 2349 2049 2384 commotio

1162 2405 1282 2438 pacatae
1302 2395 1369 2437 jam
1387 2396 1551 2430 Ecclefiae.
1580 2397 1626 2431 Et
1649 2408 1686 2432 ut
1698 2398 1812 2434 omnia
1833 2407 1943 2445 ageret
1954 2399 2049 2443 juxta.

1161 2444 1321 2487 judicium
1334 2444 1382 2476 sui
1398 2444 1571 2488 Episcopi.

1212 2492 1346 2540 Qinto
1358 2492 1555 2529 addiscimus
1565 2520 1576 2536 ‚
1602 2497 1691 2541 quod
1704 2498 1836 2542 quidam
1848 2498 2048 2543 dispensato-

1164 2542 1216 2578 riae
1228 2543 1278 2576 isti
1290 2543 1325 2576 in
1335 2541 1513 2578 Theodori
1537 2556 1659 2580 nomen
1680 2548 1789 2592 gratiae
1810 2549 1976 2583 noluerint
1996 2560 2049 2583 ac-

1164 2592 1342 2635 quiescere.
1370 2591 1482 2627 Sancti
1496 2593 1735 2631 ProcliTomo
1755 2596 1920 2639 subnexa,
1946 2599 2048 2642 &per

1164 2643 1260 2678 illum
1282 2642 1434 2676 damnata
1446 2643 1602 2687 Capitula
1621 2655 1792 2690 coeperunt
1801 2647 1976 2688 divellere,
2001 2648 2049 2683 eis

1163 2691 1339 2729 Theodori
1365 2703 1488 2728 nomen
1510 2705 1719 2739 praeponere,
1743 2696 1850 2732 eidem
1871 2697 2047 2733 anathema

1163 2741 1363 2783 adscribere,
1390 2742 1576 2780 istiusmodi
1591 2744 1732 2781 charitas
1745 2747 1890 2793 spargere
1906 2758 1962 2792 per
1976 2758 2050 2782 om·

1165 2803 1240 2827 nem
1262 2793 1455 2834 Orientem,
1482 2795 1514 2829 &
1538 2795 1677 2832 clamare
1699 2798 1789 2841 quod
1803 2799 1861 2831 ista
1878 2797 1993 2832 fierent
2003 2810 2050 2832 ex

1163 2843 1245 2887 jussu
1259 2843 1367 2877 Sancti
1377 2842 1503 2879 Procli.
1532 2844 1576 2879 Et
1590 2845 1722 2881 istorum
1733 2858 1819 2883 nnus
1829 2847 1972 2881 omnind
1981 2848 2048 2880 fuit

1166 2890 1453 2929 Archi-Mandrita
1476 2895 1663 2931 Maximus.
1689 2893 1803 2946 Qare
1824 2897 1965 2941 loannes
1988 2896 2049 2930 Pa-

1166 2941 1302 2978 triarcha
1330 2943 1416 2987 apud
1437 2942 1592 2981 Proclum
1605 2942 1802 2990 interceffit,
1825 2958 1901 2981 cum
1916 2946 2048 2991 magnis

1165 2993 1397 3040 querimoniis.
1425 2994 1468 3030 Et
1480 2996 1561 3040 ipsas
1575 2996 1711 3031 Proclus
1721 2997 1882 3036 attendit,
1908 2996 2046 3040 perstitit

1167 3043 1200 3076 in
1212 3044 1440 3087 dispensatoria
1453 3047 1580 3091 gratia,
1606 3047 1639 3081 se
1659 3047 1811 3092 purgavit
1830 3047 1872 3081 de
1894 3047 1980 3081 datis
1996 3048 2046 3082 fo-

1166 3095 1284 3129 mentis
1307 3094 1359 3129 isti
1382 3095 1524 3131 audaciae
1542 3120 1554 3137 ‚
1591 3095 1626 3131 dt
1650 3094 1814 3140 increpuit
1835 3097 2052 3137 Maximum,

1165 3143 1275 3182 denuo
1285 3145 1444 3182 mandans
1455 3145 1538 3180 nihil
1550 3148 1676 3180 moveri
1685 3146 1753 3182 sine
1765 3147 1901 3183 arbitrio
1911 3147 2049 3192 Episco-

1166 3196 1199 3238 pi
1213 3218 1221 3226 .
1247 3194 1290 3229 Et
1301 3196 1394 3230 suum
1406 3197 1596 3232 Diaconum
1605 3194 1826 3232 Theodotum
1838 3197 1924 3242 juffit
1934 3197 2045 3232 remit-

1167 3245 1194 3278 ti
1212 3245 1252 3279 ad
1264 3246 1412 3289 propria,
1437 3246 1559 3285 addens
1584 3247 1732 3281 causam:
1757 3250 1917 3292 ,Quatenus
1937 3256 2049 3291 tempe-

1160 3294 1236 3335 state
1260 3296 1431 3333 &tumultu
1443 3307 1502 3332 non
1521 3296 1698 3338 impleantur
1711 3297 1848 3341 Ecclefiae
1867 3298 1951 3334 urbis
1972 3301 2045 3332 San-

1167 3344 1309 3385 c‘ltffimae.
1337 3344 1400 3380 Per
1419 3344 1651 3383 Sanctiffimam
1672 3347 1785 3384 urbem
1802 3348 1956 3384 existimo
1974 3357 2045 3381 non

1169 3394 1494 3442 Constantinopolim
1514 3396 1656 3444 intelligi
1677 3422 1690 3439 ,
1723 3398 1779 3437 sed
1805 3395 2041 3484 Antioclaiam.

1646 3446 1683 3486 N
1970 3454 1992 3482 n
