2320 3730
599 178 907 234 Scflotns,
944 191 1006 221 ετ
1041 174 1235 221 Norts
1271 187 1656 223 ILLUSTRATAE.

206 263 270 304 ba,
298 261 353 298 sed
371 269 484 295 eorum
503 258 722 303 paraphrases.
751 259 944 302 Capitulum
967 256 1083 292 eodem

207 312 309 348 modo
326 309 486 344 intellexit
508 310 540 343 in
555 311 608 344 sua
629 310 715 343 fidei·
727 310 920 353 profeffione
945 309 1085 352 Joannes

207 362 398 396 Maxentius
412 385 418 392 .
450 360 601 394 Affirmat
622 359 746 402 abipso
762 371 830 394 nou
844 360 946 394 solam
959 355 1086 392 divisio-

206 423 282 448 nem
306 410 459 452 excludi,
485 411 536 443 sed
552 412 583 443 ἀ
594 411 818 444 confusionem
832 434 839 441 .

257 459 434 495 Eutherius
456 459 579 493 invadit
599 460 818 494 &secundum
839 458 947 492 Sansti
962 457 1082 500 Cyrilli

203 511 399 554 Capitulum
413 525 425 545 .-
451 514 483 544 51·
492 516 558 553 quis
577 522 634 542 non
656 510 806 551 confitetur
829 510 885 540 Dei
900 511 1005 540 Patris
1016 511 1089 540 Ver-

206 562 278 596 bum
298 587 308 600 ‚
332 566 417 593 carni
449 560 608 603 secundum
644 558 795 601 hypostafin
821 564 937 591 unitum
956 582 967 598 ‚
994 567 1086 590 unum

208 613 329 646 tan-tum
349 623 411 644 cum
431 609 585 653 suacarne
606 611 656 652 ff
669 608 816 648 christum
829 633 839 648 ,
864 610 992 641 eundem
1002 611 1088 639 nimi-

207 675 277 697 rum
287 666 381 695 Deum
396 659 481 702 fimul
500 660 708 697 &hominnm
733 658 896 691 anathema
912 657 966 699 fit.
995 657 1090 691 Affir-

208 723 278 747 mat
289 711 355 748 Dei
376 712 409 745 ὃς
422 709 566 745 hominis
589 711 728 745 formam
741 720 795 752 per
814 709 917 751 ipsum
930 706 1091 742 confundi

207 764 245 797 in
260 763 390 796 unicam
403 771 550 795 naturam
571 785 579 792 .
606 759 663 793 An
676 771 718 793 ex
735 758 948 793 Samosatensi
961 755 1092 791 Andrea

206 813 388 856 loquatur,
412 821 527 846 omnes
540 811 746 854 ignoramus:
775 808 969 852 bujusenim
978 807 1091 842 adver-

210 864 264 897 sus
297 862 473 897 secundum
495 860 686 903 Capitulum
718 859 844 903 Scripta
876 859 979 893 latent
996 881 1008 898 ,
1036 866 1091 890 aut
1118 883 1120 885 .

209 913 389 957 perierunt.
417 910 519 944 Haud
540 909 639 944 dubie
659 910 824 953 probarit,
851 909 887 943 δε
907 910 1034 943 secutus
1054 906 1092 940 sit

207 964 299 998 sensa
321 962 369 996 sui
392 961 584 995 dilefflffimi
599 958 824 993 Theodoreti:
851 962 949 991 Unum
971 958 1092 999 quidem

207 1012 360 1053 Christum
381 1011 545 1051 confitemur
561 1009 724 1051 secundum
742 1006 896 1050 hypostasin
916 1011 986 1042 verb
1010 1013 1092 1040 unio-

204 1073 276 1095 nem
294 1062 390 1092 modis
410 1058 543 1090 omnibus
566 1064 735 1101 ignoramus
754 1080 765 1096 ,
789 1067 944 1100 tamquam
963 1063 1092 1101 peregrl-

206 1122 280 1143 nam
292 1134 302 1149 ,
328 1110 361 1142 (9·
372 1109 500 1141 alienam
521 1110 541 1141 ἃ
553 1110 678 1141 Divinis
690 1111 710 1141 5
711 1114 853 1149 cripturis
877 1110 911 1141 (θ’
923 1108 1070 1141 Patribus
1081 1132 1092 1147 ,

203 1166 260 1203 qui
271 1171 320 1193 eas
331 1164 522 1199 interpretati
527 1156 602 1201 sunt
618 1183 624 1190 .
651 1159 682 1190 51
695 1164 761 1201 quis
772 1166 870 1191 autem
887 1166 947 1200 per
958 1163 1093 1191 unionem

201 1209 366 1254 secundum
377 1208 530 1250 hypostafin
550 1210 617 1242 vult
638 1207 689 1241 boc
711 1209 807 1241 dicere
821 1233 832 1248 ‚
858 1213 906 1248 ei,
932 1211 1018 1250 aquo
1030 1208 1094 1240 haec

198 1255 275 1293 vurta
286 1258 378 1302 sunt,
405 1260 486 1300 quod
502 1267 767 1300 temperamentum
793 1263 893 1291 carnis
916 1259 951 1291 (zt
971 1261 1092 1290 Divini-

206 1316 283 1343 ratis
303 1308 465 1351 fitfac‘lum
478 1333 489 1349 ,
512 1310 745 1342 contradicemus
765 1319 833 1341 cum
855 1312 934 1340 omni
955 1309 1093 1340 alacrita-

205 1369 239 1394 te
252 1384 263 1401 ,
284 1360 536 1402 &redarguemus
557 1357 769 1403 blasphemiam
790 1383 797 1390 .
825 1358 942 1401 Necesse
960 1357 998 1398 est
1017 1363 1095 1391 enim

208 1411 255 1444 ad
274 1416 538 1451 temperamentum
554 1408 639 1452 sequi
660 1408 849 1450 confufionem
871 1421 878 1440 :
906 1410 951 1439 Et
969 1408 1094 1452 ingreffa

209 1458 333 1501 confufio
355 1458 455 1500 aufert
478 1458 701 1502 uniuscujusque
721 1468 841 1492 naturae
862 1464 1094 1501 proprietatem.

207 1510 256 1544 Et
267 1509 336 1553 post
358 1510 445 1543 varia
466 1508 702 1542 Theodoretus
724 1508 894 1543 concludit
908 1521 919 1541 s
944 1506 1096 1550 superflua

209 1565 310 1602 itaque
319 1557 480 1602 secundum
488 1557 701 1602 subfistentiiim
722 1563 791 1591 unio
804 1581 815 1597 ,
841 1569 932 1599 quam
949 1565 1007 1600 pro
1025 1566 1096 1591 tem-

203 1617 380 1652 peramento
402 1609 485 1642 nobis
497 1634 507 1649 ‚
529 1608 603 1649 ficut
617 1616 712 1649 puto,
735 1615 906 1649 proponunt
920 1632 927 1639 .
953 1607 1009 1641 Ad
1029 1606 1095 1641 haec

207 1659 342 1703 respicit
366 1659 399 1692 in
423 1659 507 1693 libro
528 1657 569 1691 de
580 1657 677 1691 Sectis
699 1656 858 1693 Leontius
878 1655 1096 1692 Scholasticus

207 1709 439 1752 Byzantinus:
465 1708 660 1741 Theodoretus
685 1709 786 1745 Cyrilli
795 1715 970 1752 oppugnans
989 1709 1094 1742 duode-

209 1765 270 1795 cim
280 1761 444 1803 Capitulis,
471 1770 506 1792 ea
507 1757 547 1800 fic
558 1756 712 1800 refutabat
724 1783 735 1798 ,
758 1769 791 1792 ut
802 1759 944 1797 Cyrillum
967 1761 1095 1793 &Aria-

210 1822 286 1845 num
307 1834 317 1850 ,
359 1811 393 1843 ὁ·
412 1809 450 1841 ab
471 1812 616 1842 Eunomia
637 1819 672 1841 ac
701 1809 882 1849 apollinario
901 1810 953 1851 effe
972 1810 1095 1841 diceret.

208 1862 337 1904 ‚Quippe
348 1859 473 1898 cyrillus
491 1870 555 1892 cum
569 1858 700 1897 Nestorio
717 1866 857 1901 pugnans
868 1881 879 1897 ,
905 1857 1096 1901 dispensatio-

209 1922 280 1944 :nem
292 1911 410 1942 Domini
421 1910 577 1942 dividente
587 1932 598 1949 ,
619 1914 806 1950 praecipuam
818 1909 1002 1943 inculcanda·
1015 1914 1097 1941 unio-

209 1965 262 1995 nis
272 1971 380 1993 curam·
389 1958 445 2001 fibi
461 1956 606 2002 sumpfit,
631 1959 750 1999 ideoque
761 1958 935 1992 Theodoreto
955 1959 1097 2001 quodam-

209 2011 297 2045 modss
319 2020 409 2043 unam
430 2019 571 2042 naturam
591 2031 602 2047 ‚
629 2012 804 2041 Arianorum
825 2020 860 2041 ac
881 2007 1096 2049 apollinarista-

207 2070 397 2100 rum·more‚
412 2065 541 2106 'opinari
561 2057 740 2091 videbatur.
770 2059 824 2089 Sic
838 2056 1030 2096 videbatur,
1055 2056 1096 2089 eo

207 2110 301 2153 quod
324 2110 492 2143 induceret
518 2118 633 2146 vocem
660 2110 734 2140 Unio
748 2103 1096 2154 secundumhypostafin‚

205 2167 263 2196 aut
270 2158 478 2202 subsistentiam
491 2184 498 2192 .

260 2208 459 2242 UtiHofius
478 2208 696 2242 Cordubenfis
718 2208 753 2241 in
765 2207 947 2251 Hispania,
973 2219 1011 2242 ac
1022 2208 1098 2241 San-

206 2260 280 2293 flus
291 2259 519 2302 Hermogenes
530 2258 783 2294 Caesaraeenfisin
797 2258 1006 2300 Cappadocia
1021 2257 1096 2299 Epi-

206 2310 327 2352 scopus
347 2333 358 2349 ,
384 2319 422 2342 ac
445 2319 499 2352 per
521 2309 607 2352 ipsos
627 2307 761 2342 Nicaena
783 2307 938 2351 Synodus
959 2317 1073 2341 vocem
1086 2330 1097 2345 ‚

209 2356 465 2401 consubstantiale
486 2383 497 2399 ‚
535 2359 581 2392 ita
603 2359 736 2393 Sanctus
768 2356 917 2399 Cyrillus
937 2383 948 2398 ‚
987 2369 1024 2391 ac
1045 2368 1100 2399 per

207 2409 319 2450 ipsum
342 2407 499 2450 Ephelina
520 2407 675 2450 Synodus
694 2407 729 2438 in
754 2407 931 2440 Ecclesiam
953 2406 1100 2439 introdu-

210 2457 286 2496 xit,
313 2456 566 2491 &canonizavit
590 2466 710 2490 voces:
737 2459 809 2487 Unio
825 2455 985 2498 secundum
1011 2454 1098 2497 hypo-

206 2505 314 2548 flastn.
343 2506 478 2540 Etenim
501 2506 549 2539 uti
572 2506 630 2540 ista
655 2506 816 2538 Arianum
837 2530 848 2546 ‚
876 2506 921 2540 ita
942 2503 1010 2540 haec
1032 2517 1098 2540 vox

210 2555 451 2590 Nestorianum
471 2565 612 2588 errorem
634 2566 702 2588 non
724 2554 936 2589 solummodo
959 2556 1097 2589 circum·

210 2605 345 2644 scribit,
370 2604 425 2638 sed
447 2605 577 2648 penitus
597 2605 733 2638 suffocat
753 2615 791 2638 ac
808 2605 979 2638 excludit.
1006 2605 1098 2639 Hinc

210 2655 261 2689 nti
273 2655 364 2689 istam
378 2653 516 2695 Ariani,
539 2655 583 2689 ita
594 2653 678 2688 hanc
689 2662 807 2687 omues
818 2653 1022 2688 Nestorianae
1031 2666 1098 2698 per-

209 2704 319 2745 fidiae,
344 2715 400 2739 aut
423 2706 564 2748 persona-s
582 2704 753 2739 dilectores
764 2705 839 2738 sunt
859 2705 991 2739 aversati
1003 2706 1099 2748 perti·

211 2755 379 2789 naciffime
391 2778 402 2794 ‚
428 2765 466 2788 ac
487 2751 689 2789 hostiliffime
706 2755 896 2789 accusarunt
916 2755 958 2789 de
977 2756 1073 2789 variis
1086 2780 1094 2788 .

212 2804 350 2838 Etenim
363 2803 533 2838 Rabbulas
555 2804 731 2839 Edeffenus
742 2805 921 2849 Episcopus
932 2806 966 2839 in
983 2805 1098 2840 litteris

213 2853 256 2889 nd
283 2855 435 2888 Sandium
469 2853 635 2897 Cyrillum
659 2879 670 2894 ,
695 2855 895 2889 exstantibus
915 2857 949 2889 in
978 2857 1094 2899 quinta

213 2905 359 2939 Aetione
381 2903 487 2948 quinti
514 2904 662 2938 Concilii
680 2929 690 2945 ,
716 2905 826 2939 scribit
851 2906 892 2939 de
914 2906 1095 2941 Orientalis

212 2954 363 2988 Ecclefiae
373 2954 544 2998 Episcopis
557 2965 593 2989 ac
612 2955 766 2999 Populis:
794 2957 929 3000 ,Quidam
949 2963 1094 2991 unitatem

212 3002 372 3047 secundum
394 3003 545 3046 hypostasin
567 3004 696 3038 omnibus
715 3007 810 3039 modis
842 3007 983 3040 abdicant
1005 3032 1011 3039 .
1042 3008 1094 3040 Ex

212 3053 345 3087 occulta
355 3052 493 3088 libidine
502 3065 577 3098 erga
588 3052 804 3090 Theodorum
825 3056 1094 3100 Mopsuestenum

211 3104 438 3153 Episcopum,
463 3114 501 3137 ac
519 3104 708 3139 Nestorium
728 3132 735 3139 .
766 3107 867 3153 Qod
887 3108 988 3142 etiam
1008 3107 1096 3141 Rab-

214 3153 300 3187 bulae
310 3154 476 3188 Succeffor
497 3152 644 3188 &hostis
653 3155 809 3191 lbasistas
830 3168 925 3192 voces
935 3160 1094 3192 aversatus

212 3204 312 3237 fuerit
325 3227 337 3243 ,
363 3203 501 3245 ideoque
513 3204 530 3236 a
543 3204 662 3238 Sansto
678 3206 810 3249 Cyrillo
831 3209 965 3243 unicam
978 3209 1011 3242 in
1024 3209 1093 3242 Do-

211 3254 309 3289 mino
319 3263 467 3287 naturam
479 3277 491 3293 ‚
516 3253 549 3289 &
561 3253 759 3296 Apollinarii
778 3257 1002 3292 confusionem
1010 3258 1094 3303 dog—

209 3302 355 3343 matizari
376 3303 549 3338 crediderit
562 3328 573 3344 ‚
599 3304 736 3339 affirmat
746 3306 832 3341 sexta
854 3308 962 3351 quinti
973 3309 1093 3343 Conci·

210 3357 250 3396 lii
272 3354 420 3388 Collatio
432 3378 444 3394 ,
468 3354 502 3387 δε
525 3353 694 3400 adjungite
719 3358 783 3400 ,Qui
801 3362 984 3400 impietatem
1003 3359 1092 3393 Theo-

311 3402 419 3445 christ.
434 3407 514 3451 Lupi
526 3409 624 3449 Opera
635 3408 669 3437 T.
677 3410 744 3440 Vn:

1863 190 1957 236 205

1152 256 1216 288 dori
1233 266 1267 288 ac
1287 253 1415 294 Nestorii
1435 256 1596 288 vindicant
1617 280 1628 295 ,
1656 257 1823 298 divisionem
1847 262 2026 306 diligentes,

1153 307 1187 339 (9
1195 314 1317 348 propter
1325 305 1377 339 boc
1388 306 1461 339 duas
1475 304 1616 348 personas
1629 309 1840 343 introducentes
1852 335 1863 351 ,
1887 310 2026 354 accusant

1153 361 1298 389 unitatem
1316 380 1327 395 ‚
1352 368 1420 399 quae
1431 355 1467 396 est
1475 354 1632 399 secundum
1646 353 1871 398 fitbfistentiam.
1898 362 2032 396 Praeser-

1152 406 1213 439 tim
1237 406 1313 440 vero
1324 406 1576 441 Theodoretus.
1605 407 1693 440 Nam
1714 406 1813 439 etiam
1837 408 1871 440 in
1893 411 2031 453 litteris,

1154 456 1239 498 apud
1252 457 1402 499 quintam
1415 456 1586 500 Synodum
1598 455 1798 490 exstantibus
1810 481 1819 495 ‚
1832 468 1910 500 quas
1922 460 2030 493 adver-

1154 505 1206 539 sus
1218 507 1325 541 Sansti
1347 507 1466 551 Cyrilli
1490 507 1640 550 Capitula
1662 507 1778 550 scriplit
1790 504 1829 539 ad
1843 508 1950 540 nescio
1963 520 2034 551 quae

1157 556 1377 597 Monasteria‚
1404 558 1449 591 ita
1470 554 1590 592 habet.-
1616 561 1652 590 In
1655 555 1784 600 secundo
1803 558 1933 590 &tertio
1943 562 2034 599 Capi-

1157 606 1214 637 tulo
1226 607 1349 644 cyrillus
1371 614 1540 648 unitatem,
1565 618 1633 651 quae
1655 606 1692 647 est
1708 606 1868 650 secundum
1888 605 2035 649 subfisten-

1157 660 1233 687 tiam
1246 680 1257 695 ,
1283 658 1441 690 introducit
1450 683 1460 698 ‚
1488 659 1522 692 Θ
1532 661 1723 691 Conveniam
1727 665 1784 699 per
1795 663 1939 690 unitatem
1947 666 2037 689 natu-

1156 706 1250 737 ralem
1263 729 1274 744 ‚
1301 714 1538 747 temperationem
1559 709 1719 750 quamdam
1740 706 2036 749 &confufionemper

1159 753 1221 786 baec
1231 755 1475 796 nominafat‘lam
1485 758 1535 797 esse
1544 759 1644 791 dicens
1657 760 1782 791 Divi'nae
1804 768 1922 791 naturae
1932 768 1966 790 ac
1978 755 2038 798 ser-

1158 803 1307 845 viformae
1319 829 1327 836 .
1355 809 1416 838 Hoc
1438 808 1508 838 vera
1521 806 1560 838 ab
1583 806 1720 841 haeretica
1732 808 1905 850 apollinarii
1916 806 2036 850 insania

1157 854 1326 894 natumest.
1354 856 1410 888 ‘Ac
1431 856 1467 888 in
1489 857 1615 898 praefata
1628 857 1668 890 ad
1684 859 1845 900 Ioannem
1858 856 2038 896 Antioche-

1158 913 1239 937 num
1251 904 1395 948 Epistola
1409 917 1417 936 :
1445 906 1589 947 capitula
1599 904 1709 939 babent
1718 914 1867 941 unitatem
1877 907 2037 952 secundum

1156 952 1308 996 hypostafin
1329 956 1363 988 <9⁴
1385 959 1574 989 conventum
1600 958 1767 988 naturalem
1787 981 1795 988 .
1824 959 1868 992 Et
1889 957 2039 1002 adjungit

1159 1002 1226 1038 haec
1252 1005 1314 1039 effe
1336 1007 1545 1038 Haereticorum
1558 1011 1697 1048 germina
1715 1010 1897 1040 zizaniorum
1916 1033 1923 1039 .
1960 1008 2039 1041 Istas

1139 1055 1255 1106 lvoces
1273 1056 1402 1089 accusat
1426 1054 1468 1089 de
1489 1055 1603 1089 variis.
1631 1054 1747 1088 Primo
1769 1081 1780 1096 ‚
1805 1056 1894 1099 quod
1913 1057 1951 1090 fit
1973 1069 2042 1091 vox:

1160 1105 1347 1149 peregrina,
1373 1106 1407 1139 δε
1419 1107 1518 1149 usque
1529 1115 1610 1140 tunc
1622 1115 1691 1139 non
1703 1103 1814 1141 audita
1824 1106 1858 1138 in
1874 1106 2040 1140 Ecclefiis.

1160 1155 1330 1194 Secundo,
1356 1155 1447 1197 quod
1469 1167 1528 1189 nec
1547 1155 1583 1189 in
1597 1154 1701 1189 Sacris
1713 1155 1829 1189 litteris
1849 1156 2044 1198 reperiatur,

1161 1216 1223 1238 nec
1242 1205 1276 1238 in
1296 1205 1421 1239 Sanctis
1442 1204 1605 1240 Patribus.
1635 1204 1755 1239 Tertio
1768 1230 1779 1246 ,
1803 1205 1893 1249 quod
1917 1216 2045 1239 natura-

1162 1265 1235 1289 rum
1260 1256 1536 1299 temperationem
1549 1256 1702 1299 importet
1714 1280 1725 1296 ,
1751 1255 2047 1290 &confufionem.

1160 1304 1313 1352 Qarto‚
1338 1304 1427 1349 quod
1446 1306 1486 1340 fit
1508 1306 1666 1349 superflua
1689 1306 1876 1348 &nociva,
1904 1306 2046 1350 ideoque

1161 1355 1391 1399 proscribenda
1410 1354 1452 1391 ad
1469 1354 1715 1400 Apollinarium
1727 1381 1736 1389 .

1202 1405 1258 1439 Ad
1271 1417 1341 1450 quae
1353 1407 1466 1440 omnia
1476 1407 1609 1442 Sanctus
1619 1406 1768 1450 Cyrillus
1775 1406 1978 1451 compendio
1988 1406 2050 1440 ress

1162 1455 1298 1499 pondit:
1325 1455 1522 1491 Theodoretus
1534 1455 1668 1490 detrabit
1687 1455 1837 1500 sermoni,
1866 1457 2049 1492 secundum

1162 1504 1182 1538 h
1186 1506 1347 1549 ypostafin
1359 1532 1367 1540 .
1395 1510 1534 1541 Damnat
1548 1513 1627 1541 enim
1637 1513 1782 1541 novitatis
1799 1531 1810 1548 ,
1837 1509 1871 1541 ὦ*
1893 1508 2049 1550 peregrine

1161 1557 1314 1597 prolatum
1324 1558 1456 1600 affirmat
1468 1582 1480 1598 ,
1508 1570 1565 1591 non
1577 1555 1761 1598 confiderans
1773 1582 1784 1598 ,
1810 1564 1881 1599 quia
1894 1563 2049 1599 impiorum

1161 1604 1365 1640 baereticorum
1386 1608 1651 1642 adinventionibus
1671 1607 1834 1640 diatonum
1856 1612 1958 1640 virtus
1971 1610 2050 1639 veri-

1161 1664 1256 1689 tatem
1267 1665 1412 1699 opponens
1425 1681 1436 1697 ,
1463 1658 1605 1698 destruere
1616 1660 1721 1690 nititur
1728 1658 1808 1699 quod
1815 1657 1854 1690 ab
1864 1661 1906 1690 eis
1922 1657 2044 1690 videtur·

1161 1705 1316 1748 oppositum
1329 1732 1336 1740 .
1363 1711 1399 1740 N
1401 1707 1498 1747 estorio
1508 1713 1598 1751 igitur
1605 1706 1711 1748 ubique
1726 1712 1891 1749 perimente
1905 1710 1962 1741 Dei
1972 1711 2043 1740 Ver·

1163 1756 1193 1789 bi
1206 1763 1398 1791 nativitatem
1404 1756 1564 1800 secundum
1578 1767 1698 1791 carnem
1713 1782 1724 1798 ‚
1751 1759 1786 1791 (at
1791 1756 1888 1800 fhlam
1899 1758 1984 1791 nobis
1996 1758 2042 1790 di-

1160 1813 1314 1850 gnitatum
1335 1812 1482 1841 unitatem
1503 1809 1704 1842 introducente
1717 1831 1729 1847 ,
1754 1807 1956 1850 hominemque
1979 1811 2042 1841 Deo

1162 1857 1328 1898 copulatum
1341 1858 1392 1901 effe
1401 1859 1517 1891 dicente
1528 1883 1539 1899 ‚
1560 1858 1716 1899 filiationis
1737 1862 1969 1900 aqui-vocatione
1989 1856 2041 1890 bo-

1163 1916 1321 1947 nor-atum,
1348 1908 1499 1950 necessario
1522 1920 1573 1941 nos
1598 1908 1694 1941 Didiis
1714 1908 1792 1941 illius
1819 1915 2015 1952 repugnantes
2029 1933 2042 1949 ‚

1158 1955 1536 2000 secundumfubfistentiam
1546 1964 1682 1991 unionem
1694 1959 1819 1991 dicimus
1825 1958 1943 1999 fac‘lam
1954 1983 1964 1999 ,
1975 1970 2044 1993 ver·

1162 2006 1276 2046 bohoc,
1304 2007 1480 2041 secundum
1502 2008 1760 2047 subsistentiam,
1786 2006 1864 2041 nibil
1885 2010 1970 2042 aliud
1998 2009 2062 2042 de«

1163 2055 1342 2094 monstrante
1351 2079 1362 2094 ,
1387 2055 1540 2100 nififhlum
1553 2058 1643 2091 Verbi
1656 2067 1796 2091 naturam
1807 2083 1817 2098 ,
1831 2057 1896 2099 five
1901 2057 2049 2102 subfisten·

1163 2109 1238 2137 tiam
1252 2129 1263 2145 ,
1289 2107 1371 2147 quod
1390 2105 1427 2146 est
1447 2105 1544 2150 ipsum
1563 2108 1691 2141 Verbum
1704 2133 1715 2149 ,
1743 2108 1884 2142 bumanae
1911 2118 2050 2147 naturae,

1167 2156 1238 2189 vere
1263 2161 1380 2189 unitam
1399 2155 1462 2198 fine
1482 2157 1544 2190 ulla
1554 2157 1732 2198 converfione
1756 2167 1848 2200 atque
1868 2158 2050 2201 confufione,

1167 2216 1256 2239 unum
1273 2207 1396 2249 intelligi
1422 2208 1456 2240 ό·
1479 2206 1530 2249 esse
1553 2206 1702 2246 christum
1716 2231 1728 2247 ,
1754 2208 1878 2242 eundem
1890 2211 1986 2241 Deam
2014 2213 2049 2243 <9⁴

1166 2255 1327 2288 bominem.
1356 2255 1477 2299 Ample
1490 2257 1521 2290 se
1540 2256 1698 2300 exponit,
1723 2257 1756 2290 δε
1780 2257 1919 2301 graviter
1941 2258 2052 2302 queri-

1167 2315 1218 2339 tur
1228 2304 1483 2340 Theodoretum
1503 2306 1706 2342 sermonibus
1733 2306 1905 2347 disertum,
1931 2319 1969 2342 ac
1983 2310 2053 2352 spe-

1165 2355 1386 2390 culationibus
1397 2358 1555 2390 versatum
1569 2369 1579 2399 ·‚
1608 2358 1751 2402 spargere
1762 2357 1796 2391 in
1809 2358 1924 2402 vulgus
1935 2383 1946 2399 ,
1957 2360 2049 2403 quod

1165 2404 1313 2447 hypostafis
1325 2406 1496 2439 vocabulum
1514 2406 1790 2450 fitfignificativum
1817 2408 1986 2449 confusionis
2013 2421 2049 2442 ac

1164 2461 1407 2496 temperamenti.
1436 2457 1570 2491 Fatetur
1582 2468 1678 2492 voces
1695 2458 1769 2492 istas
1780 2459 1842 2492 esse
1854 2469 1957 2493 novas
1971 2482 1982 2498 ,
1994 2458 2048 2492 sed

1165 2505 1329 2539 additeffe
1342 2505 1443 2540 bonas
1469 2506 1624 2542 &utiles.
1657 2507 1790 2543 Etenim
1803 2507 1836 2541 in
1857 2507 2049 2542 Constanti·

1164 2555 1357 2599 nopolitana
1373 2555 1565 2590 Collatione
1579 2559 1747 2601 Hypatius
1769 2557 1948 2600 Ephefinus
1969 2558 2048 2601 Epi-

1163 2607 1278 2649 scopus
1290 2603 1371 2639 reste
1381 2605 1465 2639 dixit
1475 2605 1516 2639 ad
1532 2607 1725 2642 Severianos
1748 2607 1928 2652 Episcopos
1942 2621 1949 2640 ε
1976 2613 2046 2641 Om-

1162 2662 1212 2688 nis
1228 2657 1349 2697 quidem
1372 2661 1493 2689 nevira:
1507 2663 1669 2701 peregrina
1687 2658 1725 2698 est
1747 2680 1759 2697 ‚
1787 2656 1846 2700 sed
1869 2669 1926 2692 non
1947 2664 2057 2692 omnis·

1161 2706 1288 2739 obnoxia
1300 2732 1308 2740 ,
1336 2705 1451 2739 Exstat
1463 2706 1673 2742 Laodicenfis
1684 2707 1770 2743 inter
1777 2708 1931 2742 Sanctum
1940 2706 2044 2744 Atha-

1162 2757 1283 2790 nafium
1295 2767 1332 2789 ac
1345 2754 1464 2790 Arium
1477 2756 1656 2801 disputatio
1669 2783 1680 2799 ,
1707 2759 1743 2793 in
1755 2769 1818 2801 qua
1832 2757 1932 2792 Arius
1942 2760 2043 2800 vocis,

1162 2805 1434 2848 consubstantiale,
1465 2808 1646 2843 novitatem
1658 2808 1812 2843 acerrime
1830 2808 1980 2848 invadit,
2006 2809 2041 2842 &

1161 2857 1231 2899 post
1260 2856 1346 2891 varia
1369 2854 1565 2892 Athanasius
1586 2860 1758 2903 respondet
1790 2869 1798 2889 :
1835 2857 2038 2899 Ecclefiasticae

1154 2905 1272 2950 semper
1288 2911 1380 2940 moris
1402 2905 1438 2947 est
1456 2905 1618 2950 disciplina·
1629 2934 1638 2949 ,
1659 2908 1690 2950 fi
1698 2908 1818 2950 quando
1838 2907 2039 2942 baereticorum

1159 2968 1240 2990 nova
1260 2956 1396 2990 dodrina
1407 2964 1524 3001 exurgit
1533 2983 1544 2999 ,
1571 2962 1671 2992 contra
1682 2957 1838 3001 insolentes
1850 2958 2040 3000 quaestionum

1158 3013 1309 3041 novitates
1329 3006 1417 3040 rebus
1439 3008 1663 3042 immutabiliter
1682 3007 1926 3051 permanentibus
1947 3015 2038 3043 nomi-

1157 3069 1228 3091 num
1237 3057 1379 3092 vocabula
1391 3063 1548 3091 immutare
1558 3082 1569 3098 ,
1596 3057 1847 3102 &fignificantius
1860 3070 1960 3093 rerum
1982 3071 2038 3093 na·

1157 3117 1241 3141 iuras
1260 3115 1442 3150 exprimere,
1468 3119 1533 3151 quae
1553 3117 1653 3141 tamen
1672 3108 1856 3149 exilientium
1874 3108 2034 3153 causarum
2050 3099 2128 3133 Adn·
2139 3103 2211 3133 Nos·

1156 3159 1320 3193 virtutibus
1333 3167 1494 3202 congruant
1503 3183 1514 3198 ,
1543 3159 1577 3192 (5
1586 3170 1654 3201 quae
1664 3164 1762 3204 magis
1773 3158 1890 3202 easdem
1906 3165 2034 3204 antiqui·
2047 3142 2191 3179 Tne-'²⁶⁷'

1155 3215 1204 3242 tus
1219 3209 1308 3252 fuisse
1327 3207 1540 3248 demonstrent,
1567 3219 1624 3241 non
1636 3217 1715 3243 ortus
1732 3216 1898 3245 novitatem
1919 3210 2033 3255 mensu-

1155 3268 1236 3293 rent.
1263 3260 1416 3293 Affirmat
1433 3258 1495 3292 eise
1505 3257 1693 3293 Institutum
1707 3260 1957 3305 Apostolicum.
1986 3261 2031 3295 Et

1156 3309 1354 3345 demonstrat
1365 3320 1404 3342 ex
1419 3319 1504 3342 nova
1517 3319 1572 3352 per
1583 3308 1761 3352 Apostolos
1778 3312 1960 3347 introducta
1973 3321 2031 3345 vo·-

1156 3372 1212 3400 ω,
1238 3358 1424 3400 Christianus
1434 3383 1441 3390 .
1471 3358 1634 3404 Loquitur
1645 3371 1685 3394 ex
1698 3362 1815 3397 Sansto
1826 3360 2030 3406 Augustino,

1652 3411 1673 3447 S
1923 3409 1980 3457 qui
