2320 3730
345 207 407 244 16
410 205 443 241 6

271 283 415 326 loannes
426 279 519 314 istam
531 279 761 314 evocationem
778 278 872 314 valde
883 275 1045 312 timuerit.
1074 272 1156 307 Non

267 329 482 365 solummodo
506 329 552 365 ob
572 330 768 365 seneautem
788 323 1156 366 acitinerismolestias‚

264 381 324 415 :sed
346 381 447 421 etiam
468 380 514 415 ob
534 379 623 415 hane
644 381 772 414 causam
786 391 798 411 .-
823 380 971 418 scriptum
982 373 1106 414 nabiest
1117 376 1156 409 ab

264 431 416 474 aliquibus
435 436 539 465 amicis
563 433 597 465 ts·
615 433 744 472 propriis
766 451 778 468 ,
804 432 875 470 quia
895 428 929 459 &
952 430 985 457 in
1005 428 1060 457 via
1081 426 1155 460 mibi

264 481 349 515 dolas
371 481 590 523 interfedionis
616 477 779 521 compositus
793 502 804 519 ‚
824 477 855 519 fi
865 474 967 517 paffus
989 474 1078 516 fuero
1098 482 1155 510 iter

263 532 422 575 affumere.
451 531 512 566 Per
533 530 689 573 Proprios
712 528 838 562 videtur
860 524 1045 568 intelligere
1063 525 1156 570 Apo,-

264 582 430 616 crisarios.
459 583 492 615 O
517 578 796 624 humanigeneris
806 588 847 609 ex
859 575 1015 619 originali
1027 578 1152 612 coecita-

263 640 297 667 te
320 632 480 666 miserias!
510 630 563 664 En
588 630 697 674 qualia
719 626 942 668 suspiceturac
954 626 1068 661 timeat
1079 627 1150 671 Epi—

261 681 378 726 scopus
402 680 444 716 ab
468 681 632 723 Episcopo
655 702 665 717 ,
692 674 882 710 Patriarcha
903 675 922 709 a
943 675 1147 712 Patriarcha.

259 731 403 781 Joannes
424 732 483 765 ista
494 729 606 765 omnia
617 724 757 759 credidit
778 727 841 760 effe
853 726 1151 769 Cyrillimachina-

260 790 372 815 menta
394 805 404 820 ‚
436 779 577 821 ideoque
596 774 723 810 addidit
748 789 760 810 .-
788 777 872 809 Licit
892 776 1018 817 nostrum
1045 787 1150 821 corpus

259 834 305 862 ita
324 828 363 870 fit
374 829 510 873 fragile,
537 835 571 859 ut
587 823 750 867 fiCyrillus
776 822 909 860 millibus
931 837 1035 861 contra
1046 842 1091 863 me
1101 841 1149 863 ne-

258 879 430 919 ceffitatibus
452 877 616 918 abutatur,
641 882 713 910 vias
736 887 784 912 me
809 877 1080 923 afficmereppffibile
1090 891 1148 913 non

250 927 302 970 fit,
332 927 495 962 credebat
520 925 638 970 Cyrilli
660 935 742 961 artes
766 926 808 960 eo
833 927 966 962 tendere
987 951 999 968 ,
1025 940 1062 963 ut
1081 930 1148 974 ipse

257 977 415 1012 molestiis
435 979 553 1011 fractus
575 987 756 1011 moreretur
779 977 815 1010 in
839 977 954 1012 itinere
975 1004 983 1010 .
1013 979 1058 1014 Et
1080 979 1147 1014 haec

256 1025 396 1062 omnino
411 1027 457 1061 est
482 1038 547 1061 una
558 1038 599 1060 ex
611 1027 816 1066 rationibus,
841 1028 886 1062 ob
897 1040 975 1072 quas
987 1029 1146 1064 Theodo-

253 1077 316 1112 sius
339 1085 516 1121 utrumque
539 1076 649 1120 postea
671 1078 842 1112 excusavit
864 1078 881 1112 ὲ
895 1078 1144 1113 Nicomedi-ensi

253 1129 377 1162 acceffu
392 1151 404 1168 ,
432 1128 623 1170 permittens
644 1127 834 1172 quaestiones
853 1129 986 1172 transigi
1000 1139 1056 1172 per
1071 1128 1144 1173 Epi-

252 1178 371 1213 stolas.
955 1180 958 1181 ⁷
1003 1179 1005 1181 '

305 1229 424 1263 Eidem
445 1229 617 1265 Relatores
638 1229 701 1264 suis
725 1228 843 1265 litteris
862 1229 1079 1273 adjunxerant
1101 1231 1143 1263 fa·

251 1279 373 1314 ciendae
385 1281 472 1324 pacis
499 1280 731 1323 conditiones,
758 1281 988 1325 ingratiffimas
1000 1281 1119 1325 Joanni
1134 1305 1144 1321 ‚

251 1330 393 1372 ideoque
416 1331 472 1373 ipsi
484 1331 641 1373 majorem
653 1331 823 1366 horrorem
834 1332 1052 1366 incusserant.
1079 1331 1132 1365 Pri

250 1392 306 1415 ma
319 1393 383 1415 erat
397 1406 407 1421 ,
434 1382 523 1425 quod
538 1381 715 1416 duodecim
729 1381 850 1424 Cyrilli
870 1382 1023 1426 Capitula
1034 1406 1046 1423 ,
1073 1393 1143 1425 pro·

248 1442 320 1475 pter
331 1444 398 1476 quae
412 1433 553 1476 Joannes
564 1432 669 1475 ipsum
681 1432 800 1477 Ephesi
821 1431 1050 1477 degradaverat
1062 1455 1074 1472 ,
1100 1433 1145 1465 es—

248 1482 319 1515 sent
344 1482 511 1526 probanda
530 1483 775 1526 &acceptanda
791 1507 797 1514 .
830 1483 979 1517 Secunda
992 1481 1144 1517 conditio

247 1542 314 1566 erat
338 1533 554 1573 horribilior,
582 1532 700 1577 nempe
722 1533 812 1578 quod
844 1545 958 1568 omnes
979 1533 1028 1567 illi
1046 1557 1059 1573 ,
1085 1533 1142 1577 qui

246 1582 285 1616 in
308 1581 443 1615 Christo
467 1584 622 1616 Domino
643 1584 723 1616 duas
747 1594 878 1618 naturas
891 1585 1143 1627 profiterentur,

246 1632 348 1666 essent
389 1629 690 1666 anathematizandi
714 1656 721 1664 .
747 1633 840 1667 Hinc
872 1634 1014 1676 Joannes
1035 1632 1143 1667 scribit

245 1681 386 1725 primam
410 1681 473 1715 effe
509 1692 688 1726 utcumque
721 1682 927 1717 tolerabilem
952 1708 962 1724 ‚
990 1683 1033 1717 eo
1056 1682 1143 1727 quod

245 1730 482 1774 capitulorum
506 1733 665 1776 iniquitas
684 1732 719 1766 fit
730 1732 924 1767 obumbrata
937 1756 948 1772 ,
974 1745 1042 1767 non
1056 1734 1143 1777 peni—

245 1781 300 1816 tus
325 1780 498 1815 manifesta
519 1780 734 1823 [secundam
765 1793 876 1816 autem
913 1782 1144 1817 conditionem

245 1832 310 1866 effe
336 1828 419 1865 ade&
443 1830 702 1865 abominabilem
728 1854 739 1870 ,
765 1841 805 1870 ut
825 1842 886 1865 nec
910 1832 975 1874 ipse
998 1832 1145 1874 Cyrillus

245 1892 393 1926 unquam
407 1881 637 1925 praesumpserit
662 1892 733 1914 eam
746 1880 970 1924 expostulare.
999 1881 1145 1924 Suspicio

245 1933 413 1976 originem
438 1931 535 1965 duxit
557 1943 600 1964 ex
613 1930 674 1964 hac
685 1932 793 1965 Sancti
811 1931 934 1972 Cyrilli
949 1932 1145 1974 propofirio-

246 1993 308 2017 ne:
338 1980 474 2020 christus
494 1980 531 2019 est
554 1992 615 2013 una
644 1982 702 2012 Det·
723 1978 811 2012 Verbi
837 1990 949 2013 natura
970 1987 1144 2015 incarnata.

247 2031 306 2068 Est
328 2028 519 2065 orthodoxa
542 2054 553 2069 ,
580 2029 746 2072 aequivoca
771 2039 902 2068 tamen,
919 2029 1059 2071 ideoque
1082 2033 1144 2063 fuit

247 2082 328 2118 ansa
338 2078 516 2114 multarum
527 2079 750 2122 suspicionum
762 2089 799 2110 ac
812 2077 1015 2112 tumultuum
1029 2102 1035 2110 .
1067 2078 1144 2113 Por—

249 2132 288 2168 ro
308 2129 401 2176 quod
416 2130 559 2164 ,Sanctus
580 2127 730 2172 Cyrinus
746 2127 826 2162 duas
839 2128 872 2161 in
884 2126 1017 2163 Christo
1029 2130 1146 2164 Domi-

250 2194 297 2218 no
322 2190 452 2215 naturas
474 2179 575 2214 fuerit
598 2180 723 2220 semper
734 2178 891 2220 professus
904 2202 915 2219 ,
941 2178 987 2212 est
1001 2181 1146 2223 explora-

249 2232 408 2268 tiffimum
422 2254 429 2262 .
457 2228 507 2261 Hi
521 2228 622 2272 igitur
640 2238 787 2262 rumores
799 2228 961 2271 Ioannem
973 2230 1148 2264 conturba-

248 2289 367 2316 verunt
378 2305 386 2312 .
413 2279 515 2313 Erant
529 2277 683 2322 plateales
698 2278 733 2311 in
746 2278 852 2323 Regia
863 2279 996 2313 civitate
1009 2279 1125 2314 fabulae
1137 2305 1147 2321 ,

251 2344 332 2375 quas
355 2329 577 2374 Apocrisarii,
598 2338 660 2363 -aut
686 2327 743 2363 alii
756 2329 855 2363 amici
867 2329 1037 2364 temerarie
1049 2330 1147 2364 credi-

250 2383 390 2423 derant,
417 2382 452 2415 &
475 2379 757 2423 transcripserant.
788 2379 878 2411 Nam
901 2379 1001 2413 etiam
1024 2380 1148 2414 duode-

252 2433 319 2467 cim
345 2430 578 2475 Capitulorum
602 2427 912 2473 comprobationem
938 2427 1149 2465 Theodosius

252 2493 423 2526 nunquam
434 2479 546 2526 exegit
558 2494 568 2514 :
582 2478 694 2515 Immo
707 2490 767 2515 nec
783 2478 850 2526 ipse
863 2478 1011 2525 Cyrillus
1021 2504 1028 2511 .
1058 2480 1148 2515 Con-

254 2543 366 2567 tentus
388 2532 452 2567 fuit
470 2543 508 2566 ea
520 2542 590 2565 non
601 2530 749 2565 damnari
764 2553 772 2561 .

306 2583 373 2616 His
386 2581 517 2616 interim
530 2580 716 2614 rumoribus
730 2580 872 2621 Joannes
894 2582 1063 2615 concussus
1073 2593 1149 2615 con-

255 2629 572 2675 vocavitSynodum
583 2654 595 2670 ,
620 2630 822 2663 tractatuum
835 2630 913 2671 quid
933 2631 1010 2663 effer
1023 2632 1147 2673 respon·

256 2681 405 2716 dendum
426 2705 437 2721 ,
463 2679 609 2722 Principi
639 2692 646 2711 :
674 2678 730 2712 An
753 2680 904 2713 evocatio
937 2681 1014 2714 esset
1037 2679 1148 2714 admit-

255 2732 376 2771 tenda,
401 2727 648 2766 andecliuanda
659 2741 696 2763 ac
708 2728 922 2764 excutienda.
949 2729 994 2764 Et
1005 2741 1060 2774 per
1071 2742 1150 2774 quas

256 2781 421 2817 rationes.
451 2778 522 2814 Aut
547 2778 632 2814 certe
646 2779 678 2822 fi
698 2778 1086 2827 violentumsustinuerimus
1098 2783 1150 2814 ali·

256 2833 354 2876 quid,
381 2832 435 2865 vel
454 2829 506 2869 boc
526 2835 649 2864 eveniat
673 2839 706 2864 ut
729 2831 934 2863 valedicamus
951 2832 1150 2865 adinvicem.

257 2883 345 2917 Ecce
364 2883 507 2927 Joannes
529 2880 666 2915 timebat
687 2880 849 2914 violenter
874 2880 992 2916 abduci
1004 2881 1045 2915 ad
1058 2881 1151 2916 Prin-

259 2932 385 2975 cipem.
415 2931 459 2965 Et
480 2931 635 2965 timorem
660 2930 800 2975 augebat
822 2956 832 2972 ,
858 2932 948 2972 quod
983 2932 1083 2966 etiam
1103 2932 1149 2966 0-

259 2980 405 3016 rientalis
429 2980 555 3015 militiae
577 2980 735 3026 Magister
766 2980 896 3015 haberet
924 2981 1148 3026 Praeceptum,

260 3040 294 3064 ut
316 3032 464 3065 violentus
494 3030 630 3073 infistcret
651 3031 687 3064 de
698 3030 745 3064 bis
756 3028 824 3074 ipsis
838 3031 1072 3074 importabilibus
1080 3040 1150 3075 pro-

258 3080 445 3122 pofitionibus
469 3106 476 3113 .
504 3081 561 3116 Ut
595 3082 641 3116 eis
660 3081 875 3126 refragantem
900 3082 1062 3125 Joannem
1091 3080 1149 3117 sub

262 3139 383 3163 armata
404 3130 550 3165 custodia
563 3131 794 3166 transmitteret
802 3132 843 3166 ad
863 3131 976 3166 urbem
986 3132 1128 3176 Regiam
1140 3157 1147 3165 .

264 3178 321 3213 Ad
342 3177 426 3211 hanc
450 3180 622 3223 synodum
656 3181 797 3223 Ioannes
817 3182 967 3216 evocavit
998 3180 1148 3216 Alexan-

264 3227 360 3263 drum
384 3227 673 3271 Hierapolitanum
695 3231 894 3275 Episcopum
916 3255 927 3272 ,
955 3230 1149 3274 Metropoli-

264 3287 334 3312 tam
353 3275 570 3319 Euphratefiae
594 3277 774 3314 Provinciae
795 3306 807 3322 ,
833 3293 909 3315 curn
929 3279 1147 3317 Theodoreto

265 3326 403 3371 Cyrenfi
428 3325 616 3369 Episcopo,
642 3327 778 3371 aliisque
801 3342 884 3373 quos
908 3331 1057 3375 praefatus
1077 3331 1149 3367 Me-

265 3375 422 3425 tropolita
457 3376 657 3421 spontaneos
691 3386 729 3413 ac
764 3389 932 3425 promptos
965 3380 1147 3417 invenerit·

691 197 1040 243 VARIORUM
1077 195 1328 238 Primum
1363 193 1686 257 EmsrotAE,

1218 273 1313 321 Qin
1340 274 1440 309 etiam
1459 277 1533 310 suos
1553 280 1690 315 aliarum
1712 279 1959 317 Provinc‘iarum
1971 283 2108 328 Episco-

1217 336 1276 368 pos
1297 324 1528 366 advocaverit,
1553 338 1623 360 uon
1642 329 1688 361 est
1706 330 1923 367 dubitandum
1936 358 1943 364 .
1972 333 2039 369 Eos
2049 335 2104 370 ad-

1218 375 1329 409 venire
1353 377 1483 421 rogavit
1508 376 1571 418 post
1592 377 1753 411 colla-dam
1776 403 1788 420 ,
1810 390 1878 422 quae
1900 382 1950 417 boc
1974 392 2103 427 tempore

1217 430 1286 464 Cyri
1301 427 1369 470 fieri
1390 425 1483 469 solet.
1509 425 1619 462 Poffet
1633 429 1726 463 fuisse
1737 428 2103 470 SanstiMartianiMo·

1215 474 1311 510 nachi
1331 477 1488 512 festivitas
1508 501 1519 518 ,
1545 489 1644 522 quem
1669 478 1851 522 Cyrensem
1872 480 1964 517 fuisse
1986 483 2103 519 Theo.

1213 524 1345 561 doretus
1372 528 1558 563 affirmatin
1573 528 1743 572 Religiosa
1754 529 1924 564 Historia.
1953 531 2101 570 Eandem

1215 577 1394 619 Cyrensetn
1415 579 1624 613 festivitatem
1647 579 1759 614 laudat
1771 580 1964 615 Romanum
1976 582 2102 628 Matty-

1212 626 1380 671 rologiurn
1393 652 1401 661 .
1431 628 1475 663 Et
1496 630 1601 672 ipsam
1624 629 1779 664 adscribit
1798 630 1944 665 secundae
1953 631 2020 667 diei
2030 633 2103 669 No·

1212 677 1369 713 vembris.
1396 679 1500 714 Poffit
1525 679 1599 714 istic
1622 680 1716 715 fuisse
1733 679 1893 717 celebrata
1906 682 1941 715 in
1951 681 2018 717 alio
2029 682 2099 717 die.

1212 726 1294 761 Haec
1313 729 1403 762 enim
1428 730 1579 774 Epistola
1599 731 1645 765 est
1667 730 1810 765 omnino
1821 732 1935 774 scripta
1947 732 1987 767 ad
1999 733 2101 768 finem

1212 777 1355 821 Aprilis.
1383 778 1488 814 Porro
1509 781 1655 824 Joannes
1681 783 1718 816 in
1729 780 1781 816 his
1791 781 1946 816 omnibus
1957 783 2020 817 fuit
2032 784 2102 827 plu-

1211 828 1329 862 rimum
1353 829 1482 865 delusus
1503 855 1510 863 .
1539 830 1613 865 Nec
1632 831 1723 866 enim
1742 831 1891 866 absolute
1913 833 2111 867 evocandus·

1209 889 1277 914 erat
1300 879 1633 924 Constantinopolim
1659 891 1717 916 aut
1749 881 1986 917 Nicomediam
2007 907 2018 924 ,
2044 883 2102 918 sed

1211 929 1243 962 in
1265 940 1422 965 eventum
1444 942 1512 975 quo
1536 931 1646 965 faciles
1665 931 1755 975 pacis
1765 932 1977 967 conditiones
1996 933 2102 967 nollet

1209 978 1397 1015 admittere.
1425 982 1531 1016 Hunc
1551 981 1645 1016 fuiffe
1664 984 1766 1017 Sacrae
1786 983 1938 1026 Juffionis
1948 982 2073 1017 sensum
2089 1007 2101 1025 ,

1210 1029 1361 1066 inferiora
1373 1030 1561 1067 docebunt.

1259 1079 1303 1113 Er.
1316 1079 1383 1115 haec
1391 1081 1436 1114 est
1450 1082 1544 1116 tertia
1554 1083 1688 1125 Joannis
1701 1083 1772 1126 post
1782 1080 1981 1126 Ephefinam
1994 1084 2103 1124 Syno-

1209 1127 1288 1162 dus.
1317 1128 1428 1164 Prima
1451 1131 1517 1164 fuit
1538 1131 1755 1172 Tharsensis,
1779 1132 1822 1166 de
1832 1143 1896 1175 qua
1906 1133 2104 1168 Theodore-

1210 1190 1259 1213 tus
1282 1178 1392 1214 scribit
1413 1180 1453 1214 ad
1480 1180 1649 1216 Andream
1682 1182 1940 1229 Samosatensem
1967 1183 2110 1226 Episco-

1209 1240 1284 1272 pum
1306 1243 1318 1263 :
1345 1231 1530 1264 Nullatenus
1558 1231 1738 1275 acquiesbam
1774 1233 1887 1266 violare
1921 1243 2111 1268 communem*

1204 1281 1433 1322 promiffionem,
1459 1293 1528 1323 quae
1546 1286 1578 1314 in
1600 1280 1717 1324 Tharsb
1738 1306 1750 1322 ,
1775 1284 1810 1317 G·
1834 1281 2040 1323 Chalcedone,-
2065 1285 2102 1318 &²

1210 1328 1328 1372 Epheso
1345 1330 1435 1370 falia
1449 1330 1508 1371 est.
1534 1331 1657 1365 Omnis
1670 1331 1785 1365 Fatue
1805 1333 1924 1375 partim
1947 1333 2078 1376 Epheso
2089 1350 2113 1373 ,·

1209 1379 1324 1422 partim
1349 1379 1563 1414 Chalcedone
1585 1380 1678 1416 simul
1691 1380 1782 1414 venit
1796 1382 1901 1424 usque
1914 1381 2113 1416 Tharsum‘t·

1211 1430 1251 1463 Et
1264 1430 1338 1463 istic
1351 1429 1564 1473 Synodaliter
1576 1431 1786 1465 confirmavit
1798 1431 1887 1466 suam
1912 1442 1971 1476 pro
1985 1431 2104 1466 Nesto·

1209 1479 1255 1513 rio
1266 1490 1381 1515 contra
1393 1480 1558 1522 Cyrillum
1582 1493 1621 1515 ac
1631 1481 1702 1525 ejus
1714 1481 1869 1524 capitula
1880 1506 1892 1522 ,
1919 1476 2112 1526 omniaque*-

1210 1529 1376 1573 Ephefinae
1397 1529 1525 1573 Synodi
1547 1530 1631 1565 Asta
1653 1531 1918 1574 conjurationem
1943 1558 1951 1565 .
1972 1533 2109 1567 Securi--

1206 1580 1282 1613 dam
1310 1580 1484 1623 synodum
1513 1580 1610 1615 nobis
1635 1580 1730 1615 refert
1757 1582 1934 1617 Socrates:
1957 1586 2102 1627 Joaimrs'

1209 1629 1393 1666 Antiochiam
1418 1631 1557 1665 reversus
1580 1632 1684 1665 multis
1697 1629 1855 1675 Episcopts
1869 1637 1902 1665 in
1912 1642 2006 1667 unum
2016 1633 2108 1666 colles

1207 1681 1263 1713 c‘its
1284 1682 1445 1720 cyr-illum,
1473 1687 1524 1723 qui
1537 1682 1756 1715 Alexandriam
1772 1684 1904 1716 redierat
1916 1706 1927 1723 ‚
1953 1682 2106 1731 abdica-er

1210 1731 1251 1764 Et
1278 1730 1434 1765 liberatur
1460 1732 1635 1766 Diaconus
1663 1744 1671 1764 ε
1694 1732 1787 1774 Jufflt
1809 1736 1974 1774 Imperator
1998 1728 2100 1766 omnee

1208 1778 1366 1823 Episcopo:
1389 1781 1494 1821 abire,
1520 1792 1752 1824 unumquemque
1777 1787 1810 1815 in
1828 1788 1984 1825 propriam
1995 1786 2100 1826 Regio-

1207 1840 1274 1864 nem
1288 1855 1296 1862 .
1323 1834 1369 1863 Et
1382 1835 1428 1862 ita
1434 1834 1467 1875 J
1469 1842 1578 1864 oannes
1591 1843 1656 1865 cum
1668 1830 1734 1874 suis
1749 1832 1934 1865 Antiochiam
1941 1832 2107 1873 profeHut'-

1207 1879 1246 1921 est
1259 1905 1266 1912 .
1293 1879 1349 1913 Ubi
1384 1881 1521 1924 colligens
1542 1883 1688 1923 plurimos
1713 1880 1875 1924 Episcopos
1896 1905 1908 1922 ,
1934 1882 2099 1916 damnavit

1207 1936 1312 1963 iterum
1337 1931 1501 1970 cyrillum,
1525 1942 1591 1964 cum
1605 1934 1680 1973 jam
1701 1932 1766 1975 effet
1778 1933 1983 1973 alexandrie.
2013 1932 2107 1966 Ean-2

1208 1980 1282 2014 dem
1308 1980 1483 2023 Synodum
1504 1981 1648 2014 omnino
1671 1980 1798 2024 respicit
1821 2005 1833 2022 ,
1857 1993 1897 2015 ac
1922 1982 1991 2025 ejus
2011 1983 2099 2016 -Aaa

1210 2029 1305 2061 nobis
1325 2031 1464 2069 exponit
1489 2031 1523 2063 in
1550 2031 1684 2072 praefatis
1709 2030 1751 2064 ad
1776 2030 1946 2066 Andream
1982 2032 2100 2066 litteris

1209 2078 1307 2112 etiarn
1329 2075 1565 2112 Theodoretus
1589 2091 1597 2110 ε
1625 2082 1764 2112 Meminit
1798 2088 1878 2114 enim
1896 2085 2039 2125 joannes
2062 2083 2097 2116 Θ

1209 2139 1305 2162 eorum
1326 2150 1338 2168 ‚
1363 2139 1419 2171 que
1445 2136 1539 2171 nuper
1564 2130 1648 2171 apud
1674 2129 1861 2163 Antiochiam
1882 2130 1945 2173 post
1970 2131 2097 2171 nostrum

1210 2179 1361 2223 regreffum
1382 2181 1403 2210 ἃ
1422 2178 1505 2211 nobis
1525 2177 1598 2222 sepe
1627 2180 1805 2221 deprompta
1821 2179 1914 2222 sunt.
1940 2182 2097 2217 Tertiam

1211 2229 1345 2272 Ioannis
1381 2228 1555 2271 Synodum
1598 2239 1715 2264 omnes
1739 2230 1874 2265 censent
1895 2230 1959 2265 effe
1978 2230 2098 2272 illam,

1210 2279 1308 2322 quam
1328 2277 1499 2313 celebravit
1531 2280 1604 2323 post
1627 2279 1799 2314 advectum
1811 2279 2033 2321 Aristolaurn,
2060 2283 2105 2316 δε·

1211 2331 1250 2364 ab
1273 2329 1333 2364 illo
1359 2339 1507 2374 acceptas
1534 2330 1694 2374 Principis
1719 2330 1841 2364 litteras
1865 2355 1873 2362 .
1900 2331 2096 2365 Caffinenfis

1212 2378 1327 2414 Codex
1348 2391 1410 2414 nos
1430 2380 1528 2414 docet
1552 2377 1638 2413 hanc
1665 2380 1764 2413 aliam
1776 2381 1917 2423 priorem
1930 2404 1942 2420 ,
1967 2380 2095 2415 anobis

1210 2430 1275 2474 jam
1300 2430 1481 2472 expositam
1495 2454 1503 2462 .
1532 2428 1681 2463 Eandem
1701 2429 1829 2463 videtur
1840 2429 1972 2464 laudare
1997 2431 2032 2464 in
2044 2430 2098 2465 ad-

1214 2480 1318 2514 dustis
1346 2479 1462 2514 litteris
1482 2477 1737 2513 Theodoretus.
1765 2479 1858 2513 Dicit
1878 2482 1968 2514 enim
1989 2493 1996 2513 ε
2025 2483 2098 2525 ,ρας

1212 2539 1304 2573 nuper
1326 2530 1410 2571 apud
1419 2528 1607 2561 Antiochiam
1622 2527 1694 2570 sil-pi·
1711 2529 1889 2570 deprompta
1913 2529 1987 2572 sunt
1999 2553 2006 2561 .
2035 2531 2096 2565 Vi-

1212 2582 1305 2615 detur
1315 2577 1455 2612 omnino
1477 2577 1609 2610 laudare
1628 2577 1737 2619 plures
1748 2577 1978 2615 Antiochenas
1989 2579 2094 2622 Syno.

1211 2631 1271 2664 dos
1284 2654 1291 2661 .

1259 2679 1314 2713 De
1336 2676 1389 2712 his
1416 2676 1508 2711 rebus
1530 2675 1686 2710 habemus
1708 2677 1810 2711 varias
1830 2678 2025 2714 memorias.
2050 2678 2091 2714 In

1212 2728 1328 2763 litteris
1349 2727 1455 2763 Sansti
1478 2725 1823 2761 CelestiniPontificis
1838 2728 1881 2763 ad
1892 2728 2093 2773 Ephefinam

1212 2778 1401 2822 Synodum:
1424 2781 1471 2811 De
1484 2776 1530 2809 bis
1554 2782 1683 2819 quicum
1706 2777 1840 2818 Nestorio
1859 2780 2004 2813 videntur
2017 2786 2094 2821 part

1211 2835 1362 2872 impietate
1380 2825 1509 2871 senfiffi',
1536 2836 1627 2870 atque
1643 2825 1677 2870 se
1684 2826 1774 2871 socios
1794 2830 1861 2870 ejut
1870 2828 2028 2872 sceleribus
2037 2831 2092 2863 ad-

1210 2881 1369 2918 diderunt,
1394 2889 1575 2921 quamquam
1592 2879 1712 2921 legatur
1736 2884 1770 2911 in
1791 2890 1839 2912 eos
1859 2879 1958 2920 vestra
1970 2878 2092 2922 senten-

1210 2937 1257 2965 tta
1270 2954 1282 2971 ,
1307 2937 1406 2963 tamen
1430 2939 1483 2968 nos
1507 2939 1616 2971 quoque
1639 2929 1819 2962 decernimus
1846 2930 1926 2971 quod
1946 2930 2088 2963 videtur.

1212 2980 1307 3014 Multa
1322 2978 1531 3022 perspicienda
1551 2976 1668 3021 suntin
1680 2979 1790 3012 talibus
1810 2978 1922 3020 causis,
1946 2990 2004 3022 que
2014 2982 2090 3021 Apo-

1204 3030 1320 3072 stolicas
1332 3030 1423 3063 sedes
1430 3028 1547 3072 semper
1559 3028 1700 3072 adspexit
1712 3054 1719 3061 .
1743 3031 1836 3073 ,Quod
1849 3031 1995 3072 loquimur
2007 3029 2088 3063 cele-

1205 3081 1366 3122 stianorum
1386 3079 1528 3120 testantur
1550 3080 1712 3121 exempla,
1737 3078 1909 3123 quodspem
1919 3081 1960 3114 de
1980 3080 2089 3118 synodo

1211 3130 1266 3165 buc
1276 3128 1534 3174 usquegefferint:
1560 3129 1702 3169 Habent,
1721 3129 1950 3172 firefipiscant,
1974 3134 2088 3172 coptam

1210 3180 1400 3215 revertendi:
1429 3179 1521 3223 ,Quod
1542 3178 1590 3211 his
1600 3178 1672 3222 solis
1697 3191 1754 3213 non
1772 3186 1985 3222 permittitur,
2011 3190 2088 3222 quos

1205 3232 1328 3274 proprie
1348 3241 1412 3263 cum
1434 3228 1612 3262 Authoribus
1635 3229 1776 3273 Hereseos
1800 3235 1928 3263 omnium
1946 3230 2086 3271 fratrum

1209 3277 1528 3323 constatsubftriptione
1542 3280 1700 3313 damnatos
1712 3306 1721 3314 .
1748 3283 1809 3314 Per
1820 3283 1879 3313 Dei
1897 3290 2023 3323 namque
2030 3282 2085 3311 mi-

1206 3329 1398 3374 sericordiam
1421 3331 1533 3373 aliquos
1556 3341 1594 3363 ex
1604 3342 1703 3364 eorum
1722 3341 1839 3364 numero
1849 3331 1892 3362 ad
1902 3342 1954 3363 nos
1957 3333 2031 3372 jam
2039 3337 2082 3359 re·

1209 3381 1288 3425 diiffe
1300 3381 1468 3428 gaudemus
1482 3405 1490 3413 .
1516 3381 1608 3425 ‚Quod
1623 3379 1675 3414 boc
1699 3378 1807 3422 confilio
1822 3378 1940 3422 fat‘lum
1962 3377 2000 3419 est
2013 3401 2024 3416 2
2050 3385 2083 3409 Μ

1964 3437 2034 3473 quos
