2320 3730
358 220 431 267 86*

485 428 761 478 CAPUT
796 430 969 483 xxvi.
1024 445 1095 475 .--1
1115 445 1175 491 14

272 619 418 673 ltert'tm
443 621 523 669 alia
546 621 722 690 *Epistola
748 623 798 668 ab
822 616 1018 687 Episcopi}
1038 623 1172 669 oriem-

344 691 488 743 talibus
500 728 518 754 ,,
553 697 613 738 <9⁴
647 689 926 753 confidentibus
953 710 1099 752 eorum,

415 765 466 812 ab
494 756 641 831 {Ephesi}
665 795 679 820 ‚
709 757 782 828 'per
809 779 923 826 quam
948 763 1027 828 res..
1083 755 1085 757 ¹

475 830 659 900 pondetur
703 829 760 882 ,ad
805 829 952 879 litteras

587 898 717 974 fiere
734 899 840 967 scri-

648 987 742 1040 ptas
762 1007 777 1026 ρ

368 1162 529 1203 Enientes
541 1162 575 1197 in
590 1161 877 1209 Chalcedoniam‚
904 1164 938 1198 in
964 1163 1164 1199 Constanti-

392 1213 543 1257 nopolim
557 1214 713 1257 liquidem
740 1225 801 1248 nec
821 1225 883 1248 nos
909 1225 972 1251 nec
994 1213 1161 1249 Adversa-

255 1262 297 1301 rii
321 1265 422 1299 nostri
446 1265 558 1299 sumus
579 1263 715 1303 introire
737 1264 879 1308 permiffi
902 1275 1032 1309 propter
1056 1263 1160 1300 bono-

256 1324 330 1349 rum
356 1312 609 1350 Monachorum
634 1314 808 1351 seditiones
822 1340 833 1355 ,
856 1327 901 1350 ex
922 1316 1086 1359 opinione
1097 1327 1159 1350 co—

255 1365 437 1409 gnovimus
451 1390 461 1406 ‚
488 1366 565 1411 quia
592 1364 671 1405 ante
692 1367 768 1399 osto
793 1366 863 1400 dies
881 1364 1042 1406 adventus
1057 1365 1157 1400 nostri

255 1414 397 1458 piiffimo
426 1413 620 1460 Imperatori
644 1415 805 1461 placuerit
829 1416 1005 1455 Domuum
1036 1417 1156 1455 Nesto-

253 1465 339 1501 rium
351 1466 392 1500 ab
417 1465 551 1510 Epheso
572 1466 723 1507 dimitti,
750 1477 963 1511 quocumque
986 1467 1032 1500 ire
1044 1466 1155 1503 volue-

252 1514 310 1549 rit.
340 1516 386 1550 Et
404 1516 550 1557 omnino
578 1516 691 1551 doluit
712 1517 824 1553 ,anima
851 1517 961 1551 nostra
978 1542 987 1556 ,.
1015 1516 1107 1565 Qia
1131 1518 1153 1551 si

252 1563 320 1599 hoc
333 1576 449 1601 verum
459 1565 506 1601 est
520 1591 533 1608 ,
558 1577 595 1600 ea
609 1578 681 1611 quae
691 1565 812 1612 absque
824 1566 954 1611 Iudicio
982 1567 1016 1609 βε
1038 1566 1154 1605 illicite

250 1615 447 1656 factasunt,
474 1616 608 1655 interim
630 1615 777 1655 roborari
800 1613 954 1652 videntur
968 1640 975 1649 ·
1003 1617 1079 1657 Nos
1100 1629 1154 1651 au·

253 1675 322 1700 tem
335 1666 514 1710 cognoscat
526 1666 689 1701 Sanstitas
700 1667 802 1701 vestra
816 1679 876 1711 pro
886 1667 952 1705 fide
973 1678 1044 1702 tota
1067 1679 1152 1702 men-

251 1725 285 1750 te
305 1726 447 1755 certare,
476 1716 520 1750 Et
541 1715 631 1754 hunc
654 1715 799 1752 laborem
827 1717 950 1762 eligere
978 1719 1081 1762 usque
1110 1717 1150 1753 ad

250 1776 408 1801 mortem.
439 1765 644 1802 Sustinemus
667 1767 744 1801 vero
768 1767 977 1812 praesentidie
993 1792 1005 1808 ,
1032 1768 1066 1806 id
1081 1768 1151 1814 est,

249 1814 398 1860 Gorpiaei
418 1816 537 1857 mensis
559 1817 737 1852 undecimo
750 1842 760 1858 ‚
788 1819 1022 1860 Imperatorem
1053 1818 1148 1862 piiffi·

247 1865 341 1900 t'num
353 1868 575 1908 transmeare,
601 1875 699 1910 atque
710 1868 745 1900 in
758 1866 961 1906 Ruffinianis
972 1868 1074 1906 causa:
1096 1879 1150 1905 au-

246 1914 410 1955 dientiam
439 1916 565 1952 facere.
642 1914 649 1917 ⁴

299 1967 382 2000 Oret
406 1968 510 2011 igitur
533 1966 697 2000 sanctitas
710 1967 830 2008 vestra,
857 1977 894 2001 ut
913 1967 1012 2002 nobis
1030 1979 1149 2011 coope-

247 2025 338 2054 retur
360 2016 532 2055 Dominus
549 2013 699 2053 Christus
720 2041 732 2057 ,
760 2016 922 2060 quatenus
949 2016 1048 2051 fidem
1074 2019 1148 2051 San—

248 2065 377 2102 &orum
387 2065 523 2101 Parrum
536 2067 730 2100 confirmare
742 2066 898 2110 poffimus
908 2091 919 2107 ,
947 2067 981 2104 ἀ
992 2078 1028 2101 ea
1041 2091 1052 2107 ‚
1079 2079 1149 2111 quae

249 2127 367 2153 contra
395 2116 576 2156 Ecclesiam
602 2117 789 2156 surrexere,
815 2115 971 2160 Capitula
994 2117 1148 2154 radicitus

247 2170 436 2211 amputare.
464 2167 625 2211 Haecipsa
651 2167 807 2214 &sapere
835 2167 869 2203 &
892 2178 989 2214 agere
1013 2167 1146 2202 vestram

247 2218 428 2263 quaesumus
451 2217 662 2252 Sanstitatem
687 2240 697 2255 ,
733 2217 768 2251 δε
794 2227 980 2260 permanere
1003 2228 1062 2261 pro
1084 2218 1148 2253 fide

248 2267 449 2304 orthodoxa
474 2266 568 2305 bono
590 2265 703 2310 nostro
724 2266 846 2302 fervori
866 2292 873 2299 .
924 2266 1074 2315 Qando
1095 2279 1148 2302 au·

250 2328 320 2355 tem
335 2318 469 2365 praesens
492 2315 639 2361 Epistola
651 2316 767 2360 scripta
778 2316 856 2360 este
877 2319 1029 2352 nondum
1052 2330 1147 2353 vene-

248 2379 298 2404 rat
311 2368 485 2407 Himerius
499 2391 506 2400 .
533 2366 693 2410 Putamus
706 2367 795 2401 enim
809 2392 820 2408 ‚
833 2367 936 2410 ‘quod
957 2367 1046 2404 nunc
1057 2369 1145 2413 aegri-

249 2419 378 2457 tudinis
401 2417 623 2464 inaequalitate
645 2417 801 2453 detentus
820 2418 857 2453 iit
878 2443 885 2450 .
922 2417 1005 2453 Hoc
1036 2430 1144 2453 autem

250 2468 338 2506 nihil
362 2468 630 2519 Religiofitatem
654 2465 797 2502 nostram
822 2466 1009 2512 perturbat.
1038 2468 1147 2511 Spera-

249 2519 448 2559 musenim,
475 2520 552 2564 quia
580 2516 729 2555 &tristia
751 2516 1011 2561 extinguentur,
1037 2518 1070 2552 ὃς
1095 2530 1145 2553 ve-

250 2570 329 2606 ritas
343 2568 518 2613 refulgebit
532 2592 543 2608 ‚
555 2568 659 2611 prone
672 2577 886 2608 concertante
896 2568 959 2603 una
972 2567 1144 2608 nobiscum

252 2618 482 2669 Religiofitate
508 2617 627 2653 vestra.

441 2773 939 2823 ScuottoN.

367 2919 436 2956 AEc
446 2919 595 2965 Epistola
618 2920 723 2957 exstat
745 2919 779 2954 in
795 2920 886 2956 Αᾶἱς
898 2922 1120 2965 synodalibus
1136 2948 1142 2958 .

377 2970 609 3008 Nihilominus
625 2972 715 3007 volui
731 2972 764 3008 &
778 2972 999 3007 Caffinensem
1010 2973 1143 3009 transla-

256 3024 384 3056 tionem
410 3021 545 3066 vulgare
570 3046 577 3056 .
603 3022 718 3059 Habet
737 3023 830 3056 enim
852 3022 1076 3068 duoinlignia
1094 3024 1141 3057 di-

256 3072 406 3108 scrimina
434 3098 442 3107 .
471 3071 621 3108 Primum
650 3072 696 3108 est
719 3073 754 3107 in
778 3070 828 3106 his
851 3072 974 3108 verbis:
1003 3077 1058 3108 Ex
1082 3079 1141 3116 opi-

259 3126 342 3155 nione
366 3128 554 3166 cognovimus
581 3147 592 3163 ,
618 3128 691 3166 quia
718 3130 789 3157 ante
811 3123 872 3158 0:¹20
898 3126 962 3157 dies
989 3125 1141 3158 adventus

259 3170 345 3209 nostri
360 3174 482 3212 Piiffimo
502 3178 679 3215 Imperatori
685 3174 833 3219 placuerit
848 3176 850 3178 ’
859 3177 1020 3208 Dominum
1042 3179 1077 3209 N
1079 3174 1146 3214 esto·

258 3224 337 3252 rium
361 3221 398 3252 ab
409 3222 526 3266 Epheso
548 3225 665 3259 dimitti
689 3248 700 3265 ,
725 3235 902 3267 quocumque
930 3230 972 3258 ire
994 3226 1140 3259 voluerit.

258 3267 392 3311 Insuper
418 3271 539 3308 omittit
575 3272 661 3309 hanc
700 3274 882 3311 notabilem
920 3272 1141 3319 parenthesin:

705 218 1048 266 VARIORUM
1084 216 1337 265 PATRUM
1373 216 1735 277 E1›1srotffi‚‘

1238 305 1377 339 detentus
1391 305 1450 345 fit.
1478 306 1664 351 Exponunt
1677 334 1688 351 ,
1701 308 1791 354 quod
1804 308 1954 358 vulgatus
1966 311 2126 349 Transla-

1237 366 1289 389 tor
1303 356 1431 391 videtur
1452 356 1666 400 suppreffiffe,
1690 361 1839 397 ‚Himerii
1863 363 1896 396 in
1916 364 1967 398 via
1991 364 2126 408 impedi-

1236 416 1386 441 mentum
1414 432 1420 439 .
1452 407 1600 450 Epistola
1618 406 1756 443 ,dataest
1776 412 1955 448 ⁴undecimo
1978 415 2124 460 Gorpiaei

1237 457 1379 497 Mensis,
1408 458 1464 502 qui
1482 458 1532 492 ‚est
1547 469 1685 503 quartus
1703 459 1776 494 dies
1796 461 1943 497 Romani
1976 466 2122 509 Septem-

1237 508 1319 542 bris.
1348 509 1400 541 Ex
1424 519 1492 552 quo
1513 509 1622 549 lucet,
1647 509 1736 554 quod
1759 512 1877 557 Legati
1897 512 1955 546 sub
1975 515 2121 561 Augusti

1235 559 1335 593 finem
1357 557 1549 594 advenerint
1562 559 1824 596 Chalcedonem.
1858 563 1902 597 Et
1915 561 1996 598 hinc
2014 567 2121 601 oritur

1230 608 1408 645 difficultas
1429 635 1439 651 ,
1476 611 1663 659 Qomodo
1689 613 1765 646 octo
1792 613 1906 648 diebus
1931 624 2009 649 ante
2028 613 2121 652 huuc

1228 660 1413 699 ,adventum
1436 662 1580 704 potuerit
1603 663 1766 696 emanasse
1787 663 1967 699 Decretum
1990 665 2035 700 de
2053 666 2122 702 Ne-

1232 711 1324 745 storii
1348 711 1480 745 exilio?
1510 712 1690 747 Rationem
1712 711 2120 752 dubitandifacitlaudata

1232 762 1376 805 superius
1400 762 1491 796 istius
1510 764 1646 800 Decreti
1681 764 1796 798 relatio
1817 778 1824 796 :
1852 768 1929 798 Cum
1942 764 2063 813 septem
2083 768 2120 802 ὁ·

1226 811 1342 855 septem
1363 824 1402 845 ex
1422 822 1550 855 utraque
1564 822 1653 855 parte
1671 813 1813 858 Episcopi
1834 815 2117 861 Constantinopolim

1232 864 1397 905 venissent,
1425 866 1589 904 Imperator
1611 867 1691 897 certi>
1714 871 1853 908 comperit
1863 866 2010 902 ,sanilam
2031 870 2117 906 syno-

1228 915 1302 951 dum
1318 919 1459 950 ,canonico
1477 916 1584 948 ¹ordine
1600 914 1770 957 Nestorium
1789 916 1947 964 deposuiffit
1970 943 1977 950 .
2006 921 2116 961 Itaque

1229 968 1408 1007 Legatorum
1428 965 1532 1004 synodi
1547 963 1701 1008 sententia
1718 967 1913 1010 approbata,
1938 970 2116 1002 Orientales

1227 1016 1345 1057 quidem
1355 1016 1552 1056 condemnat,
1580 1016 1751 1057 Nestorium
1763 1020 1833 1050 vero
1857 1018 1984 1052 mulllat
1995 1020 2087 1052 exilio
2106 1043 2116 1052 .

1227 1068 1287 1102 Eis
1304 1074 1476 1112 preterea,
1502 1071 1553 1109 qui
1574 1078 1611 1100 ex
1635 1066 1745 1099 sanda
1763 1069 1872 1106 synodo
1896 1072 2006 1111 Legati
2028 1079 2115 1103 vene·

1225 1124 1299 1147 rant
1313 1140 1323 1156 ‚
1350 1117 1481 1158 injungit
1502 1125 1536 1148 ut
1557 1118 1602 1150 ad
1623 1115 1780 1158 Ecclefiam
1795 1117 1828 1160 se
1851 1117 2006 1159 conferant
2022 1143 2033 1159 ,
2058 1118 2112 1152 ibi-

1225 1165 1349 1207 demque
1370 1173 1472 1198 creent
1497 1163 1677 1208 Episcopum
1702 1167 1822 1202 sanc‘iae
1849 1167 2114 1211 Constantinopoli-

1224 1224 1307 1249 tanae
1330 1213 1467 1255 Ecclesiae
1489 1240 1496 1247 .
1526 1216 1661 1249 Etenim
1687 1216 1709 1249 fi
1731 1215 1817 1251 istud
1842 1217 2021 1252 Decretum
2042 1230 2113 1253 non

1223 1265 1282 1299 nifi
1308 1265 1379 1309 post
1402 1264 1535 1300 auditos
1555 1266 1574 1300 ὲ
1597 1265 1752 1310 Principe
1775 1267 1919 1312 Legatos
1940 1279 2116 1304 emanave-

1223 1318 1264 1350 rit
1278 1339 1288 1355 ,
1315 1315 1488 1361 quomodo
1510 1316 1606 1360 poffit
1625 1317 1703 1353 osto
1723 1315 1841 1355 diebus
1862 1328 1941 1355 ante
1965 1320 2110 1366 ipsorum

1223 1366 1402 1406 adventum
1421 1367 1608 1402 emanasse?

1271 1415 1478 1459 Responderi
1509 1415 1606 1459 poffit
1618 1401 1770 1453 ffuobus
1799 1416 1910 1452 modis
1929 1442 1937 1450 .
1974 1417 2109 1459 Prim6,

1217 1466 1308 1510 quod
1323 1467 1504 1505 Decretum
1515 1466 1719 1502 emanaverit
1730 1476 1807 1501 ante
1828 1466 2030 1512 Legatorum
2042 1467 2110 1503 Ad-

1220 1527 1354 1554 ventum
1368 1542 1376 1549 .
1403 1517 1535 1560 Nempe
1556 1516 1597 1554 ad
1619 1516 1858 1561 urgentiffimas
1870 1518 2110 1554 Constantino-

1218 1568 1357 1611 politani
1379 1566 1468 1604 Cleri
1488 1577 1596 1610 preces
1620 1590 1631 1607 ,
1660 1568 1695 1601 in
1715 1566 1836 1613 quibus
1862 1568 2001 1605 revelata
2026 1570 2108 1603 facie

1218 1620 1291 1656 sunt
1314 1616 1418 1652 locuti
1439 1616 1479 1651 ad
1501 1615 1689 1663 Principem
1703 1641 1714 1658 ,
1740 1616 1831 1660 juxta
1849 1614 2021 1662 Prophetae
2034 1618 2107 1653 Re·-

1216 1668 1347 1713 gulam:
1376 1667 1529 1712 Loquebar
1551 1669 1589 1703 de
1611 1666 1786 1708 testimoniis
1808 1673 1868 1701 tuis
1901 1675 1933 1701 tn
1953 1668 2106 1712 conspedlu

1216 1722 1327 1762 Regum
1348 1743 1358 1759 ,
1386 1721 1421 1754 (Ὗ
1455 1730 1513 1752 non
1534 1717 1741 1760 confundebar
1762 1744 1770 1751 .
1799 1718 1863 1753 Ufi
1891 1720 1966 1753 sunt
1988 1719 2106 1764 insigni

1214 1769 1354 1803 exordio
1377 1783 1389 1808 ;
1418 1768 1599 1813 Proftffionis
1627 1768 1731 1812 nostrae
1750 1768 1856 1815 scopas
1872 1794 1882 1811 ,
1905 1769 2024 1813 piiffimi
2047 1773 2106 1803 Im-

1209 1827 1385 1861 peratores,
1408 1828 1524 1861 praeter
1545 1820 1623 1853 alias
1648 1821 1723 1864 leges
1741 1820 1873 1853 omnibus
1885 1831 1996 1863 quoque
2007 1822 2104 1853 Prin-

1212 1867 1360 1910 cipatibus
1390 1871 1423 1902 (9
1456 1868 1650 1909 Potestatibus
1682 1870 1876 1903 obediendum
1901 1872 1952 1912 effe
1997 1877 2106 1910 cavet,

1214 1919 1369 1952 dummodo
1394 1920 1459 1959 ejus
1475 1917 1633 1961 istiusmodi
1645 1917 1812 1953 obedientia
1823 1924 1936 1952 animae
1947 1917 2085 1961 conserat
2097 1944 2105 1953 .

1213 1971 1308 2012 ,Quod
1320 1968 1351 2009 fi
1367 1970 1420 2002 illa
1444 1974 1523 2001 inter
1545 1969 1687 2001 utilitatis
1716 1970 1831 2002 limites
1857 1979 1915 2001 non
1939 1967 2078 2011 versetur·
2092 1994 2106 2012 ,

1211 2028 1282 2052 tunc
1305 2024 1396 2052 etiam
1418 2018 1571 2052 adversus
1588 2016 1718 2057 vestrum
1741 2021 1858 2060 Apicem
1881 2029 1947 2051 cum
1964 2018 2106 2053 libertate

1211 2069 1384 2103 audendum
1404 2068 1454 2112 effe
1467 2091 1477 2108 ,
1505 2072 1694 2101 Divinarum
1715 2069 1813 2112 legum
1839 2072 2021 2110 Interpretes
2045 2081 2106 2103 mo·

1211 2126 1300 2154 nent.
1332 2119 1512 2155 Affirmant
1533 2117 1637 2154 Sacris
1663 2116 1889 2165 Augustorum
1908 2120 2105 2164 Principum

1210 2169 1295 2203 circa
1323 2167 1559 2206 Ecclefiasticas
1578 2168 1681 2203 etiam
1703 2170 1816 2205 causas
1834 2168 2030 2216 jussionibus
2040 2172 2104 2206 effe

1211 2219 1353 2254 omnino
1365 2217 1589 2254 obediendum
1605 2241 1616 2258 ‚
1641 2218 1827 2254 dummodo
1839 2227 1950 2255 tamen
1961 2219 2024 2255 fint
2035 2220 2104 2256 Di-

1213 2270 1296 2303 vinis
1319 2268 1465 2314 Legibus
1489 2280 1526 2303 ac
1537 2268 1641 2303 Sacris
1652 2269 1803 2304 Ecclefiae
1814 2268 2012 2304 Canonibus
2022 2280 2104 2305 eon·

1211 2322 1332 2354 formes
1346 2345 1355 2360 ‚
1382 2329 1478 2364 atque
1491 2319 1536 2353 ita
1551 2320 1668 2354 nostris
1681 2319 1853 2354 animabus
1864 2321 1959 2354 utiles
1970 2345 1978 2353 .
2007 2319 2102 2355 Alias

1209 2370 1392 2415 adjungunt
1406 2381 1474 2404 non
1488 2369 1698 2404 solummodo
1713 2368 1929 2415 negligendas
1940 2394 1951 2411 ,
1978 2369 2032 2405 sed
2056 2379 2102 2405 et·

1210 2420 1276 2454 iam
1297 2420 1372 2463 ipsis
1395 2418 1582 2455 constanter
1603 2420 1816 2454 refistendum
1835 2419 1869 2453 in
1886 2419 2003 2454 faciem
2016 2445 2023 2452 .
2053 2420 2099 2456 Et

1210 2470 1254 2504 ita
1275 2469 1394 2504 sentire
1417 2479 1534 2503 omnes
1556 2470 1693 2503 Sanctos
1703 2468 1837 2510 Patres,
1863 2468 1998 2505 Divinae
2019 2470 2101 2517 legis

1212 2521 1407 2564 Interpretcs
1435 2541 1443 2549 ·
1471 2518 1523 2554 Ex
1546 2517 1613 2553 hoc
1639 2519 1803 2563 principio
1830 2520 2014 2561 supplicant
2040 2521 2103 2556 cir-

1210 2568 1365 2605 cumduci
1387 2570 1499 2604 sacras
1509 2567 1691 2613 Jussione3‚
1716 2567 1837 2611 quibus
1852 2567 2009 2612 Princeps
2020 2572 2099 2605 San-

1208 2618 1382 2662 stiCyrilli
1403 2629 1441 2652 ac
1461 2616 1639 2651 venerandi
1652 2616 1848 2651 Memnonis
1871 2617 2018 2660 iniquam
2046 2619 2099 2654 de.

1208 2669 1435 2715 gradationem
1452 2666 1714 2701 confirmaverat.
1746 2666 1884 2711 Rogant
1905 2668 2096 2704 confirmari

1207 2720 1310 2756 solam
1331 2716 1600 2764 degradationem
1621 2715 1789 2757 Nestorii,
1816 2717 1849 2752 δε
1875 2718 2096 2761 ροῑοηιῐίῖῐωὲ

1209 2769 1416 2806 concludunt
1432 2781 1439 2801 ε
1467 2767 1668 2812 ,Quamobrem
1682 2765 1793 2807 Christi
1814 2777 1951 2802 amantes
1962 2772 2096 2812 Impera-

1208 2831 1283 2855 tores
1297 2845 1307 2862 ,
1327 2817 1432 2865 sedula
1445 2827 1572 2859 emate,
1599 2829 1639 2851 ne
1664 2815 1791 2858 Ecclefia
1811 2841 1822 2858 ,
1849 2828 1918 2861 quae
1939 2831 2019 2854 more
2040 2831 2095 2854 nu·

1206 2877 1291 2904 tricis
1322 2881 1378 2904 vos
1409 2870 1550 2903 educavit
1571 2893 1581 2908 ‚
1615 2879 1650 2902 ac
1671 2866 1792 2910 trophea
1816 2867 1976 2913 adverfitm
2002 2869 2094 2911 hostes

1210 2928 1288 2956 citra
1311 2921 1515 2963 difficultatem
1529 2918 1681 2959 Majestati
1703 2917 1807 2958 vefirae
1828 2923 1939 2962 erigit,
1965 2918 2093 2963 imposte·

1211 2983 1275 3008 rum
1289 2971 1436 3013 diffipetur
1452 2993 1462 3009 ,
1488 2979 1564 3002 neve
1575 2971 1671 3013 Regni
1682 2968 1771 3010 vestri
1784 2977 1914 3010 tempore
1924 2967 2092 3015 Martyrum

1209 3021 1352 3068 saeculum
1373 3018 1571 3066 speHandum
1582 3017 1771 3062 exhibeatis3
1797 3023 1869 3061 quin
1887 3026 1986 3063 potius
1999 3017 2092 3063 Majo-

1205 3069 1462 3116 rumflvestrorum
1490 3080 1560 3113 erga
1581 3066 1739 3111 Ecclefiam
1759 3080 1889 3103 amorem
1910 3071 1945 3104 6·
1959 3069 2092 3112 studium

1207 3127 1346 3157 memoria
1365 3128 1532 3162 repetentes
1547 3144 1558 3159 ,
1583 3120 1873 3161 &quemadmodum
1893 3117 2091 3165 unusquisque

1207 3184 1305 3207 eorum
1318 3175 1439 3213 Imperii
1456 3168 1507 3216 sut·
1529 3177 1659 3213 tempore
1670 3169 1842 3204 sanctorum
1869 3172 1996 3204 Patrum
2009 3173 2091 3211 syno-

1206 3224 1254 3258 dis
1278 3220 1430 3257 celebratis
1449 3226 1606 3263 paruerit,
1633 3222 1821 3264 Patr-umque
1842 3219 2012 3255 sanctiones
2036 3225 2090 3256 Le-

1199 3274 1290 3319 gibus
1308 3269 1372 3315 suis
1395 3272 1555 3306 muniendo
1567 3282 1659 3315 quam
1683 3272 1744 3304 illis
1761 3270 1914 3314 deferrent
1931 3268 2088 3313 observan-

259 3321 314 3352 En
329 3319 455 3362 gloriam
469 3322 640 3365 Plentiffimi
661 3326 768 3368 Regis.
799 3323 951 3360 Alterum
967 3325 1159 3365 discrimen„
1205 3329 1282 3357 tiam
1295 3322 1399 3362 statim
1422 3320 1621 3364 ostenderint,
1647 3326 1695 3355 ita
1716 3323 1750 3357 ό·
1770 3332 1825 3357 vos
1846 3331 1960 3363 quoque
1981 3328 2088 3362 parem

258 3369 335 3402 sunt
347 3367 412 3402 haec
426 3368 539 3403 verba:
564 3374 711 3407 Nondum
731 3384 856 3407 venerat
877 3380 1048 3412 Himerius.
1081 3377 1141 3409 Pu-

1204 3373 1350 3418 affet‘l‘um
1356 3383 1426 3415 erga
1439 3374 1459 3405 5
1460 3371 1579 3404 anetam
1592 3373 1735 3413 synodum
1746 3393 1757 3413 ,
1776 3382 1868 3413 quam
1878 3371 1962 3404 modo
1973 3380 2088 3413 congre-

259 3427 360 3454 tamus
378 3423 458 3454 enim
477 3444 489 3462 ‚
514 3423 595 3463 quod
617 3434 694 3459 nunc
715 3425 908 3467 agritudinis
932 3425 1140 3467 t'naequalitate
1196 3424 1290 3471 gastt‘s
1304 3446 1315 3465 ‚
1339 3424 1476 3458 alacriter
1492 3420 1656 3467 suscipite,
1681 3430 1714 3458 ut
1734 3419 1978 3467 ipsagratiarum
2000 3420 2087 3453 at‘lio-

1983 3480 2037 3505 7¹55
