2320 3730
616 211 928 263 Senotns,
968 220 1031 251 ετ
1065 203 1252 251 Nons
1289 196 1696 252 titusrnarae.

229 294 346 336 Christo
362 292 506 325 Diodorus
519 289 628 332 Tbarfi
636 295 769 324 civitatis
783 315 794 330 ,
820 292 854 324 (a
863 295 914 332 qui
928 287 1105 333 Mopsuefflae

220 347 290 389 suit
309 340 473 386 Episcopus
486 366 497 382 ,
525 342 762 383 eloquentifflmus
782 340 949 373 Theodorus
975 363 986 379 ,
1005 347 1104 380 pauca

228 393 370 438 quaedam
394 394 488 426 dicere
508 393 619 432 adea,
645 404 712 434 quae
723 392 768 424 illi
779 392 942 429 dixerunt,
968 387 1105 437 (ἥδε-’ἂι

220 443 380 478 ,amborum
389 443 608 484 deformitatem
618 442 781 487 legentibus
791 439 989 479 demonstrare
1005 464 1013 471 .
1041 438 1105 472 Af-

224 494 334 527 firmat
354 494 452 527 etiam
475 492 637 526 defuustis
649 515 661 533 ‚
688 493 767 526 dum
779 500 874 533 prava
886 489 1032 531 ipsorum
1044 488 1103 521 do-

223 554 335 587 gmata
357 544 431 577 sunt
456 543 629 581 manifesta
651 566 663 583 ,
700 552 768 575 nou
794 539 856 572 effe
882 535 1101 581 parcendum.

224 593 379 636 Epistolae
393 595 615 636 fragmentum
626 591 730 627 exstat
740 590 775 623 in
789 588 908 632 quinto
922 587 1081 623 Concilio
1097 611 1105 623 ,

223 643 269 677 Et
281 644 322 680 ad
332 642 426 680 istam
440 653 507 679 rem
518 643 653 682 Sanctus
662 639 799 681 Procius
814 639 877 677 fuit
888 638 970 673 serie>
981 648 1105 686 coope-

223 704 313 731 ratus
322 719 331 730 μ

272 744 348 779 Nec
368 744 436 780 fine
456 745 560 778 fructu
572 767 582 775 .
609 740 743 775 Etenim
757 739 935 784 Imperator
946 736 1104 772 Theodo-

221 795 287 829 fius
299 794 523 832 severiffimam
535 794 659 836 legem,
685 802 747 836 qua
760 791 906 830 Nestorii
925 792 1105 834 personam,

220 844 355 888 ejusque
365 846 541 879 Senatores
558 853 597 876 ac
611 842 713 883 libros
726 842 909 885 persecutus
927 851 1029 884 nuper
1038 839 1106 872 fue-

219 904 273 930 xat
285 918 296 934 ,
323 893 385 928 hos
404 904 519 927 omnes
530 892 624 927 exuri
640 916 651 934 ,
677 892 752 926 illos
777 892 854 926 vero
873 889 1105 935 jubensappel-

221 944 282 978 lari
305 943 514 978 simonianos
527 968 540 985 ,
563 943 714 979 extendit
731 940 771 977 ad
797 939 974 975 Theodori
997 940 1106 983 perso·-

218 1005 302 1029 nam
320 1005 359 1027 ac
371 993 493 1034 libros,
519 993 660 1035 ideoque
680 993 794 1026 datum
809 994 843 1026 in
854 991 958 1033 ipsum
972 988 1106 1032 aCyril-

220 1045 259 1077 Io
279 1055 317 1077 ac
327 1043 449 1080 Proclo
469 1041 643 1081 anathema
655 1041 798 1079 firmavit
809 1066 817 1074 .
846 1041 926 1085 Ejus
938 1040 980 1074 de
991 1039 1107 1073 Theo-

221 1092 306 1128 doro
324 1102 362 1125 ac
381 1090 541 1131 Nestoi-io
566 1091 664 1125 verba
681 1088 754 1125 sunt
777 1089 884 1129 lucida
900 1106 911 1126 :
938 1095 1043 1132 Neque
1072 1091 1107 1122 de

219 1150 325 1176 caetero
344 1147 522 1179 inveniatur
539 1142 752 1190 praediblorum
763 1140 914 1174 bominum
939 1146 1082 1175 memoria
1097 1164 1106 1179 ‚

221 1193 279 1226 vel
298 1192 362 1225 ulla
381 1193 564 1234 appellatio,
589 1200 704 1235 praeter
728 1195 855 1225 simonis
876 1217 885 1227 .
911 1191 992 1238 Qo
1016 1201 1106 1227 anno

208 1240 418 1280 haecomnia
439 1242 614 1287 &singula
634 1243 697 1287 fint
720 1230 802 1276 fasta
824 1266 836 1282 ‚
861 1239 1018 1274 distincte·
1035 1251 1104 1273 non

224 1291 344 1336 poffim
355 1291 482 1329 dicere,
511 1291 675 1332 Existimo
692 1291 863 1335 operosam
884 1299 935 1324 tot
954 1288 1106 1327 molimi-

221 1352 306 1376 num
316 1343 432 1380 seriem
442 1352 518 1376 ante
526 1342 727 1389 trigesimum
739 1352 866 1379 nonum
879 1350 961 1379 ‚aut
974 1338 1103 1384 quadra·

221 1392 384 1436 gefimum
398 1391 488 1430 istius
498 1393 604 1428 saeculi
625 1402 751 1425 annum
773 1402 841 1426 non
852 1390 991 1436 potuisse
1000 1389 1106 1433 exple-

221 1441 270 1476 ri.
297 1441 403 1489 Qod
423 1441 523 1489 porro
535 1441 681 1485 Cyrillus
690 1451 831 1486 quatuor
854 1437 1006 1475 adversus
1017 1441 1105 1475 Dio·-

221 1491 343 1525 dorum
370 1502 408 1524 ac
434 1489 654 1530 Theodorum
681 1490 782 1526 libros
808 1492 967 1535 scripserit
988 1516 999 1533 ‚
1027 1491 1104 1526 licet

221 1538 397 1575 Facundus
422 1539 669 1578 Hermianenfis
688 1551 827 1575 conetur
855 1552 969 1575 vocare
991 1541 1026 1575 in
1048 1540 1104 1575 du·

219 1589 316 1624 bium
328 1613 341 1631 ,
351 1592 473 1625 fatetur
482 1599 593 1626 tamen
603 1592 673 1634 ejus
686 1591 828 1636 Collega
841 1590 1014 1625 Liberatus
1025 1592 1105 1626 Dia·

219 1650 347 1675 conus<
367 1639 550 1675 ‘Relustans
570 1641 702 1675 interim
715 1666 726 1683 ‚
752 1642 787 1676 δι
799 1642 885 1683 quasi
907 1644 983 1675 curn
1001 1650 1105 1684 prote-

218 1689 379 1727 statione.
406 1690 497 1725 Nam
510 1690 661 1736 adjungit
683 1691 761 1729 istos
782 1691 912 1729 librosa
932 1691 1010 1728 solis
1021 1691 1105 1726 Ace-

219 1738 355 1785 phalis,
383 1740 417 1775 id
441 1741 508 1781 est,
533 1742 634 1776 trium
659 1742 891 1786 Capitulorum
912 1742 1105 1777 Damnate-e

218 1789 312 1825 ribus
323 1790 444 1826 adstrui
457 1815 468 1831 ‚
497 1792 611 1836 negari
631 1802 741 1826 autem
762 1789 972 1827 &Catholicae
994 1792 1105 1826 verita-

219 1840 290 1880 tis,
314 1840 349 1875 id
370 1840 416 1875 est
436 1865 447 1880 ‚
476 1840 640 1876 dictorum
662 1842 895 1884 capitulorum
916 1842 1105 1875 Defensori·

221 1888 284 1923 bus
307 1912 315 1921 .
341 1889 522 1925 Audienda
553 1892 628 1924 sunt
650 1890 719 1933 ejus
745 1891 841 1925 verba
863 1904 871 1924 :
899 1892 959 1924 Sed
976 1889 1104 1933 Bafilius

221 1940 351 1981 quidam
375 1943 527 1974 Diaconus
548 1965 559 1982 ‚
577 1939 698 1984 sumens
722 1944 845 1974 Tamum
865 1942 963 1974 Procli
981 1965 992 1981 ,
1018 1952 1104 1983 quem

222 1992 372 2022 Armeniis
376 1983 564 2031 scripserat,
594 1992 809 2024 Alexandriam
820 1997 928 2031 venit,
957 1992 1104 2025 &Arme-

219 2043 342 2072 miorum
350 2038 466 2072 libellos
470 2037 536 2083 suis
555 2038 664 2075 libellis
675 2041 834 2077 adnec‘lens
845 2064 856 2079 ,
882 2040 987 2074 obtulit
997 2040 1104 2078 cyrillo

220 2086 357 2131 ejusdem
373 2089 457 2122 urbis
482 2089 636 2130 antistiti.
663 2090 808 2133 Quibus,
837 2097 871 2124 ut
884 2087 996 2131 ferunt
1006 2100 1102 2122 rumo-

160 2180 163 2183 ,
220 2149 293 2178 res,
318 2147 445 2180 quatuor
464 2138 555 2172 libros
573 2137 689 2182 scripsit
702 2163 714 2179 ,
739 2148 801 2173 tres
823 2140 972 2173 adversur
996 2140 1103 2183 Diod07

41 2530 132 2570 Epist.
158 2534 204 2563 ³6.

218 2198 285 2221 rum
303 2198 339 2222 ac
347 2187 551 2228 Theodorum,
576 2187 660 2231 quasi
678 2188 849 2229 Nestoriani
876 2193 1033 2233 Dogmatis
1046 2193 1102 2223 Aa·

218 2236 341 2276 thares,
367 2238 400 2270 (ff
419 2239 513 2271 alium
527 2238 573 2271 ⁴de
595 2244 800 2273 incarnatione
821 2240 933 2272 librum
947 2263 955 2271 .
983 2240 1102 2283 Dicit,

220 2290 260 2319 Ut
270 2297 400 2320 rumores
404 2287 534 2329 ferunt,
563 2288 652 2332 quod
666 2299 781 2332 nempe
792 2289 891 2323 etiam
904 2289 972 2333 ipse
984 2289 1080 2323 vellet
1093 2313 1104 2330 ,

218 2335 275 2371 sed
299 2347 369 2371 non
395 2337 511 2371 audeat
523 2337 603 2372 istos
624 2336 725 2374 libros
751 2350 866 2374 vocare
886 2341 920 2373 in
946 2337 1102 2374 dubium.

220 2384 271 2420 At
294 2386 418 2429 quintae
439 2385 566 2430 Synodi
583 2386 767 2423 authoritas
790 2388 920 2424 videtur
939 2389 1103 2431 irrefraga-

222 2434 316 2468 bilis.
345 2435 389 2466 Et
412 2435 468 2476 ipfi
488 2435 595 2477 palam
616 2437 776 2469 consonat
800 2438 836 2470 in
854 2437 971 2470 litteris
980 2437 1020 2470 ad
1042 2437 1104 2470 Ire-

222 2494 331 2517 naeum
342 2481 596 2519 Theodoretus.
625 2482 778 2519 Affirmat
803 2485 881 2521 istos
893 2485 994 2521 libros
1011 2486 1104 2520 effea

219 2534 258 2568 se
280 2534 437 2566 refutatos
457 2557 465 2564 .
490 2534 584 2579 Qin
610 2532 646 2566 &
667 2535 733 2576 ipse
753 2534 901 2577 Cyrillus
929 2536 1040 2571 scribit
1062 2535 1104 2571 ad

222 2583 471 2617 Mefitinensem
485 2581 646 2617 Acacium
660 2581 822 2625 :Inspems
834 2584 979 2619 Theodori
989 2597 1024 2619 ac
1037 2589 1105 2620 Dio-

222 2634 288 2666 dori
313 2632 401 2666 libris
415 2656 436 2673 .,
467 2643 538 2675 quos
562 2643 620 2665 non
646 2633 682 2666 de
703 2637 915 2667 Incarnatione
934 2635 1104 2678 Unigeniti,

218 2681 275 2726 sed
294 2689 389 2727 magis
404 2691 507 2717 contra
520 2687 763 2718 Incarnationem
779 2682 963 2727 scripserunt
987 2709 999 2726 ,
1021 2684 1104 2728 posui

221 2734 327 2775 aliqua
349 2734 496 2775 capitula
519 2758 530 2775 ‚
556 2735 591 2769 (9
611 2744 667 2777 quo
685 2738 770 2777 potui
793 2736 876 2769 modo
894 2760 916 2776 r
932 2737 1103 2770 contradixi

222 2789 287 2817 eis.
916 2804 921 2809 ·

273 2832 594 2868 BafiliusDiaconus
614 2833 660 2868 est
684 2833 825 2869 omnine>
844 2835 900 2870 ine
913 2827 1104 2872 Cotistanti·

220 2883 422 2927 nopolitanae
445 2883 597 2918 Ecclefiae
611 2882 918 2925 Archi-Mandrita,
945 2886 1037 2930 cujus
1056 2898 1102 2922 ze-

221 2933 374 2969 lofiffima
406 2935 440 2968 &
460 2934 717 2968 constantiffima
737 2935 887 2970 adversus
908 2937 1100 2973 Nestorium

223 2983 331 3019 adhuc
343 2984 541 3027 Episcopum
555 3009 567 3025 ,
593 2995 631 3019 ac
641 2984 709 3028 ejus
722 2987 905 3029 tyrannicas
919 2988 952 3022 in
965 2988 1100 3022 Clerum

222 3045 261 3067 ac
273 3032 436 3077 Populum
453 3035 628 3069 violentias
646 3035 841 3073 contestatio
863 3049 901 3071 ac
925 3038 1102 3082 appellatio

222 3083 328 3117 exstat
350 3083 385 3116 in
406 3084 508 3126 prima
530 3095 621 3129 parte
643 3084 795 3129 Ephefini
820 3088 969 3123 Concilii
996 3113 1004 3121 .
1033 3090 1102 3122 Hic

223 3135 328 3177 igitur
350 3130 462 3167 videns
473 3157 483 3172 ‚
509 3135 596 3177 quod
611 3135 745 3178 Ioannis
757 3137 962 3174 Antiocheni
973 3151 1011 3173 ac
1023 3139 1102 3173 alio-

222 3195 296 3217 rum
305 3183 529 3219 Orientalium
548 3185 784 3230 Episcoporum
797 3188 914 3234 Legati
937 3199 1100 3224 tentarent

219 3232 399 3268 Theodori
417 3234 570 3278 Capitula
592 3246 724 3280 purgare
746 3262 757 3277 ‚
783 3239 816 3273 &
838 3239 970 3285 desuper
993 3239 1099 3284 legem

220 3293 415 3328 extorquere
438 3307 448 3324 ‚
476 3285 638 3328 affumpfit
664 3286 769 3321 Sancti
789 3289 896 3324 Procli
921 3290 1075 3325 Tamum
1090 3314 1099 3330 ‚

216 3334 358 3377 &supra
382 3334 539 3370 adductos
563 3335 818 3381 Armeniorum,
841 3339 1011 3375 Persarum
1026 3366 1036 3382 ,
1063 3353 1100 3374 ac

214 3384 358 3422 aliarum
372 3385 533 3421 Gentium
555 3386 671 3422 con'tra
682 3386 857 3425 Theodori
881 3392 1051 3434 personam
1064 3391 1102 3425 li-

1882 224 1898 254 1
1915 221 1934 267 5
1951 225 1967 254 1

1167 284 1291 326 bellos,
1314 284 1425 328 eisque
1447 284 1599 328 adjunxit
1622 285 1770 322 libellum
1790 290 1982 334 proprium,
2006 292 2039 327 &

1166 346 1241 369 cum
1252 334 1406 371 omnibus
1419 334 1487 374 istis
1498 336 1637 380 perrexit
1646 334 1687 369 ad
1698 339 1848 372 Sanctum
1858 341 2038 383 Cyrillum.

1166 384 1240 419 Nec
1251 385 1470 423 dubitandum
1493 386 1561 427 est,
1587 387 1669 431 quin
1693 387 1846 421 &Sansti
1869 391 1975 425 Procli
1991 393 2042 427 lit-

1167 444 1249 469 teras
1265 434 1430 473 habuerit.
1458 436 1570 473 Etiam
1591 438 1713 472 litteras
1735 445 1791 470 aut
1810 437 1937 473 libellos
1958 444 2043 476 San-

1168 486 1210 519 ἐὶί
1224 486 1382 524 Dalmatii
1401 486 1584 531 Presbyteri
1608 487 1965 525 &Archi-Mandritae.
1990 493 2044 525 De

1168 536 1237 579 ipso
1248 538 1338 571 enim
1351 537 1486 572 Proclus
1497 539 1531 572 in
1544 538 1659 574 litteris
1669 563 1679 579 ,
1704 537 1823 582 quibus
1841 537 1935 572 Ibam
1947 539 2043 573 casti-

1167 586 1233 629 gari
1255 587 1430 629 postulavit
1444 612 1454 628 ,
1481 588 1600 632 scripsit
1623 588 1664 622 ad
1679 589 1841 632 Ioannem
1861 579 2046 624 Antioche‘·

1169 646 1269 677 num.-
1296 638 1425 672 Habebit
1448 637 1540 680 ibas,
1568 639 1632 673 fise
1652 640 1848 678 correxerit,
1876 650 1933 672 non
1950 637 2045 681 solum

1167 696 1214 718 eos
1238 709 1249 725 ,
1275 692 1327 728 qui
1348 698 1425 719 nunc
1449 690 1484 720 de
1508 686 1568 731 ipso
1586 689 1728 727 dubitant
1753 714 1764 730 ,
1788 689 1936 724 mirantes
1957 700 2047 730 eum,

1164 733 1223 777 sed
1240 741 1331 768 etiam
1353 737 1564 775 5anc¹2iffimum
1587 738 1711 779 nostrum
1722 743 1867 781 Patrem,
1895 738 2048 778 Presbyte-

1169 796 1235 822 rum
1254 787 1288 818 ὀ·
1304 784 1395 817 Archi
1409 788 1599 822 Mandritam
1623 791 1830 830 Dalmatiam,
1857 796 1981 822 nimium
2001 789 2048 822 bo-

1169 843 1324 868 norontem
1335 836 1369 871 j&
1379 840 1538 868 mirantem
1550 860 1561 877 ‚
1582 839 1611 877 fi
1615 842 1720 873 videat
1726 839 1895 884 sapientem
1903 852 1939 873 ea
1950 865 1960 880 ,
1978 850 2048 882 quae

1167 890 1229 927 piae
1246 884 1320 927 fidei
1336 883 1432 928 sunt.
1462 887 1549 921 Modo
1570 892 1670 927 enim,
1694 899 1793 932 utpote
1815 889 1904 933 super
1925 893 1994 924 aliis
2015 901 2048 923 eo

1169 936 1310 978 vulgato,
1338 944 1513 969 memoratus
1528 935 1723 976 Saneqffmus
1735 948 1858 981 propter
1870 940 2048 974 charitatem

1170 997 1227 1021 non
1247 987 1431 1019 mediocriter
1441 988 1591 1027 laceratur
1605 1010 1616 1026 ,
1644 988 1726 1028 quod
1741 992 1764 1019 ii
1775 994 1825 1029 qui
1836 991 1940 1023 debent
1952 996 1983 1023 in
1997 993 2051 1023 Di·

1171 1035 1338 1069 vinioribus
1354 1037 1542 1079 praedicari,
1554 1041 1602 1068 -in
1622 1035 1755 1078 aaverfis
1773 1037 1971 1081 accusantur‚·
1983 1038 2050 1081 five

1170 1088 1233 1124 zelo
1254 1088 1414 1121 dicentium
1432 1109 1443 1126 ,
1462 1086 1526 1128 five
1547 1087 1668 1130 invidia
1690 1091 1915 1122 criminantium
1939 1113 1945 1120 .
1972 1090 2050 1124 Dal-

1172 1139 1294 1170 matius
1310 1162 1320 1178 ,
1347 1137 1395 1171 uti
1415 1134 1567 1172 adversus
1587 1136 1781 1170 Nestorium
1794 1161 1805 1177 ‚
1831 1137 1878 1170 ita
1898 1138 2050 1170 &adver-

1171 1187 1225 1221 sus
1238 1186 1460 1222 Theodorum
1483 1197 1550 1221 erat
1564 1186 1788 1221 zelosissimus.
1819 1186 1913 1221 Hinc
1928 1185 2053 1230 Ephefi-

1170 1237 1364 1271 niConcilii
1388 1247 1536 1280 tempore
1557 1237 1730 1272 dumtaxat
1751 1237 1945 1276 Diaconus,
1972 1236 2056 1281 post-

1170 1287 1273 1321 modo
1295 1288 1313 1321 a
1326 1289 1444 1322 Sansto
1455 1288 1667 1323 Maximiano
1684 1299 1742 1323 aut
1764 1290 1781 1322 a
1807 1286 2056 1322 Sanct<>Proc10

1166 1336 1212 1374 est
1227 1339 1358 1372 eveCius
1383 1339 1417 1372 in
1443 1337 1692 1382 Presbyterum.
1722 1339 1874 1372 Forsitan
1889 1338 2056 1372 suaslitte-

1169 1398 1218 1421 ras
1242 1387 1392 1430 adjunx‘t
1412 1389 1537 1430 etiam,
1566 1399 1646 1425 tunc
1667 1388 1910 1429 orthodoxus,
1938 1387 2058 1424 Archi·

1168 1436 1337 1475 Mandrita
1349 1438 1525 1483 Eutyches.
1554 1440 1656 1487 Qod
1668 1441 1760 1474 enim
1773 1441 1921 1477 sermone
1938 1439 1972 1473 &
1982 1449 2057 1481 ope·

1170 1499 1201 1521 re
1215 1498 1352 1531 potens,
1375 1501 1414 1525 ac
1436 1490 1552 1525 Sansio
1564 1490 1699 1532 Cyrillo
1720 1490 1919 1537 gratiffimus
1936 1489 2058 1530 fuerit,

1171 1538 1254 1572 infra
1275 1538 1485 1575 docebimur.
1514 1541 1577 1574 Hae
1600 1550 1717 1574 contra
1738 1537 1959 1574 Theodorum
1982 1538 2059 1572 lites

1169 1589 1300 1623 fuerunt
1321 1591 1372 1624 illi
1396 1592 1498 1634 prima
1515 1590 1587 1625 odii
1601 1590 1695 1624 radix
1720 1591 1755 1623 in
1778 1589 1891 1623 Ibam.
1919 1586 2058 1621 Basilius

1169 1638 1344 1677 Diaconus
1361 1639 1490 1674 videtur
1511 1638 1630 1673 horum
1651 1639 1806 1672 omnium
1829 1637 1924 1671 fuisse
1947 1636 2058 1682 Lega-

1169 1699 1236 1722 tus.
1262 1688 1440 1735 Qidquid
1460 1690 1497 1723 fit
1517 1713 1529 1730 ,
1555 1699 1611 1732 per
1633 1689 1765 1723 laudata
1789 1699 1877 1722 arma
1902 1688 2058 1721 Sanctum

1169 1738 1337 1781 Cyrillum
1363 1738 1525 1783 permovit
1546 1739 1588 1778 ad
1602 1737 1830 1783 stringendum
1840 1738 2004 1772 calamum
2023 1737 2058 1770 in

1168 1787 1391 1826 Theodorum
1407 1813 1417 1828 ,
1442 1789 1477 1823 &
1491 1786 1532 1823 ad
1559 1788 1666 1832 ipsum
1686 1787 2058 1825 anathematizandum.

1171 1838 1213 1871 Et
1227 1838 1446 1872 anathematis
1470 1838 1658 1877 firmitatem
1681 1837 1909 1879 postulandam
1932 1837 1950 1869 a
1972 1836 2060 1878 prin-

1168 1887 1240 1930 cipe
1251 1910 1258 1918 .
1289 1885 1422 1930 Utique
1447 1898 1502 1930 per
1513 1886 1671 1926 Proclum
1684 1886 1799 1931 Regiae
1819 1885 1963 1922 civitatis
1977 1886 2060 1930 Epi·-

1169 1939 1304 1980 scopum
1313 1960 1324 1977 ‚
1355 1935 1396 1971 ad
1408 1936 1500 1980 cujus
1512 1947 1632 1972 munus
1643 1936 1828 1981 spectabant
1841 1936 1915 1971 talia
1929 1962 1937 1969 .

1216 1986 1342 2022 Verum
1357 1985 1423 2021 haec
1435 1988 1549 2021 omnia
1563 1998 1632 2021 non
1650 1985 1865 2022 dimoverunt
1877 1984 2061 2019 Antioche-

1168 2046 1247 2070 num
1269 2038 1431 2078 ioannem
1441 2037 1459 2074 ,a
1473 2038 1530 2070 suo
1542 2036 1715 2080 Proposito
1727 2061 1734 2068 .
1763 2036 1837 2070 Nec
1848 2034 1940 2069 Ibam
1961 2035 2059 2069 casti-

1165 2085 1276 2130 gavit,
1308 2097 1367 2119 nec
1379 2084 1472 2120 defiit
1484 2084 1708 2120 Theodorum
1729 2085 1918 2121 defendere.
1950 2085 2062 2120 Etiam

1164 2135 1236 2179 ejus
1269 2147 1349 2180 epos
1361 2136 1396 2171 &
1408 2136 1576 2172 Successor
1586 2137 1765 2177 Domuus,
1793 2136 1834 2171 de
1854 2148 1922 2180 quo
1933 2136 2062 2174 Facun-

1164 2148 1483 2221 dusssermianenlis
1496 2200 1503 2219 :
1533 2188 1658 2223 Accedat
1670 2192 1762 2220 etiam
1772 2187 1959 2224 Venerabilis
1971 2191 2062 2223 Dom-

1144 2231 1221 2279 {nus
1245 2235 1441 2270 Antiocbenus
1454 2261 1466 2277 ,
1492 2242 1543 2279 qui
1561 2235 1611 2279 sui
1636 2237 1788 2279 Decefforis
1799 2241 1832 2280 J
1835 2243 1964 2278 oannis,
1990 2239 2060 2271 alio«

1144 2281 1149 2317 l
1165 2298 1286 2329 rumque
1292 2288 1528 2328 praecedentium
1541 2288 1726 2330 Collegarum
1734 2285 1914 2332 sententiam
1934 2295 2039 2323 tenens
2049 2310 2060 2328 ,

1143 2328 1149 2399 Ι
1165 2336 1294 2376 Eutychi
1308 2338 1491 2380 Apollinaris
1517 2335 1728 2377 Haerefiarcbae
1741 2342 1923 2379 impietatem
1936 2349 2060 2372 renova·

1146 2397 1198 2421 ·re
1220 2393 1353 2419 tentanti
1370 2409 1382 2426 ,
1407 2389 1442 2421 Θ
1465 2387 1499 2419 ob
1521 2384 1572 2420 boc
1597 2389 1759 2421 Diodorum
1775 2397 1865 2431 atque
1878 2388 2059 2422 Theodorum

1165 2433 1426 2468 anathematizare
1444 2433 1662 2476 praeficmenti,
1684 2443 1806 2478 primus
1829 2438 1937 2478 restitit
1947 2439 1991 2470 ad
2001 2443 2060 2471 Im-

1161 2493 1333 2527 peratorem
1357 2481 1541 2525 Theodofium
1562 2483 1694 2528 scribens
1720 2512 1726 2518 .
1764 2486 1854 2521 Idem
1882 2487 2058 2523 Facundus

1167 2533 1263 2569 nobis
1273 2533 1450 2569 custodivit
1460 2536 1683 2581 fragmentum
1704 2535 1795 2570 istius
1808 2538 1840 2572 &
1852 2537 1986 2583 quidem
2000 2538 2059 2581 Sy-

1167 2584 1296 2620 nodalis
1322 2583 1479 2626 Epistola.
1502 2596 1510 2616 :
1539 2584 1670 2624 Vestram
1691 2586 1788 2619 docere
1809 2592 1935 2631 cogimur
1953 2589 2058 2621 Pieta-

1164 2643 1245 2675 tem,
1270 2638 1410 2676 quoniam
1433 2635 1620 2676 Apollinaris
1640 2633 1845 2679 Haerefiarchae
1867 2643 2054 2680 impietatem

1165 2683 1310 2723 Eutyches
1323 2684 1477 2724 Presbyter
1496 2695 1644 2719 renovare
1661 2693 1822 2728 pertentat
1834 2712 1845 2729 ,
1872 2689 1907 2721 <tt
1918 2687 2054 2729 Apostoli-

1143 2734 1237 2769 'licas
1257 2734 1440 2776 labe-fabian
1466 2735 1620 2775 dodrinas
1641 2760 1652 2776 ,
1678 2736 1805 2777 Mysterii
1835 2741 2053 2771 Incarnationir

1164 2787 1270 2830 dogma
1280 2793 1487 2828 corrumpent,
1516 2787 1549 2820 Θ
1563 2789 1772 2825 Divinitatem
1785 2791 1935 2832 Unigenm
1954 2788 2055 2822 &Ym-

1165 2841 1342 2870 mam'tatem
1352 2846 1462 2870 vocans
1470 2847 1563 2870 unam
1573 2846 1715 2871 naturam
1724 2863 1734 2879 ,
1761 2842 2052 2879 commixtionemque

1164 2887 1197 2919 Θ
1220 2885 1409 2928 confufionem
1431 2886 1556 2930 afferens
1569 2887 1712 2930 fallam,
1738 2887 1944 2930 &salutarem
1952 2888 2053 2928 pafflo-

1165 2947 1232 2970 nem
1244 2935 1300 2978 ipſs
1305 2937 1531 2971 incommutabili
1546 2941 1664 2974 Deitati
1676 2938 1839 2972 adnectens
1852 2940 1886 2972 ζ’]
1897 2936 1950 2970 bos
1961 2959 1971 2976 ,
1997 2942 2051 2980 qui

1163 2988 1302 3022 colamnae
1313 2993 1452 3022 veritatis
1462 3013 1472 3029 ,
1494 2989 1529 3022 Θ
1534 2996 1769 3031 propugnatores
1778 2993 1902 3030 pietatis
1907 2987 2051 3031 fuerunt,

1163 3038 1356 3072 &adversas
1374 3050 1488 3072 omnem
1502 3037 1637 3081 Haerefirn
1660 3040 1908 3073 clare-virtutem
1918 3049 2050 3074 exercue-

1161 3097 1233 3122 runt
1243 3113 1254 3129 ,
1280 3090 1442 3123 Diodorum
1451 3100 1485 3123 ac
1494 3088 1676 3122 Theodorum
1698 3087 1958 3124 anathematizare
1965 3097 2048 3131 prae-

1156 3137 1250 3181 sumit
1260 3163 1267 3170 .
1295 3139 1348 3174 Ex
1359 3139 1479 3184 quibus
1492 3138 1644 3173 discimus
1655 3137 1764 3183 plura.
1793 3139 1907 3174 Primo
1917 3163 1930 3180 ‚
1957 3139 2046 3183 quod

1162 3187 1330 3233 Eutyches
1356 3189 1546 3225 Diodorum
1566 3199 1603 3222 ac
1626 3188 1848 3226 Theodorum
1860 3189 2047 3225 anathema-

1160 3239 1268 3274 tizarit
1280 3262 1292 3279 ‚
1319 3240 1474 3275 Domnus
1485 3249 1594 3273 autern
1617 3238 1817 3275 defenderit.
1844 3240 1973 3284 Nempe
1990 3238 2044 3274 hic

1160 3300 1202 3323 ex
1215 3289 1435 3324 Antiochenae
1444 3315 1455 3331 ,
1475 3289 1531 3325 ille
1543 3289 1661 3335 agebat
1668 3302 1710 3325 ex
1721 3291 1872 3326 Decretis
1883 3289 2045 3325 Constan-

1159 3340 1384 3385 cinopolitanae
1398 3340 1562 3376 Ecclefiae.
1589 3341 1765 3383 Secundo,
1791 3339 1879 3386 quod
1892 3341 2043 3376 Domnus

1162 3391 1342 3435 sequeretur
1379 3391 1515 3436 vestigia
1551 3391 1600 3426 sui
1637 3389 2041 3470 Anteceflorisqgoanpis·

1895 3446 1994 3477 ertio,

2083 2255 2231 2294 L·12.c4.

2071 2982 2132 3014 La.
2142 2991 2172 3014 c.
2182 2991 2230 3021 55.
