2320 3730
577 209 888 262 Scironis,
936 221 998 252 ετ
1034 198 1231 252 Nous
1266 217 1693 266 ILLusTRATAE„

227 299 390 330 Dominum
402 291 570 337 Diofiorum
580 316 592 333 ,
620 293 748 335 mifimus
761 304 851 327 unum
859 294 877 325 ἒ
886 290 1098 335 ΚεΙζςὶοΙῐῶηιΙπ

1872 222 1965 270 153

1158 289 1256 323 famia
1269 288 1471 324 liberandum
1482 313 1488 320 .
1502 288 1604 335 Qod
1615 290 1749 332 coeperit
1757 294 1941 331 occasiones
1951 308 2035 340 quae-

227 345 403 383 Presbyteris
415 367 425 383 ‚
448 346 615 385 prudentia
624 343 765 391 insignem
778 369 789 384 ‚
812 343 1000 379 cumlitteris
1013 344 1099 385 ,ὓπο-
1159 341 1225 373 rere
1237 364 1245 372 .
1270 339 1404 392 Qinto
1417 362 1429 379 2
1452 341 1543 385 quod
1565 340 1720 378 Domnus
1746 352 1783 375 ac
1801 345 1867 385 ejus
1881 347 2035 392 Episcopi

227 397 322 434 dicis,
349 395 459 426 Pietati
482 396 545 435 ejus
563 392 775 440 suggerentes,
799 405 852 426 nos
872 398 905 424 in
921 391 1096 433 eofoedere,
1147 386 1226 430 ;haec
1242 390 1411 428 audientes
1422 391 1582 434 coeperint
1604 389 1663 429 fibi
1675 392 1804 428 timere.
1833 393 1920 430 Nam
1933 399 2035 434 etiam

222 445 301 488 qued
314 442 370 487 Jieb
396 443 490 477 beatae
511 451 660 478 memoriae
693 445 799 483 cyrillo
820 447 928 474 initum
944 442 1008 480 est,
1029 449 1099 483 per-

220 505 356 534 manere,
380 492 582 537 scriptamque
605 494 686 533 abeo
697 493 859 537 Epistolam
877 490 1016 538 ample&
1029 513 1040 529 ,
1064 491 1099 523 ὑ

220 544 381 584 Beatiffimi
408 556 518 588 quoque
545 543 698 586 Athanafii
720 542 886 586 Epistoiam
907 564 919 580 ‚
945 550 1036 586 quam
1058 539 1102 571 ad

220 596 350 628 Beatum
362 595 534 639 Epiffetum
543 594 656 638 scripfit
666 620 678 636 ‚
699 594 827 632 libenter
835 595 964 632 recipere
977 613 988 630 ,
1008 598 1100 631 atque

219 647 290 678 ante
308 645 371 687 haee
377 647 471 689 fidem
489 649 522 677 in
534 650 567 678 N
571 652 644 679 icaea
656 643 806 689 Bytbiniae
824 643 846 681 ἃ
864 641 984 674 sanan
996 642 1099 678 Patri-

219 695 275 729 bus
296 695 473 738 expofitam.
500 698 546 727 Et
566 695 679 729 hortati
697 691 825 736 sumus,
852 700 885 724 ut
907 701 974 731 eos,
1003 693 1098 732 quiin

221 744 268 777 bis
282 754 461 794 permanere
480 747 583 779 nolum
593 769 604 786 ,
619 742 746 786 suadeat
762 751 940 785 permanere
956 765 963 773 .
993 740 1099 774 Veram

220 795 327 837 abjens
339 796 407 830 hinc
418 797 543 839 quidam
554 806 593 828 ex
617 794 681 826 illis
692 817 703 834 ‚
729 798 938 836 quicontraria
944 790 1081 833 sentiunt
1089 811 1100 833 ‚³

220 847 409 882 &tumultus
431 845 494 886 istos
506 850 606 884 cient,
632 855 696 878 cum
718 845 832 886 aliquos
853 843 912 876 illic
928 840 1100 883 decepfflt,

220 894 420 938 &sexcentas
436 891 545 928 *contra
565 905 618 928 nos
629 895 796 928 calumnias
815 892 947 935 texuiffet
959 915 969 931 ,
996 889 1097 931 nefan-

215 939 280 980 ..ias
301 955 404 979 contra
427 957 481 978 nos
492 944 716 986 vociferationes
738 948 901 977 excitavit.
931 945 993 974 Deo
1001 948 1100 973 autem

217 994 410 1036 cbariffrmus
435 989 596 1037 Episcopus
619 992 772 1035 Diossorus
794 991 958 1034 Epistolam
985 990 1031 1023 ad
1049 1000 1100 1022 nos

220 1044 357 1087 scripfir,
381 1039 471 1086 quarn
491 1043 531 1081 ab
552 1054 585 1082 eo
603 1041 749 1084 scriptam
769 1052 828 1075 non
848 1043 962 1081 decuit,
989 1045 1042 1083 qui
1063 1039 1102 1071 ab

219 1092 423 1135 universorum
435 1093 497 1130 Deo
506 1093 655 1130 didicerat
667 1103 769 1129 vocem
779 1094 927 1130 mendacii
945 1102 1005 1124 non
1011 1088 1103 1132 susci-

214 1151 306 1186 pere.
333 1146 393 1176 Eis
416 1147 495 1180 enim
513 1140 605 1188 fidem
628 1141 741 1183 babens
754 1154 823 1184 quae
842 1151 945 1176 contra
956 1152 1009 1175 nos
1019 1139 1102 1172 dida

213 1192 341 1235 fuerant
353 1217 364 1233 ,
390 1189 473 1235 quast
487 1192 619 1229 accurate
630 1191 748 1235 singula
770 1192 982 1235 examinaffet‚
1009 1201 1044 1223 ac
1054 1200 1102 1228 ve·

219 1248 344 1277 ritatem
352 1251 409 1285 per
429 1251 576 1282 tormenta
588 1242 774 1284 expreffiffet‚
803 1247 848 1274 ita
869 1241 1102 1276 noscendemna-

220 1298 270 1328 vit
289 1316 297 1325 .
326 1294 387 1326 Sed
417 1303 470 1332 nos
489 1292 671 1325 calumniam
683 1290 764 1332 forti
783 1295 883 1325 animo
900 1289 1080 1334 pertulimus
1092 1312 1102 1328 ,

220 1349 303 1386 eique
326 1343 447 1381 blandis
471 1343 580 1375 litteris
601 1339 794 1383 rescripfimus
807 1365 819 1382 ‚
846 1343 880 1379 ψ
904 1342 1020 1374 Pietati
1033 1341 1100 1380 ejus

220 1392 396 1434 ostendimus
413 1390 503 1434 falsa
523 1389 575 1432 effe
600 1389 664 1425 baec
679 1396 779 1429 omnia
798 1414 810 1435 ,
849 1391 1018 1431 nullumque
1043 1392 1104 1425 Deo,

221 1435 610 1483 Charifflmorum'orientis
639 1438 850 1483 ,Epistoporum
870 1440 911 1473 ab
938 1439 1103 1481 Apostolicis

219 1492 408 1538 dogmatibus
429 1490 594 1539 dtffentire.
621 1492 714 1532 ,Quod
736 1492 771 1524 6·
786 1489 999 1534 Religiofiffimis
1012 1491 1104 1523 Cleri-

221 1548 264 1577 cis
284 1566 295 1582 ,
319 1547 372 1584 qui
392 1540 430 1574 ab
451 1551 483 1574 eo
505 1548 655 1577 venerant
674 1562 684 1578 ,
709 1538 773 1582 ipsa
791 1550 889 1572 rerum
917 1545 1103 1582 experientia

214 1590 393 1638 persuasum
414 1589 472 1630 est.
500 1590 596 1622 atille
618 1589 752 1622 omnibus
774 1590 877 1625 valere
888 1592 986 1632 juffis,
1014 1591 1103 1622 &ca-

218 1640 436 1676 lumniantibus
447 1650 536 1672 aures
545 1640 669 1672 tradens
679 1660 691 1678 ,
715 1650 778 1672 rem
790 1640 933 1683 aggreffics
944 1639 982 1679 est
995 1663 1006 1679 ‚
1033 1650 1101 1681 quae

219 1693 302 1726 credi
312 1692 479 1726 nuliatenus
490 1698 581 1732 queat
592 1713 603 1730 ,
613 1688 671 1732 nisi
677 1689 775 1730 testem
786 1689 907 1723 haberet
921 1693 951 1722 E
954 1688 1081 1731 cclefiam
1094 1712 1102 1721 .

220 1743 302 1776 Tulit
314 1747 392 1776 enim
406 1742 471 1774 illos
483 1764 493 1780 ,
521 1745 572 1783 qui
587 1740 673 1773 nobis
684 1740 846 1774 anathema
858 1740 994 1774 dicebant
1002 1764 1013 1781 ,
1038 1738 1103 1782 sur-

216 1790 347 1837 genfilue
365 1793 400 1831 i&
411 1792 577 1824 acclamans
587 1791 702 1824 illorum
721 1802 806 1825 voces
819 1790 1007 1832 confirmavit
1018 1813 1027 1822 .
1054 1790 1105 1821 Ad

221 1841 287 1875 haec
307 1844 423 1883 aliquos
448 1852 487 1874 ex
506 1844 566 1873 Deo
587 1840 758 1880 cbariffimis
780 1839 938 1882 Epifiopis
961 1845 993 1871 in
1002 1838 1103 1871 urbem

223 1895 353 1935 Regiam
376 1889 450 1932 mifit
461 1914 472 1931 ‚
498 1899 530 1923 ut
543 1895 707 1931 accepimus
717 1914 729 1930 ,
754 1892 886 1931 majores
898 1887 1029 1931 sperans
1040 1898 1104 1920 con-

223 1950 276 1974 tra
306 1952 360 1974 nos
383 1940 530 1977 tumultus
557 1941 732 1977 excitandos
753 1964 761 1971 .
790 1944 857 1972 Nos
880 1941 950 1972 vero
971 1938 1103 1981 primum

222 1989 412 2034 Defensor-em
421 1988 562 2022 habemus
574 1995 705 2023 omnium
715 1988 908 2032 Inspeciorem
920 1991 1018 2022 Deum
1028 2011 1039 2027 ,
1046 1996 1104 2030 pro

222 2044 353 2074 Divinis
360 2038 506 2084 fiquidem
516 2041 583 2079 ejus
601 2038 786 2082 dogmatibus
797 2040 976 2071 dimicamus
988 2049 997 2078 ;
1024 2039 1103 2070 dein-

221 2091 261 2123 de
287 2091 359 2124 vera
381 2099 465 2126 tuam
485 2099 597 2131 quoque
618 2088 814 2124 sane‘i'itatem
834 2086 1008 2128 obtestamur
1033 2108 1045 2128 ,
1069 2094 1103 2121 ut

218 2147 419 2183 oppugnatam
425 2138 518 2181 fidem
529 2145 646 2171 tueatur
658 2162 669 2178 ,
696 2138 731 2171 &
738 2145 795 2179 pro
815 2138 993 2171 conculcatis
1005 2141 1101 2173 Cano·

219 2190 319 2223 nibus‘
334 2190 477 2226 decertet.
505 2187 550 2221 Et
576 2187 645 2230 post
670 2187 814 2230 quaedam
829 2201 840 2221 .-
867 2190 906 2219 Ut
930 2197 1031 2221 autem
1052 2186 1104 2220 boc

222 2249 337 2281 quoque
364 2246 415 2273 tua
425 2238 579 2273 §ariditas
601 2246 658 2269 non
678 2242 791 2279 ignoret
803 2260 815 2277 ,
836 2236 910 2281 scito
931 2236 1008 2270 hanc
1021 2238 1103 2270 illum

220 2288 374 2322 adversus
395 2297 447 2319 nos
464 2285 740 2329 pufillanimitatem
755 2297 857 2330 gerere
872 2310 883 2327 ,
908 2297 947 2320 ex
957 2297 1014 2327 quo
1023 2288 1104 2325 Syno-

219 2339 297 2371 dicis
324 2335 431 2376 vestris
454 2361 465 2377 ,
487 2335 544 2379 sub
572 2335 669 2372 beatae
695 2343 842 2373 memoriae
869 2337 970 2371 Proclo
983 2336 1103 2378 fabiis,

219 2387 395 2421 SanHorum
405 2387 509 2428 regulis
525 2386 703 2419 inbaerentes
724 2385 902 2426 adbaefimus
916 2409 928 2426 ,
953 2387 1035 2419 &de
1053 2385 1105 2418 boc

220 2448 273 2468 nos
281 2434 373 2477 semel
382 2435 416 2466 (τ
428 2440 534 2467 iterum
545 2434 703 2476 increpasse
715 2457 725 2473 ‚
745 2433 1080 2475 quast-Antiochenam
1093 2457 1104 2474 ,

221 2494 256 2518 ut
267 2490 332 2523 ait,
359 2483 671 2519 &Alexandrinorum
694 2484 771 2522 jura
777 2483 995 2524 prodiderimus
1010 2507 1017 2515 .
1047 2489 1104 2518 Ηο-

219 2546 287 2567 rum
299 2543 429 2571 memor,
453 2530 643 2576 tempusque,
668 2537 715 2566 uti
734 2538 761 2567 ei
779 2530 878 2575 visum
891 2532 931 2574 est
942 2554 954 2575 ‚
977 2532 1082 2566 nallus
1094 2554 1105 2576 ³

220 2587 394 2617 inimicitias
410 2581 575 2624 patefecit.

270 2634 405 2667 Docent
427 2632 517 2676 plura
540 2630 581 2665 ad
604 2631 790 2674 praesentem
817 2640 884 2664 rem
908 2631 1102 2674 spectantia.

217 2682 332 2719 Primo
343 2707 354 2724 ‚
383 2681 474 2726 quod
495 2682 622 2725 praesata
633 2680 743 2715 Procli
764 2680 805 2715 ad
818 2680 949 2715 Domni
960 2681 1002 2716 de
1013 2681 1105 2716 Con-

218 2731 518 2776 stantinopolitanae
527 2729 618 2765 Sedis
630 2731 777 2767 Primatu
790 2730 888 2767 Pasta
903 2730 1104 2774 Dioscorus,

217 2784 320 2816 etiam
332 2783 411 2816 vivo
435 2781 552 2817 Sancto
563 2780 695 2823 Cyrillo
705 2804 717 2824 ‚
741 2790 858 2826 utpote
868 2781 1104 2818 Alexandrinae

219 2832 368 2867 Ecclesia:
380 2840 458 2868 tunc
472 2828 758 2866 Archi—Diaconus
772 2855 783 2874 ,
810 2833 937 2876 semper
948 2831 1104 2874 iniquiffi-

218 2882 273 2917 me
293 2881 402 2916 tulerit
415 2905 423 2914 .
451 2878 606 2916 Secundo
626 2903 638 2921 ,
662 2879 751 2925 quod
772 2882 872 2918 etiam
895 2889 976 2916 tunc
999 2882 1103 2919 Dom-

220 2943 301 2966 uum
324 2944 362 2966 ac
385 2931 453 2975 ejus
464 2931 646 2976 Episcopos
667 2930 746 2966 dure
756 2931 992 2976 increpaverit,
1018 2941 1102 2967 tam·

218 2992 320 3024 quam
330 2982 517 3024 Apostolici
529 2992 566 3016 ac
584 2980 664 3015 sexti
678 2981 807 3016 Nicaeni
816 2982 968 3018 canonis
980 2981 1102 3017 Praeva-

219 3032 396 3071 ficatores,
421 3042 460 3064 ae
481 3030 670 3067 Proditores
695 3042 764 3068 non
783 3032 884 3068 solius
905 3031 1105 3069 Alexandri-

220 3080 294 3122 nae,
318 3080 372 3114 sed
394 3080 459 3114 suae
467 3081 575 3116 etiam
600 3081 734 3125 propriae
753 3081 975 3119 Antiochenae
988 3082 1101 3118 Eccle-

221 3131 291 3165 fiae.
319 3128 461 3170 Tertio,
487 3130 576 3174 quod
585 3139 665 3166 tunc
682 3132 778 3169 istam
790 3132 941 3178 injuriam
953 3131 1100 3167 vindica-

1158 439 1357 483 audiebant,
1383 441 1553 485 quomodo
1565 440 1622 479 ille
1633 443 1667 474 in
1679 440 1786 480 Sancti
1799 440 1921 484 Cyrilli
1932 444 2014 480 Aeta
2023 471 2036 487 ,

1160 500 1314 533 nepotes,
1339 502 1379 525 ac
1399 492 1522 526 amicos
1541 492 1731 536 grassaretur
1749 518 1758 526 .
1785 492 1886 526 sexto
1908 517 1918 533 ,
1945 496 2035 536 quod
2088 489 2090 492 ’

1159 542 1306 583 capiendi
1319 540 1447 576 consilii
1455 542 1549 576 causa
1560 543 1734 585 Synodum
1745 543 1881 581 fecerint
1894 566 1902 575 .
1929 544 2039 587 Septi-,-

1159 590 1241 630 md,
1267 590 1356 635 quod
1377 601 1417 626 ex
1441 594 1505 635 ipsa
1525 593 1685 627 eximium
1708 593 1937 636 Presbyterum
1960 589 2038 630 cum

1158 638 1335 682 synodicis
1356 641 1470 676 litteris
1500 643 1677 687 legaverint
1696 667 1708 683 ‚
1735 644 1925 686 profitentes
1948 644 1979 677 se
2002 644 2039 680 in

1161 688 1242 726 inita
1255 691 1339 724 inter
1349 690 1422 724 suos
1434 691 1681 734 Antecess'ores‚
1709 693 1873 737 Cyrillum
1895 705 1933 728 ac
1944 694 2042 737 Joan-

1162 750 1237 772 nem
1249 763 1260 779 ,
1287 750 1364 783 pace
1383 740 1496 774 firmos
1508 753 1715 784 permanere,
1742 745 1824 779 acin
1835 745 1961 778 cunstis
1971 744 2042 788 ejus

1160 787 1428 827 conditionibus:
1457 789 1585 833 Nempe
1606 795 1639 827 in
1665 794 1787 828 sincera
1808 791 2043 828 adhaefionead

1162 837 1337 876 Nicaenum
1348 837 1547 887 Symbolum
1560 862 1572 878 ‚
1598 841 1636 874 ad
1649 844 1755 883 Sancti
1784 843 1951 879 Athanafii
1966 843 2043 886 Epi-

1162 888 1277 922 stolam
1290 890 1441 932 scriptam
1464 889 1615 933 Epieieto
1637 891 1887 928 Corinthiorum
1911 893 2044 938 Episco-

1163 950 1226 981 po,
1253 940 1339 974 &ad
1362 939 1470 974 Sancti
1494 939 1613 982 Cyrilli
1636 940 1839 983 Epistulam,
1865 942 2047 980 Orientali-

1162 988 1221 1030 bus
1232 1000 1313 1023 tunc
1330 989 1458 1029 missam
1480 1001 1535 1034 per
1546 988 1686 1027 Paulum
1703 990 1899 1026 Emesenum
1915 993 2046 1037 Episco-

1164 1050 1240 1082 pum
1260 1064 1268 1072 .
1295 1039 1425 1075 Οᾶανό
1445 1063 1456 1080 ,
1491 1039 1581 1083 quod
1605 1038 1809 1075 Dioscorum
1836 1045 2047 1085 rogaverint,

1162 1100 1199 1126 ut
1221 1090 1297 1124 illos
1312 1091 1492 1134 Episcopos
1514 1089 1548 1123 &
1561 1089 1728 1132 Populos,
1754 1088 1811 1133 qui
1834 1090 1889 1123 illa
1906 1092 2047 1135 praevari-

1148 1149 1310 1186 Jcarentur
1323 1164 1335 1181 ,
1363 1139 1538 1183 postularet
1549 1139 1759 1184 castigandos
1772 1164 1780 1172 .
1807 1138 1915 1173 Nono
1927 1162 1937 1178 ,
1958 1138 2048 1183 quod

1148 1187 1242 1245 'tunc
1270 1191 1303 1224 in
1316 1190 1482 1229 Orientali
1496 1188 1636 1224 Ecclefia
1656 1189 1809 1223 restarent
1831 1187 1999 1223 discordiae
2011 1201 2050 1224 ac

1162 1239 1259 1273 turbae
1270 1253 1281 1273 .·
1308 1238 1457 1288 Qidam
1469 1241 1558 1274 enim
1573 1238 1728 1275 volebant
1740 1240 1872 1277 firmum
1893 1240 1955 1273 effe
1969 1241 2052 1275 San·

1148 1290 1203 1337 {sti
1228 1289 1347 1338 Cyrilli
1371 1301 1410 1325 ac
1433 1290 1539 1324 Sancti
1563 1289 1672 1325 Procli
1695 1292 1736 1324 de
1755 1289 1946 1330 Theodoro
1971 1289 2051 1332 judi·

1148 1340 1275 1382 ficium,
1301 1351 1340 1373 ac
1365 1341 1470 1384 ipsum
1497 1341 1597 1374 etiam
1621 1341 1793 1376 aDomno
1804 1340 1991 1374 Patriarcha
2012 1349 2057 1374 ae

1148 1390 1221 1432 Eipfi
1245 1388 1482 1430 adhaerentibus
1493 1390 1663 1434 Episcopis
1687 1389 1972 1425 anathematizari.
2002 1388 2052 1422 Hi

1148 1439 1251 1473 ‘haud
1280 1438 1382 1474 dubie
1408 1452 1498 1475 erant
1523 1441 1573 1474 isti
1599 1453 1675 1477 cum
1695 1440 1850 1475 Barsurna
1865 1439 2053 1479 Monachi,

1163 1491 1310 1534 itemque
1331 1489 1481 1526 Edeffeni
1505 1491 1652 1531 Clerici,
1677 1492 1811 1535 quidam
1836 1490 1963 1526 militiae
1983 1488 2053 1522 Pri-

1164 1551 1268 1579 mates
1282 1565 1293 1581 ‚
1319 1542 1354 1575 δι’.
1375 1542 1482 1585 plures
1501 1541 1583 1580 alii,
1609 1540 1651 1575 de
1677 1539 1797 1584 quibus
1818 1539 1863 1573 est
1885 1540 1993 1573 actum
2016 1539 2052 1572 in

1165 1591 1384 1634 superioribus
1396 1616 1403 1623 .
1431 1593 1508 1625 Hos
1526 1588 1762 1625 Theodoretus
1780 1589 1890 1622 scribit
1912 1589 1975 1622 effe
1998 1598 2054 1620 au-

1163 1639 1274 1674 thores
1287 1641 1508 1674 tumultuum.
1538 1638 1707 1680 Decimo,
1734 1638 1824 1683 quod
1835 1638 1972 1671 istorum
1984 1635 2056 1681 qui-

1163 1690 1239 1724 dam
1251 1689 1337 1725 hanc
1358 1691 1420 1724 suae
1431 1688 1558 1733 Synodi
1580 1690 1782 1734 legationem
1805 1688 1941 1722 audiens
1952 1686 2055 1721 duxe-

1162 1740 1204 1775 rit
1218 1741 1319 1784 ipsam
1331 1738 1612 1785 impugnandam:
1639 1738 1745 1786 Qod
1767 1738 1868 1782 ipsam
1879 1740 2054 1781 impugna-

1164 1801 1254 1825 turus
1265 1790 1502 1826 Alexandriam
1515 1788 1634 1823 abierit
1644 1813 1652 1822 .
1680 1788 1781 1822 Haud
1794 1788 1896 1822 dubie
1908 1788 2057 1832 Legatos

1164 1840 1181 1872 a
1194 1841 1258 1873 suis
1270 1839 1408 1873 Asseclis
1419 1864 1426 1871 .
1455 1837 1655 1873 Undecimo
1666 1862 1677 1878 ,
1690 1838 1779 1881 quod
1793 1836 1880 1871 idem
1895 1838 1953 1870 ille
1965 1837 2056 1871 mul·-

1163 1898 1273 1923 torum
1297 1886 1602 1923 Alexandrinorum
1629 1899 1723 1922 aures
1745 1886 2056 1930 circumscripserit,

1164 1949 1262 1983 atque
1274 1939 1317 1973 ita
1329 1939 1496 1973 sexcentas
1509 1938 1691 1972 calumnias
1705 1948 1823 1972 contra
1836 1938 1910 1971 suos
1923 1937 2053 1979 Episco-

1165 1999 1224 2032 pos
1236 1988 1442 2023 seminaverit
1455 2013 1463 2020 .
1489 1986 1704 2021 Duodecim&
1715 2011 1726 2027 ,
1743 1986 1831 2029 quod
1842 1996 1957 2020 contra
1971 1987 2057 2029 ipsos

1167 2037 1369 2071 suscitaverit
1395 2037 1554 2071 nefandas
1574 2037 1827 2071 vociferationes
1842 2062 1850 2069 .
1879 2035 2058 2070 Vocifera-

1164 2087 1271 2122 tiones
1296 2084 1532 2121 anathematis.
1563 2086 1692 2129 Nempe
1705 2085 1927 2121 Orientalium
1944 2085 2057 2129 Popu-

1147 2137 1273 2180 {lorum
1297 2136 1615 2178 vociferationibus,
1643 2134 1764 2181 Crescat
1781 2136 1859 2179 fides
1886 2136 2058 2177 Theodori,

1165 2189 1312 2222 credimus
1325 2198 1391 2221 cum
1403 2186 1552 2221 Theodoro
1562 2212 1574 2228 ,
1600 2186 1744 2221 reddidit
1757 2189 1918 2221 talionem
1927 2212 1937 2227 ,
1964 2187 2000 2221 δε
2011 2186 2057 2222 ab

1171 2236 1403 2271 Alexandrino
1415 2236 1548 2281 Populo
1563 2237 1738 2273 exclamari
1762 2236 1864 2270 fecit:
1891 2236 2061 2269 anathema

1171 2287 1323 2321 Theodoro
1341 2310 1352 2327 ,
1378 2285 1541 2320 anathema
1564 2288 1628 2327 ejus
1650 2284 1874 2331 defensoribus.
1901 2286 2059 2321 Decimo-

1166 2337 1264 2371 tertio
1289 2360 1302 2376 ,
1327 2335 1417 2380 quod
1443 2337 1624 2371 Dioscorus
1646 2337 1705 2371 ista
1733 2336 1870 2371 libenter
1894 2335 2062 2377 audierit,

1168 2384 1312 2430 ideoque
1339 2385 1535 2427 praeeipitem
1557 2398 1595 2420 ac
1622 2386 1800 2421 terribilem
1822 2385 2058 2429 Epistolamad.

1167 2433 1354 2471 orientales
1377 2433 1536 2475 scripserit
1561 2458 1574 2474 ,
1601 2434 1760 2469 horrende
1782 2436 1943 2469 mandans
1962 2436 2057 2477 juxta

1167 2482 1276 2518 Sansti
1289 2481 1409 2525 Cyrilli
1433 2480 1546 2519 Edisia
1559 2481 1784 2518 Theodorum
1802 2484 2057 2521 anathematiza·

1167 2533 1218 2574 ri,
1244 2532 1302 2566 nifi
1321 2531 1458 2566 mallent
1482 2532 1538 2575 ipfi
1551 2542 1628 2567 cum
1641 2533 1702 2575 illo
1722 2534 1878 2568 sustinere
1891 2532 1976 2568 idem
1987 2536 2058 2579 sup-

1166 2581 1323 2630 plicium.
1351 2580 1493 2618 Addidit
1517 2591 1635 2616 omnes
1659 2580 1834 2616 Theodori
1857 2584 2056 2620 Defensores

1166 2633 1228 2669 effe
1252 2632 1352 2666 etiam
1365 2628 1507 2665 duorum
1531 2631 1565 2664 in
1579 2630 1715 2666 Christo
1732 2633 1886 2668 Domino
1906 2634 2054 2671 filiorum

1166 2681 1393 2727 Dogmatistas
1417 2703 1430 2720 ‚
1457 2679 1597 2729 ideoque
1619 2681 1791 2721 manifeste
1813 2682 2053 2721 Nestorianost

1166 2733 1210 2767 Et
1231 2732 1299 2767 haec
1321 2729 1452 2766 abunde
1473 2730 1530 2765 libi
1549 2732 1698 2767 constare
1731 2758 1738 2765 .
1766 2733 2053 2778 Decimoquarto,

1165 2783 1254 2828 quod
1279 2781 1345 2816 haec
1358 2781 1637 2819 illisintimaverit
1658 2794 1714 2826 per
1728 2783 1872 2828 Legatos
1883 2784 2051 2818 elericos.

1166 2832 1431 2876 Decimoquinto
1451 2856 1462 2873 ,
1490 2831 1582 2876 quod
1619 2833 1806 2868 Orientales
1840 2833 1993 2876 Episcopi
2020 2834 2053 2868 se

1166 2881 1295 2919 abunde
1306 2882 1512 2928 purgaverint
1524 2882 1612 2927 apud
1630 2883 1708 2917 istos
1719 2883 1863 2927 Legatos
1876 2904 1887 2921 ‚
1911 2882 1946 2916 ἀ
1962 2881 2052 2917 nihi-

1165 2931 1310 2969 lominus
1325 2932 1487 2967 addiderit
1509 2932 1712 2979 purgatorias
1731 2932 1772 2970 ad
1786 2932 1987 2970 Dioscorum
2001 2933 2051 2967 lit-

1165 2992 1267 3018 teras.
1297 2982 1535 3021 Decimosexto
1561 3007 1572 3025 ,
1598 2983 1689 3025 quod
1713 2983 1891 3017 Dioscorus
1921 2983 2048 3018 nullam

1165 3034 1296 3078 penitus
1331 3033 1560 3079 purgationem
1586 3032 1750 3067 admiserit
1772 3058 1779 3065 .
1809 3032 2051 3076 Decimosepti·

1163 3095 1241 3125 mo,
1267 3083 1357 3128 quod
1380 3083 1458 3120 istos
1468 3082 1617 3119 turbidos
1628 3081 1851 3121 Orientalium
1868 3083 2050 3130 Episcopo·

1162 3145 1234 3168 rum
1260 3134 1512 3170 calumniatores
1535 3131 1742 3167 advocaverit
1766 3157 1777 3174 ,
1805 3134 1892 3177 ipsos
1904 3133 1944 3170 ad
1955 3135 2046 3176 supe-

220 3191 257 3215 re
268 3190 338 3214 non
362 3179 473 3214 valens
495 3180 553 3215 fibi
566 3180 622 3223 ipsi
633 3179 772 3217 dixerit:
798 3187 875 3219 Cum
884 3191 1015 3226 accepero
1025 3192 1100 3217 tem·
1159 3183 1245 3219 riora
1255 3183 1366 3219 denuo
1378 3183 1585 3220 vociferanda
1595 3183 1747 3219 animarit
1758 3208 1770 3228 ,
1789 3195 1827 3218 ac
1837 3183 1956 3228 praefari
1974 3195 2046 3226 prae-

219 3237 281 3273 pus
293 3254 304 3271 ,
330 3239 380 3274 ego
381 3228 520 3270 justitias
529 3230 691 3273 Judicabo.
717 3232 846 3280 Qarto
861 3258 873 3276 ,
897 3234 987 3278 quod
998 3235 1099 3268 fastus
1160 3235 1269 3271 sertim
1289 3234 1504 3269 anathematis
1525 3233 1823 3276 exclamationem,
1842 3230 1982 3279 surgens
2007 3234 2043 3269 in

221 3279 470 3317 Alexandrinus
483 3280 666 3326 Episcopus
687 3283 855 3318 crediderit
877 3280 961 3321 istud
972 3293 1101 3329 tempus
1160 3287 1218 3321 suo
1244 3283 1392 3319 Throno
1410 3309 1422 3326 ,
1460 3284 1494 3318 ἀ
1520 3284 1702 3319 acclamans
1730 3307 1742 3324 ,
1775 3284 2040 3323 confirmaverit.

220 3329 408 3365 adveniffe:
434 3331 537 3376 Quod
550 3331 685 3375 eoeperit
700 3331 819 3368 sursum
841 3345 880 3369 ac
889 3334 1040 3371 deorsum
1053 3335 1099 3368 in-

218 3379 363 3416 clamare
383 3381 492 3417 Sancti
506 3380 614 3417 Marci
625 3378 738 3418 Sedem
750 3406 761 3425 ,
785 3383 903 3428 utique
921 3384 966 3419 ab
984 3384 1100 3419 istain-

1160 3335 1264 3382 Qod
1275 3334 1510 3370 anathematiza
1516 3335 1556 3369 rit
1566 3346 1700 3369 omnem
1714 3335 1920 3370 Orientalem
1929 3332 2042 3367 Eccle-

1161 3385 1257 3421 siam:
1284 3385 1407 3422 Saltem
1424 3384 1490 3429 ejus
1503 3384 1724 3422 Patriarcham
1735 3397 1775 3423 ac
1785 3385 1945 3466 Pringates
1959 3382 2043 3424 Epi<

1870 3439 1971 3476 copos
1982 3452 1990 3466 .
