2320 3730
352 154 414 209 3³6

280 236 401 271 horum
422 232 629 278 Legatorum
653 230 836 266 adventum
862 231 1024 265 aversatus
1044 229 1167 264 fuerit:

693 140 1034 190 Varnenum
1070 137 1322 185 PATRrJM
1356 135 1683 194 EPIsffoLAE,

1227 225 1342 258 dinem
1365 250 1373 257 .
1401 225 1505 260 Porro
1528 229 1666 263 secunda
1687 230 1783 264 Sacra
1799 227 1900 266 habet
1917 242 1930 262 e
1955 232 2109 265 eaeteram

274 287 366 321 Nam
380 282 532 318 adversus
540 281 699 316 Celestini
710 281 871 326 judicium
883 289 1116 325 provocaverat
1126 277 1167 317 ad
1227 284 1298 308 ante
1310 277 1330 307 5
1331 275 1524 315 andliffimam
1536 301 1548 317 ,
1573 280 1702 312 coac‘lam
1721 281 1868 319 synodum
1876 306 1887 322 ,
1916 291 2109 314 communem-

271 335 446 378 synodum
458 359 471 377 ‚
494 333 558 368 &a
569 332 724 377 Principe
743 333 923 367 extorserat
945 330 1165 374 suspenfivum
1226 337 1281 368 que
1292 323 1428 368 ejusdem
1441 350 1451 366 ‚
1476 337 1545 368 ,quae
1552 330 1591 361 de
1603 330 1738 362 omnibus
1751 330 1874 364 dabitur
1887 329 2086 374 ,sententiam
2094 355 2106 372 ,

271 386 418 420 effe&um
427 409 443 429 ,
466 393 526 419 aut
536 383 623 417 certe
646 394 703 427 per
714 383 860 417 fucatam
881 379 1105 415 obedientiam
1124 389 1166 418 ac

271 433 474 479 palinodiam
494 434 560 468 fisti
585 435 707 468 fecerat
733 434 925 468 Romanam
947 428 1161 468 sententiam„

269 484 418 523 Proinde
440 484 506 519 haec
524 483 743 528 proclamatio
768 479 958 518 suitrechna
979 479 1019 513 ad
1032 478 1163 520 Cyrillo

269 537 306 571 ἀ
318 533 458 580 synodo
469 535 749 579 qualitercumque
758 530 1002 577 derogandum.
1026 530 1069 563 Et
1082 527 1162 566 hinc

267 587 409 621 istorum
428 586 630 629 Legatorum
643 595 769 619 moram
793 594 856 618 nec
873 582 1015 624 Joannes
1043 578 1174 613 Λητὼ--

269 635 419 678 chenus,
446 646 507 670 nec
519 634 643 669 Comes
663 633 910 670 candidianus,
937 641 1000 664 nec
1023 629 1088 673 ipse
1100 630 1160 664 Ire-

269 698 358 722 naeus
368 712 381 729 ‚
407 697 468 721 nec
478 686 585 731 quivis
594 685 742 722 Nestorii
752 683 919 716 Patronus
932 691 1080 723 unquam
1090 680 1160 714 cul-

268 739 360 781 pavit
381 763 388 769 .
414 735 521 771 Porro
546 735 717 779 Episcopi,
745 743 830 775 quos
850 741 895 765 ex
917 730 1029 765 Sicilia
1050 732 1158 773 exspe-

268 786 405 822 ctandos
428 786 599 821 Nestorius
623 783 730 818 voluit
743 806 756 822 ‚
781 779 977 817 crediderim
989 780 1083 817 fuiffe
1098 780 1158 815 Pe·

264 837 434 882 lagianos.
456 837 581 873 Eorum
592 832 694 878 aliqui
705 856 718 873 ,
744 830 824 866 licet
850 842 892 866 ex
909 841 982 866 toto
995 829 1158 866 Occiden-

266 887 499 931 teproscripti,
523 881 700 918 latitabant
719 881 757 916 in
778 883 912 923 Insula,
939 892 1039 925 atque
1060 881 1156 914 aNe-

265 937 368 971 florio
377 945 433 970 aut
444 933 577 977 Iuliano
594 932 728 967 evocati
739 931 1025 976 exspectabantur.
1053 933 1156 965 Wan-
1192 942 1195 955 ⁴

264 986 370 1025 dalica
383 981 682 1021 Africaecalamitas
704 982 782 1019 fiecit
798 982 1003 1018 securitatem
1027 981 1097 1016 illic
1110 982 1154 1016 la·

264 1034 403 1070 titandi.

311 1083 447 1120 Relatio
459 1085 611 1122 Sandiam
632 1084 809 1128 synodum
835 1085 964 1119 accusat
979 1083 1153 1126 praesertim

255 1136 302 1173 vde
313 1134 434 1171 tribus.
463 1134 596 1174 Primo,
620 1133 662 1169 de
674 1135 799 1170 violato
812 1135 953 1169 Nicaeno
965 1133 1129 1176 symbolo
1144 1158 1152 1166 .

260 1185 318 1225 Ad
330 1185 436 1229 ipsum
455 1186 544 1220 enim
557 1184 733 1228 Nestorius
755 1184 982 1228 proclamabat
1009 1182 1131 1217 affidue
1143 1208 1150 1216 .

261 1236 345 1276 Non
355 1235 529 1270 dumtaxat
551 1235 622 1280 post
634 1235 719 1269 edita
730 1261 741 1276 ‚
759 1235 777 1267 a
788 1234 907 1278 quibus
934 1234 1039 1277 ipsum
1051 1234 1149 1268 everti

259 1285 499 1321 vociferabatur
520 1311 532 1327 ,
559 1285 683 1330 Cyrilli
710 1284 864 1329 Capitula
889 1309 901 1325 ,
927 1283 981 1319 sed
1004 1284 1022 1317 a
1044 1284 1151 1327 primo

257 1336 397 1371 exordio
420 1336 645 1374 suaeHaerefis.
671 1335 767 1371 Hinc
778 1336 818 1372 ad
834 1335 982 1369 illumin
1001 1334 1068 1378 ipsa
1080 1335 1150 1368 suo-

257 1397 331 1421 rum
343 1386 577 1429 Capitulorum
589 1386 737 1431 Epistola
759 1387 894 1420 Sanetus
906 1385 1054 1429 Cyrillus
1080 1385 1151 1418 stri-

257 1438 317 1480 plit
333 1450 344 1470 :
371 1441 444 1470 Non
445 1434 554 1480 sufficlt
564 1447 626 1471 tuae
640 1438 786 1480 Religioni
795 1435 976 1479 solummodo
981 1436 1059 1478 fidel
1070 1436 1150 1471 sym-

257 1487 515 1529 bolumconfiteri.
542 1494 605 1523 Hoc
626 1492 706 1520 enim
718 1498 770 1520 nec
785 1486 975 1528 Intellexisti,
1002 1485 1150 1519 mereare

256 1542 471 1578 interpretatus
495 1547 528 1569 es
550 1561 561 1577 ‚
587 1538 655 1570 licet
666 1536 823 1580 perversae
850 1544 931 1572 vocis
951 1535 1022 1580 fimo
1043 1536 1149 1570 eadem

257 1586 352 1620 verba
371 1586 545 1627 protuleris.
572 1585 715 1629 Loquax
741 1587 872 1623 interim
898 1587 1002 1624 homo
1026 1586 1149 1620 versute

258 1635 345 1670 adeo
367 1635 462 1669 novit
482 1634 638 1678 Symboli
660 1635 758 1671 verba
782 1637 1048 1673 circumscribere
1077 1659 1088 1675 ‚
1109 1646 1148 1670 ut

258 1686 383 1721 multos
401 1697 479 1720 cum
499 1686 653 1729 scrupulo
671 1686 832 1722 dimiserit
853 1713 860 1720 .
887 1687 983 1721 Hine
1009 1687 1146 1721 Sanctus

258 1736 410 1780 Cyrillus
430 1736 467 1772 ὅ(
482 1736 517 1769 in
528 1736 596 1780 ipsa
609 1736 750 1780 synodo
771 1737 942 1780 permulta
955 1738 1149 1777 Sanctorum

260 1785 398 1822 Patrum
421 1786 630 1828 testimonia,
659 1787 694 1823 &
720 1788 790 1831 post
814 1789 916 1832 ipsam
934 1799 989 1832 per
1011 1787 1150 1831 fingula-

259 1848 330 1871 rem
344 1837 632 1873 Commentarium
642 1837 831 1880 compulsus
842 1837 998 1872 fuit-illud
1007 1846 1151 1879 expone-

265 1898 320 1926 re,
347 1898 385 1920 ac
400 1885 624 1921 demonstrare
645 1886 838 1919 Nestorium
848 1888 913 1919 effe
933 1885 1024 1919 abeo
1044 1894 1151 1917 remo-

258 1937 432 1971 tiffimum.
461 1936 505 1969 Et
527 1935 604 1970 sane
616 1934 837 1977 Symbolum,
864 1934 954 1977 quod
975 1936 1060 1968 inter
1071 1932 1149 1967 alias

260 1984 478 2029 blasphemias
490 1984 592 2018 etiam
604 1983 697 2019 Pauli
710 1984 937 2020 samosatensis
947 1984 1151 2028 impietatem

261 2035 422 2071 invaserat
443 2045 482 2071 ac
503 2033 672 2070 damnarat·
692 2059 703 2076 ‚
729 2033 899 2079 quomodo
925 2035 1020 2080 poffit
1042 2036 1150 2070 favere

261 2086 420 2120 Nestorio
432 2086 448 2118 ?
475 2084 553 2120 Erat
566 2085 716 2121 tuncisto
731 2087 806 2121 loco
818 2109 828 2126 ‚
854 2087 890 2121 in
904 2098 973 2131 quo
994 2085 1081 2131 apud
1092 2097 1149 2120 no-

260 2137 361 2170 strum
373 2136 522 2171 saeculum
534 2139 609 2173 sunt
620 2140 722 2173 Sacrae
738 2137 854 2173 litterae
864 2164 872 2171 .
901 2138 962 2172 Uti
983 2148 1072 2172 nunc
1085 2138 1150 2172 Lu-

261 2186 374 2225 therus
387 2215 398 2231 ,
422 2186 584 2224 Calvinus
594 2213 606 2228 ,
623 2189 790 2233 caeterique
802 2189 934 2224 Sesiarii
948 2188 1149 2232 proclamant

261 2237 303 2272 ad
326 2237 422 2272 hasce
442 2238 526 2274 solas
539 2263 551 2279 ,
579 2239 623 2273 ita
648 2250 728 2274 tunc
742 2241 862 2281 quaevis
875 2239 983 2274 Pestes
997 2249 1149 2283 provoca-

261 2288 393 2322 bantad
411 2287 515 2322 istud.
546 2289 608 2323 Sed
634 2301 698 2334 qua
711 2288 797 2330 fide,
824 2288 947 2324 docent
972 2302 1034 2324 nos
1059 2289 1150 2324 Poler

262 2351 344 2373 mon
356 2361 367 2377 ‚
394 2337 599 2373 Timotheus
615 2363 626 2378 ‚
648 2341 681 2374 ὅς
692 2340 747 2373 alii
761 2340 880 2374 firniles
891 2352 932 2374 ex
944 2340 1035 2375 foedo
1049 2339 1153 2384 Apol·

263 2388 371 2426 linarii
384 2388 454 2425 luto
466 2388 781 2434 prognatidiscipuli
791 2415 803 2431 ,
815 2391 949 2425 duarum
964 2391 998 2424 in
1013 2390 1150 2425 Christo

263 2439 421 2474 Domino
443 2438 644 2473 Naturarum
663 2441 890 2474 confufionem
917 2442 1082 2477 firmantes
1107 2451 1150 2475 ex

261 2489 352 2524 hisce
371 2487 493 2524 verbis:
521 2487 807 2532 consubstantialem
829 2493 937 2524 Patri.
964 2489 1150 2525 Adversum

264 2549 348 2582 quos
359 2540 493 2571 Sanetus
517 2538 715 2572 Athanasius
727 2541 762 2572 in
785 2540 951 2573 litterisad
965 2540 1148 2582 Epidietum

265 2585 426 2622 Corinthi
446 2585 646 2629 Episcopum
670 2587 791 2621 merito
809 2589 1008 2623 exclamavit
1031 2602 1038 2621 :
1069 2592 1150 2632 ,Quis

266 2637 407 2678 infernus
421 2634 476 2675 ista
485 2638 641 2669 evomuit?
670 2637 773 2683 Qod
786 2637 890 2680 ipsum
915 2639 949 2671 in
961 2638 1151 2674 Nestorium

267 2686 443 2723 exclamari
455 2685 542 2728 posse
552 2710 563 2726 ,
589 2686 647 2719 suo
659 2686 737 2721 loco
757 2687 1034 2723 demonstrabitur
1044 2714 1052 2721 .

319 2735 473 2770 Alterum
490 2735 706 2770 accusationis
724 2748 822 2780 caput
843 2738 888 2772 est
902 2738 1030 2772 Divalis
1053 2739 1153 2773 Sacrae

267 2785 489 2832 praevaricatio
500 2811 508 2822 ³
535 2784 616 2820 Hoc
625 2786 750 2820 crimen
761 2788 794 2821 &
805 2787 978 2823 Nestorius
987 2815 996 2830 ‚
1011 2791 1044 2823 &
1057 2790 1157 2833 Joan·

268 2848 327 2871 nes
337 2862 348 2878 ,
360 2837 393 2871 &
403 2835 512 2871 omnis
525 2836 637 2870 Fastio
649 2835 769 2871 affidue
779 2838 1025 2873 conclamarunt
1036 2864 1043 2871 .
1057 2840 1152 2874 Hinc

269 2887 442 2933 quaeritur,
470 2885 528 2920 An
551 2886 646 2921 Sacra
668 2887 823 2930 Synodus
844 2900 878 2922 re
902 2900 974 2923 vera
987 2888 1153 2934 hicimpe-

269 2938 379 2983 gerit?
406 2936 586 2971 Rationem
597 2935 770 2971 dubitandi
782 2939 863 2972 facit
874 2939 1014 2973 secunda
1036 2941 1130 2974 Sacra
1141 2965 1152 2981 ,

270 2988 387 3022 dirersta
406 2986 448 3022 ad
468 2998 584 3022 omnes
606 2988 859 3031 Metropolitas.
886 2987 972 3023 Tres
993 2990 1082 3023 enim
1103 3000 1154 3023 ex-

271 3037 357 3071 stant
377 3038 494 3071 Sacrae.
523 3036 633 3071 Prima
655 3036 696 3073 ad
707 3038 859 3072 Sanctum
883 3039 1048 3082 Cyrillum
1062 3064 1073 3079 ‚
1098 3039 1154 3073 du-

272 3085 389 3121 riffime
406 3099 484 3121 eum
508 3098 647 3132 arguens
674 3087 724 3122 uti
749 3087 921 3123 authorem
946 3088 1063 3123 harum
1085 3101 1155 3123 om·

274 3136 367 3170 nium
377 3137 542 3173 turbarum
554 3162 566 3178 ,
591 3137 761 3181 ipsumque
772 3139 821 3173 uti
834 3150 925 3173 reum
938 3149 1087 3182 potenter
1097 3152 1151 3175 co-

274 3196 356 3231 gens
377 3186 419 3220 ad
430 3187 619 3230 Synodum.
646 3188 761 3223 Altera
780 3187 827 3223 est
848 3188 889 3223 ad
900 3200 1014 3223 omnes
1037 3190 1154 3224 Orien-

274 3236 357 3273 tales
375 3234 628 3280 Metropolitas,
655 3239 813 3273 mandans
834 3240 919 3282 ipsos
938 3251 1015 3272 cum
1028 3250 1154 3283 compe·

275 3286 360 3322 tenti
372 3285 655 3331 suffraganeorum
677 3299 813 3324 numero
824 3289 941 3333 Ephesi
965 3290 1069 3323 adesse
1081 3300 1155 3324 ante

276 3335 367 3370 diem
389 3334 595 3371 Pentecostes
613 3360 620 3371 .
644 3337 764 3372 Tertia
785 3339 830 3373 est
843 3338 884 3374 ad
905 3339 1035 3382 plenam
1050 3340 1156 3382 Syno-

277 3386 380 3427 dum,
407 3385 524 3421 diretta
544 3398 600 3431 per
619 3387 789 3422 Comitem
810 3389 1056 3424 Candidianum
1071 3413 1082 3428 ,
1107 3392 1156 3423 fu-

279 3436 358 3475 turis
381 3435 660 3485 SynodiAQibus
680 3437 886 3484 praescribens
904 3438 1043 3478 modum
1063 3440 1095 3479 ὃς
1107 3451 1155 3477 ot·

1219 372 1306 409 mibil
1318 376 1490 418 ,quidquam
1511 382 1544 409 in
1564 379 1628 411 ulla
1644 379 1768 419 prorsus
1788 390 1821 414 re
1838 386 1989 422 privatim
2007 383 2029 413 ἃ
2041 392 2106 423 quo-

1224 438 1315 468 quam
1326 434 1484 471 innovetur
1497 452 1503 459 .
1534 428 1570 461 H
1573 440 1617 461 σεε
1628 428 1724 462 verba
1736 428 1870 472 quidam
1881 432 1999 464 volunt
2010 432 2107 475 respi-

1223 478 1253 510 ci
1271 477 1290 509 ὲ
1311 477 1485 510 Nestorio:
1516 482 1613 511 Unam
1627 477 1775 521 fiquidem
1785 490 1849 512 cum
1867 482 2019 514 concordia
2038 487 2106 516 unt-

1224 525 1376 569 versbrum
1391 528 1481 570 fidem
1498 535 1612 570 exponi
1635 534 1666 560 in
1690 530 1824 570 litteris,
1851 541 1928 572 quas
1939 530 2103 570 distinavit

1222 577 1321 617 vestra
1340 581 1443 611 Pietas
1465 602 1476 618 ‚
1498 579 1678 621 praecepistis
1707 604 1718 619 ,
1745 579 1910 621 apostolicis
1938 582 2104 625 Evangeli-

1195 641 1198 666 2
1221 626 1316 670 cisque
1334 627 1538 671 Conscriptis,
1558 630 1595 663 v&
1607 629 1781 663 Sanc‘lorum
1804 633 1934 663 Parrum
1955 631 2104 674 dogmati-

1195 690 1198 694 ’
1221 678 1276 713 bus
1301 678 1519 722 consonantem.
1550 680 1604 713 Ex
1624 680 1744 714 eisdem
1766 681 1900 715 censent
1910 682 2102 716 Faetionem

1219 727 1339 765 affidue
1355 730 1535 765 clamitasse
1558 730 1705 765 Nestorii
1731 730 1979 766 damnationem
2004 731 2102 767 fu'iffe

1220 790 1288 812 non
1300 779 1635 821 Synodalcjudiciurn
1653 806 1664 822 ‚
1690 781 1743 815 sed
1755 780 1918 825 privatum
1930 793 1966 816 ac
1979 780 1997 814 a
2007 781 2102 817 Prin·

1193 873 1197 879 .
1218 828 1288 871 cipe
1307 830 1444 862 vetitum
1469 830 1771 874 Conventiculum;
1799 832 1941 876 ideoque
1957 832 2102 866 *circum-

1216 873 1405 913 ducendum
1425 890 1462 913 ac
1474 880 1703 915 damnandum
1716 907 1724 915 .

1266 929 1438 963 Labuntur
1451 954 1458 961 .
1487 930 1619 964 Etenim
1633 932 1727 965 Sacra
1740 956 1749 971 ,
1762 931 1802 965 ad
1817 931 1908 974 cujus
1919 932 2102 976 praevarica-

1215 979 1343 1014 tionem
1359 980 1476 1014 affidue
1495 981 1708 1024 proclamavit
1727 983 1848 1023 fruitio,
1874 980 1922 1015 est
1942 982 2050 1026 palam
2063 983 2101 1016 il-

1164 1045 1166 1050 ν
1193 1059 1195 1062 ,
1217 1030 1246 1063 la
1267 1054 1280 1072 ,
1305 1029 1345 1064 de
1368 1041 1429 1073 qua
1452 1030 1575 1065 Comes
1600 1033 1687 1066 dixit
1706 1032 1748 1066 ad
1775 1034 1938 1076 Joannem
1962 1031 2102 1067 Patriar-

1215 1078 1311 1116 eliam
1333 1087 1345 1115 L·
1371 1081 1497 1120 cyrillus
1518 1083 1552 1116 o·
1576 1085 1714 1115 Memnon
1726 1107 1737 1122 ‚
1762 1092 1798 1115 ut
1813 1084 1934 1116 Sacram
1951 1085 2100 1127 preelege-

1215 1141 1276 1162 rem
1286 1155 1297 1171 ,
1323 1130 1531 1174 efflagitarunt
1545 1156 1552 1163 .
1575 1136 1656 1165 Cum
1669 1135 1741 1165 vero
1751 1134 1788 1166 id
1794 1131 1959 1175 recusarem
1972 1158 1982 1173 ‚
2009 1144 2101 1178 coege-

1214 1190 1286 1214 runt
1298 1192 1344 1214 me
1351 1181 1399 1215 illi
1412 1205 1421 1220 ,
1443 1179 1476 1223 se
1488 1186 1625 1224 ignorare
1636 1182 1791 1225 afferentes
1804 1205 1815 1221 ,
1840 1183 1918 1224 quid
1927 1185 1947 1215 a*
1963 1186 2100 1216 Dominis

1214 1229 1317 1270 nostris
1341 1229 1551 1273 praescriptum
1574 1232 1656 1275 effet.
1689 1232 1738 1267 At
1759 1232 1838 1266 verc‘)
1861 1233 2011 1272 Sacram,
2035 1244 2101 1278 qua

1216 1280 1371 1324 Episcopi
1395 1281 1523 1315 fuerant
1532 1283 1664 1316 evocati
1677 1283 1718 1317 ad
1732 1280 1929 1326 synodum,
1956 1284 2100 1327 ipsorum

1216 1331 1324 1364 nullus
1335 1340 1461 1373 poterat
1474 1331 1625 1375 ignorare
1639 1356 1646 1363 .
1675 1333 1780 1366 Porro
1804 1333 1863 1366 ista
1881 1335 1975 1368 Sacra
1989 1334 2030 1367 fic
2044 1333 2102 1367 ha·

1213 1381 1285 1415 bet:
1313 1382 1529 1415 candidianus
1542 1390 1661 1422 operam
1673 1383 1724 1416 det
1734 1382 1875 1425 sedulam
1885 1407 1896 1422 ,
1922 1393 1956 1416 ut
1968 1383 2102 1416 omnibus

1213 1434 1246 1465 (¹2⁴
1260 1431 1408 1475 fingulis,
1434 1442 1501 1473 quae
1515 1433 1652 1465 dicuntur
1674 1457 1684 1472 ,
1703 1430 1813 1474 finguli
1831 1431 2001 1473 inoffense,
2023 1434 2105 1475 quod

1212 1480 1312 1526 visum
1327 1480 1427 1521 fuerit
1439 1506 1449 1521 ,
1476 1487 1509 1514 in
1530 1484 1665 1516 medium
1683 1490 1847 1524 proponere
1860 1503 1871 1520 ,
1895 1483 1951 1515 vel
1966 1483 2007 1515 ab
2031 1484 2102 1516 alm

1208 1530 1403 1574 propofitum‚
1424 1529 1646 1573 fiopusfuerit
1657 1556 1668 1572 ‚
1694 1531 1830 1573 refutare
1849 1541 1984 1573 queant,
2012 1540 2046 1565 ut
2066 1544 2101 1565 ea

1211 1584 1336 1619 tandem
1358 1587 1494 1623 ratione,
1518 1583 1602 1624 quod
1622 1582 1755 1616 omnibus
1772 1583 1919 1624 placitum
1927 1582 2103 1625 probatum-

1211 1644 1267 1674 que
1272 1631 1372 1673 fuerit
1381 1657 1391 1672 ,
1405 1638 1549 1665 communi
1561 1632 1668 1671 vestrae
1680 1635 1699 1666 5
1701 1632 1859 1666 ane‘litans
1871 1631 2026 1676 sententia
2036 1644 2104 1667 con-

1204 1682 1351 1723 stituatur
1374 1684 1412 1718 (ἓν,
1422 1683 1615 1716 decernatur.
1645 1684 1729 1718 Haec
1752 1682 1848 1718 verba
1874 1684 2008 1718 fuerunt
2027 1685 2105 1718 flin-

1211 1732 1403 1767 damentum
1430 1733 1514 1767 tanti
1535 1735 1688 1768 clamoris
1711 1760 1717 1766 .
1748 1734 1796 1768 At
1809 1733 1883 1777 quis
1897 1745 1965 1768 non
1993 1733 2105 1768 videat

1211 1782 1304 1819 fuiffe
1316 1783 1451 1821 frivolas
1462 1784 1643 1819 calumnias
1657 1785 1673 1815 ?
1700 1784 1835 1818 Etenim
1848 1785 1942 1818 Sacra
1966 1784 2103 1818 manife-

1212 1833 1257 1866 ste
1269 1834 1375 1867 sanxit
1388 1833 1538 1867 adversus
1549 1834 1678 1879 agenda
1690 1845 1766 1869 ante
1775 1835 1865 1869 diem
1879 1859 1890 1875 ‚
1901 1845 1999 1877 quem
2010 1832 2103 1868 Prin:

1213 1891 1287 1923 ceps
1309 1880 1448 1923 synodo
1470 1884 1646 1925 praefixerat
1661 1908 1670 1915 .
1695 1885 1790 1918 Hinc
1809 1885 1901 1917 enim
1914 1885 2103 1919 evocatoria

1213 1930 1309 1964 Sacra
1333 1929 1447 1964 habuit
1462 1943 1469 1962 :
1499 1936 1627 1966 Omnino
1645 1942 1746 1967 autem
1763 1931 1942 1976 persuasum
1957 1932 2101 1967 babemus

1214 1985 1359 2016 neminem
1370 1992 1407 2014 ex
1415 1981 1549 2022 piifflmis
1562 1981 1791 2024 Episcopisfore
1803 2006 1814 2023 ,
1840 1988 1892 2024 qut
1908 1982 2002 2024 fimul
2008 1992 2099 2026 atque

1214 2043 1311 2067 rerum
1323 2030 1593 2073 Ecclefiasticarum
1604 2031 1694 2075 causa
1705 2057 1715 2073 ,
1741 2042 1833 2076 atque
1845 2034 1919 2066 adeo
1931 2042 2100 2076 controver-

1206 2083 1319 2125 siarum
1328 2087 1419 2119 totius
1432 2082 1522 2117 Orbis
1530 2088 1636 2127 gratia
1644 2108 1654 2128 ,
1682 2083 1777 2124 nostra
1797 2082 2014 2126 hacsanc‘iton'e
2025 2086 2099 2117 san,

1214 2135 1362 2174 eltfflmam
1374 2135 1518 2172 synodum
1539 2140 1602 2181 cogi
1613 2134 1812 2175 intellexerit,
1839 2145 1898 2167 non
1902 2143 2027 2176 propere
2027 2133 2089 2173 stu-

1212 2182 1343 2227 dioseque
1359 2182 1522 2228 occurfiarus
1543 2183 1582 2226 fit
1594 2209 1606 2225 ,
1634 2183 1776 2228 rebusque
1814 2192 1970 2227 tantopere
2005 2183 2100 2227 neces-

1211 2234 1323 2279 sarus,
1349 2246 1384 2267 ac
1395 2237 1456 2268 Deo
1475 2234 1565 2278 usque
1587 2237 1661 2268 adeo
1681 2240 1806 2280 gratis,
1827 2243 1886 2277 pro
1894 2236 1978 2269 virili
1988 2233 2100 2277 consul-

1213 2295 1299 2326 turus
1308 2313 1315 2321 .
1336 2290 1413 2321 „Nos
1427 2298 1538 2329 quoque
1552 2285 1660 2320 barum
1671 2297 1772 2319 rerum
1781 2297 1860 2319 curae
1877 2284 1978 2328 sedulo
1987 2292 2100 2318 incum-

1213 2337 1335 2376 bentes,
1356 2338 1466 2370 nullum
1489 2338 1610 2379 impune
1636 2335 1725 2379 abeffe
1738 2335 1893 2378 sinemus.-
1919 2340 1985 2369 Nec
2007 2336 2100 2368 ullam

1212 2389 1261 2422 ille
1271 2389 1322 2422 vel
1343 2389 1431 2429 apud
1440 2390 1538 2421 Deum
1548 2411 1559 2427 ‚
1588 2387 1642 2420 vel
1646 2388 1732 2428 apud
1747 2398 1802 2420 nos
1814 2397 1927 2429 quaque
1937 2385 2099 2419 habiturus

1213 2438 1251 2478 est
1263 2436 1358 2480 excus
1353 2442 1479 2470 ationem
1493 2461 1503 2477 ,
1530 2442 1585 2479 qui
1591 2436 1705 2475 statim·
1718 2437 1845 2479 impigre
1851 2435 2011 2478 secundum
2017 2443 2102 2477 prae-

1209 2488 1331 2530 finitum
1340 2494 1458 2529 tempu:
1473 2487 1518 2519 ad
1535 2484 1715 2525 destinatum
1735 2484 1941 2526 locumpraesto
1962 2496 2020 2518 non
2036 2483 2102 2525 fue-

1214 2545 1273 2571 rit.
1303 2539 1467 2570 Enimuerfi
1490 2540 1661 2578 quicumque
1681 2535 1947 2567 adsacerdotalem
1956 2535 2100 2572 synodum

1214 2593 1325 2630 accitus
1347 2587 1486 2620 alacriter
1512 2597 1571 2621 non
1596 2591 1724 2619 accurrit
1738 2607 1750 2624 ,
1775 2583 1803 2617 is
1823 2583 1899 2625 sane
1917 2581 2101 2626 confiientiae

1211 2637 1323 2679 parum
1339 2635 1461 2677 fincerae
1481 2634 1515 2678 se
1534 2637 1584 2678 effe
1607 2634 1728 2675 ostendit
1744 2656 1752 2664 .
1783 2633 1827 2666 Et
1852 2634 1886 2666 in
1909 2631 1977 2667 haee
1997 2634 2101 2668 Sacrae

1217 2685 1311 2720 verba
1334 2686 1400 2728 ipse
1423 2687 1566 2729 Joannes
1589 2681 1744 2728 impegit.
1771 2683 1886 2730 Qare
1905 2693 2021 2717 omnes
2031 2682 2100 2725 ejus

1216 2737 1250 2770 in
1263 2737 1415 2770 §anetum
1431 2735 1600 2779 Cyrillum
1611 2745 1649 2767 ac
1660 2734 1783 2767 sacram
1794 2731 1967 2776 Synodum
1978 2732 2100 2769 clamo*

1219 2797 1267 2820 res
1280 2796 1371 2819 erant
1385 2786 1498 2826 inanes
1510 2784 1680 2823 calumniae
1691 2809 1699 2821 ,
1846 2816 1850 2821 ,
1961 2789 1965 2793 “

1264 2835 1419 2869 Tertium
1444 2834 1661 2869 accusationis
1682 2841 1779 2877 caput
1790 2843 1881 2868 erant
1895 2833 2052 2870 Nestorio
2063 2846 2101 2869 ac

1215 2886 1284 2930 ejus
1296 2885 1420 2919 asseclis
1432 2885 1466 2918 in
1480 2885 1551 2928 ipso
1562 2885 1664 2919 etiam
1677 2883 1888 2918 Pentecostes
1904 2885 2002 2918 Festo
2015 2884 2101 2918 clau-

1216 2937 1255 2970 sae
1266 2946 1321 2981 per
1331 2934 1552 2969 Memnonem
1564 2933 1765 2978 Ephefinum
1777 2935 1976 2978 Episcopum
1990 2934 2102 2971 Eccle-

1215 2987 1263 3022 siae
1284 3010 1293 3020 .
1322 2985 1436 3020 Factio
1458 2984 1622 3020 clamabat
1645 2985 1868 3020 Memnonem
1888 2984 1951 3018 effe
1968 2984 2101 3027 Cyrillo

1217 3035 1364 3072 servilem
1383 3046 1440 3078 per
1460 3035 1573 3070 omnia
1596 3036 1768 3069 satellitem
1788 3059 1802 3077 ‚
1827 3035 1968 3078 ideoque
1986 3045 2102 3069 omnes

1217 3085 1310 3123 hasce
1335 3085 1548 3119 turbulentias
1564 3097 1606 3120 ac
1617 3085 1792 3119 violentias
1811 3086 1874 3119 effe
1885 3085 2102 3129 pariformitet

1217 3136 1402 3177 utriusque.
1430 3135 1494 3169 Rei
1506 3135 1620 3171 seriem
1633 3135 1842 3180 exponitipsa
1852 3135 1984 3173 Faustin,
2006 3135 2102 3177 Joan-

1220 3186 1253 3222 ni
1277 3187 1342 3230 jam
1358 3183 1522 3229 Ephesum
1541 3185 1678 3220 advesto
1699 3187 1875 3221 edisserens*
1892 3185 2004 3221 omnia
2016 3183 2100 3218 Asta

1189 3280 1193 3285 .
1217 3236 1382 3279 ante'ejus
1393 3235 1588 3272 adventum:
1615 3238 1738 3275 cyrillus
1750 3235 2014 3274 Reverendifflmus
2041 3238 2101 3267 Ec-

1217 3286 1306 3327 clefiae
1321 3286 1534 3322 Alexandrina*
1548 3285 1711 3329 Episcopus
1723 3311 1734 3327 ,
1763 3298 1815 3320 nec
1827 3296 1885 3318 non
1896 3287 2033 3318 Memnon
2046 3288 2101 3316 Re-

1217 3334 1396 3380 ligiofiffimus
1419 3335 1509 3377 hujus
1535 3341 1670 3372 civitatis
1691 3336 1837 3380 Antrstes,
1864 3340 1922 3377 quiv
1939 3331 1971 3376 se
1995 3335 2100 3372 Cyrillo

1219 3393 1251 3420 in
1261 3386 1394 3422 omnibus
1408 3386 1614 3426 admimflrum
1625 3386 1761 3421 exhibuit
1769 3410 1780 3427 ,
1792 3385 1920 3418 Sanam
1934 3382 2079 3420 Ecclefias
2087 3408 2100 3423 ‚

1220 3435 1402 3481 sam‘fasque
1423 3439 1589 3479 Martyrum
1612 3439 1716 3474 AEdes
1738 3460 1753 3478 ‚
1777 3437 1812 3475 (τ
1827 3433 2099 3527 sancJaZJI1⁴5w

1977 3495 1991 3517 0
2014 3494 2028 3515 0
2040 3495 2051 3516 Ζ
