2320 3730
923 181 1402 230 EP‘ISTOLAE.

233 274 338 299 unum
358 263 503 306 Fffium,
529 277 632 302 unum
646 266 852 310 Dominum,
880 266 1114 312 Christumque

230 316 421 360 *pertineant
430 340 438 348 .

286 364 340 398 sic
360 365 468 399 Deum
498 364 736 412 hominemque
756 369 921 403 confiteor
943 366 1113 402 Christum

238 412 361 448 Filium
384 415 470 457 Dei,
495 427 600 452 unum
616 418 739 454 Filium
762 429 805 454 ex
823 417 951 454 duabus
973 419 1113 452 naturis.

231 463 292 498 *Ex
312 464 776 510 paffibiliatqueimpaffibili,
801 480 844 502 ex
855 467 987 503 mortali
1011 469 1113 502 &im-

235 515 367 549 mortali
379 540 388 554 ,
400 527 442 552 ex
454 516 569 557 visibili
580 517 614 554 ἀ
625 517 780 553 invisibili
792 542 799 550 .
816 519 857 554 Et
873 529 939 552 non
955 516 1115 552 inchoan-

230 573 325 598 tem.
355 565 408 600 Ex
426 566 760 611 incircumscriptibili
782 566 1114 610 &circumscriptibi-

235 611 280 647 li.
307 615 456 666 Qifine
477 617 645 661 principio
664 618 798 661 quidem
811 629 849 652 ac
867 617 1059 661 sempiterne
1068 617 1115 652 est

235 674 334 700 natus
352 675 396 700 ex
420 666 516 703 Patre
525 666 702 703 secundum
713 667 904 710 Deitatem3
931 665 1017 701 idem
1041 665 1117 700 vero

235 714 305 757 ipse
325 725 368 748 ex
390 716 512 759 Spiritu
536 716 651 754 82qu
670 717 706 753 δι’,
728 717 834 753 Maria
848 717 990 763 Virgine
1001 716 1117 752 diebus

233 764 417 802 novistimis
427 776 524 804 natus
540 767 587 801 est
605 765 783 802 secundum
793 776 924 803 carnem
937 793 943 800 .

285 814 350 850 Sed
362 826 465 862 neque
475 827 605 852 carnem
625 818 703 851 dico
724 828 764 852 ex
775 818 853 855 Deo
873 819 907 854 ἀ
919 817 1016 853 Patre
1027 816 1118 863 geni—

232 873 304 898 tam
314 888 325 904 ,
351 875 459 909 neque
466 866 628 903 Divinam
639 877 774 914 quoque
789 878 936 903 naturam
946 879 989 902 ex
1002 867 1116 901 Sancta

235 912 380 961 Virgine
390 914 520 961 Mari03
547 917 600 952 sed
625 917 802 954 secundum
815 918 1037 954 Divinitatem
1048 916 1118 959 qui-

232 962 311 998 dem
331 963 450 1007 absque
472 968 572 1003 initio
596 979 637 1002 ex
662 967 740 1002 Deo
764 967 861 1002 Patre
886 966 932 1000 est
954 966 1084 1010 genitus
1105 989 1115 1005 ,

233 1013 415 1049 secundum
438 1026 570 1050 carnem
591 1015 668 1050 vero
692 1016 726 1049 in
745 1017 872 1053 ultimis
890 1013 1004 1053 diebus
1025 1026 1116 1062 partu

233 1060 350 1095 Mariae
361 1063 513 1108 Virginis
530 1064 638 1099 editus
649 1089 658 1099 .

284 1111 339 1145 Sic
360 1123 465 1148 unum
489 1114 557 1149 Dei
578 1114 702 1150 Filium
725 1116 905 1162 confiteor.
933 1116 1118 1152 Divinitate

234 1160 370 1204 quidem
396 1163 621 1207 impassibilem
634 1189 645 1205 ‚
672 1163 877 1202 humanitate
897 1166 975 1201 vero
994 1166 1119 1211 passibi-

234 1210 319 1245 lem.
345 1212 409 1248 sed
423 1214 528 1249 necin
545 1215 765 1257 pastionibus,
791 1218 901 1251 necin
915 1217 1012 1251 vulva
1034 1217 1117 1252 illud

234 1262 396 1305 templum
419 1262 461 1298 ab
482 1261 687 1300 inhabitante
709 1265 896 1302 Divinitate
917 1267 1094 1310 seiunstum
1108 1292 1119 1308 ,

234 1310 291 1347 sed
309 1322 351 1346 ex
377 1314 443 1356 ipsa
466 1315 686 1360 conceptione
707 1317 839 1352 unitum
866 1342 875 1352 .
902 1317 983 1351 Non
1006 1327 1116 1351 tamen

233 1370 312 1397 enm
323 1373 365 1397 eo
375 1364 656 1408 circumscriptum
666 1366 808 1402 dixerim
819 1367 931 1403 Deum
943 1366 1092 1403 Verbum
1109 1393 1116 1401 .

233 1410 589 1459 incircumscriptibilis
600 1416 646 1451 est
658 1417 747 1452 enim
762 1418 887 1453 Divina
897 1427 1010 1453 natura
1021 1442 1029 1451 .

285 1461 401 1498 Partus
421 1464 466 1498 est
491 1466 592 1510 igitur
612 1478 654 1501 ex
667 1467 803 1511 Sancta,
830 1479 867 1503 ut
890 1466 982 1509 dixi,
1009 1467 1116 1503 Maria

235 1510 386 1548 Christus
408 1515 515 1551 Filius
529 1516 610 1550 Dei.
641 1517 722 1552 Non
734 1519 792 1553 illa
814 1518 1095 1562 incircumscripta
1107 1542 1118 1559 ,

233 1563 291 1598 sed
305 1563 359 1597 illa
370 1564 612 1609 circumscripta
635 1562 771 1602 naturass
798 1568 883 1602 Dixi
906 1579 1047 1612 namque
1069 1568 1118 1602 su-

232 1611 342 1656 perius
362 1613 532 1650 Christum
553 1615 675 1650 Filium
698 1618 763 1652 Dei
790 1616 1118 1661 &incircumscripti-

233 1659 333 1696 bilem
355 1663 390 1699 &
409 1664 686 1708 circumscriptum
707 1691 714 1699 .
742 1667 929 1702 Secundum
956 1668 1116 1703 Divinam

234 1712 370 1756 quidem
381 1722 529 1749 naturam
542 1715 914 1761 incircumscriptibilem
927 1741 938 1758 ,
964 1720 1049 1754 circa
1060 1718 1117 1753 hu-

233 1773 368 1797 manam
389 1763 466 1798 vero
483 1765 779 1809 circumscriptum.
806 1767 994 1802 secundnm
1017 1780 1116 1813 quam

232 1811 269 1846 &
289 1813 322 1845 in
347 1814 498 1858 praesepi,
523 1815 557 1849 ὃς
580 1816 613 1848 in
636 1818 752 1858 cunis,
778 1817 813 1851 &
834 1818 869 1853 in
893 1826 1011 1860 cruce,
1036 1820 1114 1853 &in

233 1862 407 1905 sepulchro
417 1864 676 1909 circumscriptus
686 1867 730 1901 est
746 1867 896 1902 Christus
906 1869 1011 1902 Filius
1022 1869 1088 1902 Dei
1105 1881 1114 1911 3

234 1913 322 1947 circa
343 1913 437 1949 illam
458 1914 679 1951 veroaltcram
701 1917 1115 1963 infinitum-&incircum-

232 1963 442 2007 scriptibilis,
467 1966 502 2000 &
525 1968 640 2002 omnia·
660 1968 829 2003 continuit
843 1993 854 2010 ‚
878 1968 1115 2013 continetque.

286 2013 408 2048 Unum
421 2015 520 2060 igitur
532 2027 573 2051 ex
584 2016 710 2052 duabus
723 2017 801 2056 dico
822 2019 964 2054 naturis.
990 2019 1119 2054 Patitur

233 2062 337 2107 igitur
349 2064 499 2099 Christus
510 2067 615 2101 Filius
635 2068 724 2107 Dei,
751 2080 819 2104 non
832 2069 1040 2107 Divinitate,
1063 2068 1117 2102 sed

231 2111 459 2148 humanitate.
486 2113 524 2148 ld
544 2115 611 2157 est,
638 2115 787 2152 Christus
809 2117 855 2152 est
879 2118 984 2161 paffus
1006 2117 1041 2151 in
1053 2127 1118 2152 car-

231 2172 294 2201 ne.
322 2163 451 2198 Patitur
473 2165 600 2206 sumpta
623 2176 737 2200 natura
761 2179 771 2208 ς
799 2167 855 2201 illa
876 2166 953 2201 vero
978 2178 1048 2208 quae
1072 2168 1114 2200 as·

232 2212 386 2255 sumpfit,
412 2211 614 2255 impaffibilis
637 2223 769 2248 manet.
796 2215 890 2249 Deus
908 2225 1020 2249 autem
1039 2213 1118 2250 Ver-

232 2260 313 2297 bum
336 2262 480 2306 proprias
498 2272 629 2305 reputat
648 2263 786 2307 Templi
814 2264 864 2297 sui
884 2261 1031 2299 hominis
1052 2265 1117 2307 pas-

231 2311 356 2346 fiones.
383 2311 503 2352 Circa,
527 2312 605 2348 dico
627 2335 638 2352 ‚
662 2314 697 2348 ἀ
720 2323 862 2348 mortem
878 2338 891 2356 ‚
917 2315 952 2348 δε
972 2314 1116 2357 reliqua,

230 2371 443 2405 quaecumque
468 2362 684 2405 dispensativa
708 2363 859 2398 videntur
880 2388 889 2396 .
915 2363 1053 2408 Propria
1078 2376 1115 2398 ea

229 2410 312 2446 facit
332 2434 345 2451 ,
369 2411 449 2445 dum
473 2411 558 2446 nihil
580 2413 646 2457 ipse
670 2413 823 2448 sustineat
847 2437 855 2445 .
883 2413 945 2448 Sed
969 2415 1047 2458 quia
1073 2414 1116 2448 ad

230 2469 334 2495 unam
354 2461 524 2504 personam
547 2462 688 2506 pertinet
712 2464 788 2506 ipsae
812 2473 953 2504 naturae,
979 2464 1036 2499 illa
1058 2463 1117 2498 im-

229 2509 458 2554 paffibilisea,
483 2522 555 2553 quae
579 2513 653 2547 sunt
669 2513 847 2559 paffibilis,
873 2514 1002 2558 propria
1016 2509 1116 2549 facit.

229 2559 307 2594 Nec
317 2571 427 2595 tamen
440 2563 560 2605 patitur
572 2562 653 2597 illud
676 2562 869 2607 impaffibile
879 2563 943 2598 Dei
965 2563 1114 2599 Verbum

229 2609 301 2644 suas
314 2611 464 2647 faciendo
474 2610 658 2655 paffiones,
684 2613 761 2653 sed,
788 2623 824 2648 ut
847 2613 945 2655 dixi,
970 2615 1032 2649 suae
1051 2625 1116 2649 car-

227 2660 282 2696 nis
293 2659 454 2703 paffiones
473 2660 622 2709 adsciscit
638 2687 646 2695 .

280 2709 384 2744 Aliud
398 2708 476 2746 vero
495 2711 541 2758 est
552 2712 619 2754 pati
633 2723 675 2746 eo
698 2711 791 2755 ipso,
817 2711 908 2760 quod
934 2714 1005 2748 suas
1016 2715 1116 2749 efficit

227 2759 412 2804 pastiones,
437 2760 471 2795 ἀ
486 2759 577 2794 aliud
602 2763 806 2797 suasefficerc
828 2764 1002 2808 paffioncs.
1031 2764 1113 2799 Non

226 2810 361 2847 alterius
383 2833 395 2850 ,
421 2809 556 2853 inquam
577 2835 589 2852 ‚
615 2810 692 2845 Filii
717 2836 729 2852 .
753 2812 808 2847 sed
837 2824 955 2848 naturae
981 2813 1115 2849 alterius

231 2860 393 2905 passiones
413 2885 421 2893 .
447 2860 635 2896 Secundum
660 2861 783 2897 nullam
816 2864 973 2907 siquidem
996 2865 1115 2907 patitur

231 2909 416 2952 rationem,
443 2911 501 2956 qui
513 2911 703 2947 naturaliter
725 2913 1031 2959 estinsusceptibilis
1046 2916 1113 2959 pas·

232 2960 335 2995 fionis
348 2985 356 2993 .

283 3010 358 3045 Nec
368 3009 518 3046 Verbum
529 3022 607 3047 caro
627 3013 745 3047 fastum
756 3015 1001 3050 conversionem
1024 3014 1111 3050 susti-

231 3060 310 3095 nuit
322 3079 330 3089 ·
353 3059 488 3095 Factum
500 3068 643 3106 namque
662 3062 803 3104 dicitur,
828 3075 887 3109 pro
910 3076 946 3100 ut
964 3066 1110 3106 dicatur,

233 3114 350 3153 Accepit
362 3132 370 3141 .
397 3109 439 3145 Et
451 3110 508 3155 qui
521 3112 634 3146 eratin
647 3114 751 3148 forma
762 3115 850 3156 Dei,
877 3116 956 3150 servi
968 3115 1089 3158 accepit
1103 3141 1110 3149 .

230 3159 312 3195 Hoc
323 3158 412 3194 enim
426 3160 606 3207 significat,
633 3163 722 3206 quod
749 3164 914 3209 sequitur:
942 3165 1108 3199 Etinhabt·

229 3215 359 3244 tavmn
370 3209 470 3243 nobis.
498 3210 573 3245 Nec
584 3213 674 3247 enim
686 3213 762 3247 Filii
774 3215 899 3250 unitate
915 3215 1110 3260 disperditur

228 3259 383 3294 distantia
395 3270 581 3296 naturarum
593 3286 600 3295 .
626 3262 690 3298 Sed
701 3263 780 3297 sicut
793 3264 882 3300 aliud
894 3265 1109 3310 corruptibile

228 3319 370 3353 corpus,
396 3310 577 3348 &alterum
597 3313 706 3347 anima
719 3313 934 3356 immortalis,
954 3326 995 3350 ex
1021 3314 1109 3351 utris-

228 3369 295 3407 que
306 3359 383 3396 vero
393 3370 477 3396 uuus
489 3358 593 3398 homo
603 3362 772 3404 consistit,
798 3365 842 3400 fic
852 3377 893 3400 ex
916 3367 1050 3402 mortali
1065 3377 1109 3401 at-

1162 301 1166 309 ι

1901 189 1989 245 381

1177 279 1244 312 que
1267 266 1468 306 immortali,
1494 265 1607 301 &fine
1626 263 1786 314 principio
1796 271 1863 307 Dei
1878 271 1981 306 Verbi
2006 284 2059 308 na·

1162 314 1251 353 ¹tura
1273 329 1373 352 unam
1395 317 1556 353 confiteor
1586 316 1662 350 Filii
1686 322 1852 360 personam
1876 335 1884 354 :
1915 326 1957 359 Et
1980 324 2058 367 quia

1162 357 1165 365 l

1162 376 1166 402 τ
1180 367 1373 411 impassibile
1386 366 1533 403 Verbum
1557 366 1694 411 passibili
1715 371 1844 405 unitum
1854 375 2055 415 experimen·

1150 3480 1161 3563 l

1179 427 1252 452 tum
1272 431 1339 452 non
1363 417 1512 452 sustinuit
1536 416 1707 460 paffionis.;
1736 418 1788 451 Est
1801 420 1930 463 quidem
1951 424 2055 458 Filius

1180 468 1246 502 Dei
1275 468 1309 502 ἀ
1331 467 1484 512 passibilis
1509 468 1544 504 ἀ
1566 467 1766 508 impaffibilis
1790 493 1800 507 ‚
1817 471 1878 503 sed
1901 471 2054 515 paffibilis

1181 518 1313 561 quidem
1326 529 1422 552 carne
1432 540 1443 556 ,
1459 517 1662 561 impaffibilis
1673 522 1747 552 vero
1759 519 1962 554 Divinitate:
1989 522 2061 556 Ha·

1182 568 1260 602 bens
1284 568 1460 602 secundum
1480 578 1609 602 carnem
1630 570 1807 612 temporale
1832 568 2028 614 principium
2044 596 2057 614 ‚

1180 616 1300 662 absque
1310 618 1407 652 initio
1418 616 1495 653 vero
1505 618 1684 655 secundum
1696 619 1863 655 Deitatem
1874 645 1883 653 .

1182 741 1288 786 Haec
1313 737 1419 787 ficut
1450 737 1753 809 memetipsum
1774 740 1958 802 habens,
1996 743 2066 797 ita,

1251 806 1501 879 conscripsi.

1356 1041 1400 1089 C
1416 1044 1460 1089 A
1477 1042 1512 1088 P
1528 1043 1573 1089 U
1586 1040 1627 1088 T
1661 1045 1896 1095 CCXXII.

1184 1177 1358 1248 Epistola
1377 1176 1594 1244 Eugychetl's
1617 1178 1797 1241 haeretici,
1833 1183 1897 1229 ubi
1904 1180 2071 1249 scribens

1253 1249 1307 1296 ad
1333 1256 1485 1318 Papam
1509 1251 1609 1299 urbis
1633 1255 1765 1309 Romae
1784 1256 1944 1300 Leonem
1958 1269 2070 1321 negat

1254 1324 1291 1367 in
1319 1318 1464 1386 Christo
1488 1321 1582 1368 duas
1604 1337 1785 1383 naturas,
1821 1322 1863 1371 id
1883 1323 1958 1389 est,
1993 1329 2069 1371 Di-

1253 1394 1428 1440 vinitatis
1442 1396 1501 1440 Φ
1515 1389 1761 1440 humanitatis
1771 1427 1785 1442 .

1282 1510 1311 1544 E
1323 1522 1393 1546 mea
1407 1512 1440 1547 in
1454 1511 1642 1549 Dominum
1653 1512 1687 1547 ἀ
1697 1514 1807 1548 Deum
1817 1514 1968 1549 omnium
1979 1514 2076 1551 Chri·

1308 1561 1391 1596 stum
1421 1564 1474 1607 spe
1482 1563 1676 1605 confidens,
1701 1574 1779 1599 ante
1788 1566 1902 1599 omnia
1914 1565 2048 1607 quidem
2060 1589 2073 1606 ,

1185 1610 1274 1645 testis
1293 1612 1386 1646 Deus
1407 1611 1555 1648 Verbum
1574 1614 1620 1648 est
1632 1639 1644 1654 ,
1669 1613 1705 1646 in
1729 1613 1871 1649 senfibus
1884 1614 2074 1658 hujusmodi

1185 1662 1384 1706 dignoscens
1395 1663 1541 1698 veritatis
1551 1663 1800 1706 probationem,
1825 1664 1950 1699 invoco
1961 1674 2074 1700 autem

1185 1710 1322 1747 vestram
1333 1712 1542 1748 Sanctitatem
1553 1715 1589 1748 in
1601 1713 1792 1749 testimonio
1802 1713 1911 1748 cordis
1921 1716 1985 1749 mei
1998 1739 2010 1756 ‚
2037 1716 2074 1750 δι

1186 1762 1314 1798 ratione
1335 1764 1487 1798 sensuum
1509 1774 1656 1798 meorum
1675 1774 1775 1807 arque
1785 1764 1979 1798 verborum.
2008 1765 2072 1799 Sed

1186 1813 1336 1857 peffimus
1358 1813 1522 1849 Diabolus
1541 1812 1709 1848 fascinavit
1735 1813 1803 1848 tale
1836 1813 1980 1849 studium
2014 1826 2075 1850 no·

1186 1863 1287 1899 strum
1308 1864 1343 1897 δε
1364 1864 1588 1908 propositum,
1612 1863 1631 1898 a
1647 1862 1859 1908 quibusvires
1868 1863 1937 1908 ejus
1947 1864 2072 1900 destrui

1185 1914 1332 1958 oportuit
1343 1938 1351 1946 .
1379 1913 1443 1948 His
1455 1914 1625 1949 stimulans
1634 1924 1769 1949 omnem
1786 1913 2003 1949 domesticam
2013 1915 2072 1950 fibi

1186 1964 1279 2005 vim,
1303 1972 1418 1999 contra
1440 1975 1493 1998 me
1513 1975 1652 2000 movens
1674 1963 1850 1999 Eusebium
1874 1964 2074 2009 Episcopum

1184 2013 1298 2058 oppidi
1328 2013 1538 2057 Doryleensis
1566 2039 1577 2056 ,
1619 2014 1766 2049 libellum
1795 2015 1930 2047 dantem
1961 2015 2074 2049 fausto

1185 2062 1351 2105 Episcopo
1372 2062 1753 2106 Constantinopolitanae
1774 2063 1924 2097 Ecclefiae
1944 2063 2071 2099 Flavia-

1186 2122 1253 2153 no,
1278 2112 1314 2146 δε
1334 2111 1527 2155 quibusdam
1550 2112 1625 2146 aliis
1648 2113 1836 2147 inventisin
1848 2114 1962 2148 eadem
1974 2113 2073 2154 urbe,

1183 2161 1241 2204 qui
1263 2161 1541 2204 propterdiversas
1557 2163 1669 2195 causas
1682 2163 1754 2195 suas
1763 2172 1941 2197 evenerant
1953 2187 1965 2202 ,
1991 2175 2075 2208 quo-

1184 2209 1286 2244 modo
1309 2209 1496 2243 haereticum
1516 2209 1746 2252 compellavit,
1773 2220 1841 2244 non
1867 2213 2000 2247 veritate
2019 2225 2075 2248 ac·

1182 2259 1386 2293 cusationem
1397 2269 1556 2299 movens,
1582 2259 1635 2294 scd
1655 2260 1833 2303 perniciem
1848 2260 1930 2295 mihi
1945 2261 2071 2298 machi·

1182 2320 1265 2343 nans
1276 2333 1287 2350 ,
1310 2308 1345 2343 &
1359 2307 1633 2352 perturbationem
1646 2310 1797 2344 Ecclefiis
1808 2311 1882 2345 Dei.
1913 2311 2069 2348 Vocabar

1181 2359 1223 2394 ad
1244 2359 1484 2402 responfionem
1505 2361 1723 2394 accusationis
1732 2358 1773 2394 ab
1788 2360 1935 2404 ipsorum
1946 2362 2068 2398 Sancti-

1181 2417 1248 2443 tate
1260 2434 1271 2450 ,
1297 2409 1350 2443 sed
1369 2409 1459 2454 gravi
1479 2410 1670 2455 aegritudine
1691 2411 1783 2453 super
1801 2411 1903 2455 ipsam
1923 2413 2068 2449 senestu-

1183 2469 1249 2493 tem
1260 2469 1405 2493 retentus
1415 2461 1542 2493 occurri
1554 2460 1593 2493 ad
1607 2461 1836 2505 purgationem
1850 2486 1860 2500 ,
1887 2473 1954 2497 non
1974 2464 2069 2508 igno-

1183 2519 1256 2544 rans
1266 2509 1478 2553 compositam
1492 2509 1666 2544 factionem
1678 2521 1792 2544 contra
1804 2511 1939 2546 salutem
1949 2523 2067 2548 meam.

1180 2558 1224 2593 Et
1247 2558 1379 2603 quidem
1402 2558 1523 2593 libellis
1544 2558 1651 2593 statim
1675 2559 1910 2604 subscriptione
1929 2574 2001 2597 mea
2012 2564 2065 2597 his

1178 2608 1287 2644 addita
1309 2608 1414 2643 obtuli
1438 2609 1560 2653 Scripta
1575 2633 1586 2650 ,
1613 2610 1788 2645 ostendens
1808 2611 1849 2645 de
1874 2613 1976 2647 saneta
2001 2612 2067 2649 fide

1178 2659 1405 2704 profeffionem
1417 2670 1522 2693 meam
1535 2684 1543 2692 .
1571 2660 1689 2693 Sancto
1700 2671 1811 2695 autem
1830 2661 1989 2697 Flaviano
2002 2663 2066 2697 Ar-

1177 2709 1409 2754 chi-Episcopo
1432 2720 1536 2753 neque
1552 2708 1703 2744 libellum
1719 2710 1931 2754 suscipiente,
1960 2723 2064 2756 neque

1176 2770 1213 2794 ut
1234 2761 1392 2805 legeretur
1415 2759 1572 2802 jubente,
1600 2760 1753 2794 audiente
1775 2771 1884 2794 tamen
1905 2786 1916 2801 ,
1942 2762 1976 2795 δε
2002 2764 2063 2796 res-

1175 2810 1343 2853 pondente
1363 2820 1416 2843 me
1438 2810 1509 2852 ipsis
1533 2808 1637 2843 verbis
1650 2811 1768 2849 fidem,
1795 2820 1865 2852 quae
1876 2810 1994 2845 Nicaee
2003 2822 2060 2846 ex-

1175 2861 1276 2903 posita
1286 2859 1331 2894 est
1341 2860 1360 2893 a
1372 2860 1476 2894 sansta
1490 2859 1627 2902 Synodo
1639 2883 1649 2898 ,
1675 2859 1868 2893 confirmata
1879 2860 1957 2894 vero
1970 2861 2058 2904 apud.

1176 2910 1359 2954 Ephesum,
1383 2909 1555 2954 expetebar
1565 2909 1645 2943 duas
1656 2919 1784 2943 naturas
1795 2910 1908 2949 fateri,
1934 2911 1969 2945 &
1981 2923 2061 2946 ana-

1174 2955 1385 2995 thematizare
1405 2971 1462 2995 eos
1485 2958 1542 3003 qui
1565 2957 1628 2992 hoc
1653 2968 1827 3004 negarent.
1855 2959 1930 3004 Ego
1944 2971 2056 2997 autem

1174 3020 1320 3046 metuens
1330 3010 1559 3047 definitionem
1571 3009 1587 3042 a
1597 3010 1735 3052 Synodo
1745 3034 1755 3049 ,
1769 3020 1829 3043 nec
1840 3009 1982 3045 adimere
1999 3022 2060 3047 nec

1172 3059 1288 3095 addere
1312 3060 1446 3095 verbum
1469 3068 1581 3093 contra
1604 3061 1786 3103 expositam
1804 3059 1903 3094 fidem
1922 3062 2058 3097 asanaa

1172 3111 1310 3154 synodo
1334 3111 1488 3151 Nicaena,
1516 3109 1618 3144 sciens
1641 3110 1716 3143 vero
1740 3110 1866 3144 sanctos
1887 3111 1922 3145 &
1945 3111 2058 3147 beatos

1174 3158 1286 3196 Patres
1296 3161 1442 3201 nostros,
1468 3159 1589 3204 Julium
1602 3184 1611 3199 ‚
1638 3159 1803 3202 Felicem,
1821 3158 2056 3204 Athanasium,

1172 3209 1369 3257 Gregorium
1382 3235 1393 3251 ‚
1418 3211 1542 3245 sanctos
1558 3208 1738 3255 Episcopos
1749 3235 1760 3251 ‚
1785 3211 1964 3246 refutantes
1979 3211 2055 3246 dua-

1172 3270 1243 3296 rum
1265 3270 1450 3297 naturarum
1474 3259 1694 3301 vocabulum,
1719 3262 1754 3295 ὅ(
1777 3271 1845 3295 nou
1866 3261 1990 3296 audens
2013 3261 2055 3295 de

1173 3322 1286 3347 natura
1307 3313 1439 3347 trastare
1460 3310 1526 3344 Dei
1548 3308 1669 3352 Verbi,
1696 3312 1752 3355 qui
1775 3311 1807 3344 in
1822 3322 1951 3346 carnem
1964 3310 2053 3345 venit

1173 3362 1297 3398 ultimis
1319 3361 1434 3398 diebus
1458 3361 1493 3395 in
1513 3369 1640 3395 uterum
1658 3362 1769 3398 sanelae
1781 3361 1929 3408 Virginis
1940 3359 2053 3395 Maria:

1945 3420 2004 3446 lm·
