<?xml version="1.0" encoding="UTF-8"?>
<!DOCTYPE html PUBLIC "-//W3C//DTD XHTML 1.0 Transitional//EN"
    "http://www.w3.org/TR/xhtml1/DTD/xhtml1-transitional.dtd">
<html xmlns="http://www.w3.org/1999/xhtml" xml:lang="en" lang="en">
 <head>
  <title>
</title>
<meta http-equiv="Content-Type" content="text/html;charset=utf-8" />
  <meta name='ocr-system' content='tesseract 3.04.00' />
  <meta name='ocr-capabilities' content='ocr_page ocr_carea ocr_par ocr_line ocrx_word'/>
</head>
<body>
  <div class='ocr_page' id='page_1' title='image "./operaomniastudio07lupuuoft/operaomniastudio07lupuuoft_0118.png"; bbox 0 0 2320 3730; ppageno 0'>
   <div class='ocr_carea' id='block_1_1' title="bbox 346 175 441 207">
    <p class='ocr_par' dir='ltr' id='par_1_1' title="bbox 346 175 441 207">
     <span class='ocr_line' id='line_1_1' title="bbox 346 175 441 207; baseline 0 0"><span class='ocrx_word' id='word_1_1' title='bbox 346 175 441 207; x_wconf 85' lang='lat'>112</span> 
     </span>
    </p>
   </div>
   <div class='ocr_carea' id='block_1_2' title="bbox 688 146 1676 215">
    <p class='ocr_par' dir='ltr' id='par_1_2' title="bbox 688 146 1676 215">
     <span class='ocr_line' id='line_1_2' title="bbox 688 146 1676 215; baseline -0.002 -12"><span class='ocrx_word' id='word_1_2' title='bbox 688 157 1026 207; x_wconf 58' lang='lat' dir='ltr'>Vitumnus«</span> <span class='ocrx_word' id='word_1_3' title='bbox 1061 154 1312 200; x_wconf 71' lang='lat' dir='ltr'>Pii-taum</span> <span class='ocrx_word' id='word_1_4' title='bbox 1345 146 1676 215; x_wconf 60' lang='lat' dir='ltr'>Hermone,</span> 
     </span>
    </p>
   </div>
   <div class='ocr_carea' id='block_1_3' title="bbox 273 220 2103 287">
    <p class='ocr_par' dir='ltr' id='par_1_3' title="bbox 273 220 2103 287">
     <span class='ocr_line' id='line_1_3' title="bbox 273 220 2103 287; baseline -0.002 -6"><span class='ocrx_word' id='word_1_5' title='bbox 273 244 385 285; x_wconf 86' lang='lat' dir='ltr'>nicet,</span> <span class='ocrx_word' id='word_1_6' title='bbox 410 241 467 287; x_wconf 91' lang='lat' dir='ltr'>qui</span> <span class='ocrx_word' id='word_1_7' title='bbox 489 220 797 283; x_wconf 48' lang='lat' dir='ltr'>hareticg&#39;colunn</span> <span class='ocrx_word' id='word_1_8' title='bbox 823 242 859 276; x_wconf 77' lang='grc' dir='ltr'>δε</span> <span class='ocrx_word' id='word_1_9' title='bbox 879 238 1057 285; x_wconf 74' lang='lat' dir='ltr'>perditioni</span> <span class='ocrx_word' id='word_1_10' title='bbox 1077 236 1159 273; x_wconf 85' lang='lat' dir='ltr'>salu·</span> <span class='ocrx_word' id='word_1_11' title='bbox 1225 235 1444 274; x_wconf 86' lang='lat' dir='ltr'>nihilominus</span> <span class='ocrx_word' id='word_1_12' title='bbox 1464 242 1540 276; x_wconf 87' lang='lat' dir='ltr'>sunt</span> <span class='ocrx_word' id='word_1_13' title='bbox 1559 243 1644 277; x_wconf 82' lang='lat' dir='ltr'>varia</span> <span class='ocrx_word' id='word_1_14' title='bbox 1655 241 1748 284; x_wconf 84' lang='lat' dir='ltr'>loca,</span> <span class='ocrx_word' id='word_1_15' title='bbox 1776 242 1812 277; x_wconf 87' lang='lat' dir='ltr'>in</span> <span class='ocrx_word' id='word_1_16' title='bbox 1828 240 1948 286; x_wconf 83' lang='lat' dir='ltr'>quibus</span> <span class='ocrx_word' id='word_1_17' title='bbox 1958 238 2027 277; x_wconf 83' lang='lat' dir='ltr'>haec</span> <span class='ocrx_word' id='word_1_18' title='bbox 2037 244 2103 278; x_wconf 62' lang='lat' dir='ltr'>man&#39;</span> 
     </span>
    </p>
   </div>
   <div class='ocr_carea' id='block_1_4' title="bbox 248 286 1160 1390">
    <p class='ocr_par' dir='ltr' id='par_1_4' title="bbox 248 286 1160 1390">
     <span class='ocr_line' id='line_1_4' title="bbox 273 286 1157 337; baseline -0.011 -8"><span class='ocrx_word' id='word_1_19' title='bbox 273 305 340 329; x_wconf 86' lang='lat' dir='ltr'>tem</span> <span class='ocrx_word' id='word_1_20' title='bbox 352 292 515 337; x_wconf 83' lang='lat' dir='ltr'>propriam</span> <span class='ocrx_word' id='word_1_21' title='bbox 526 291 697 327; x_wconf 87' lang='lat' dir='ltr'>dedicant.</span> <span class='ocrx_word' id='word_1_22' title='bbox 724 293 819 326; x_wconf 87' lang='lat' dir='ltr'>Dum</span> <span class='ocrx_word' id='word_1_23' title='bbox 831 290 954 325; x_wconf 77' lang='lat' dir='ltr'>veroid</span> <span class='ocrx_word' id='word_1_24' title='bbox 967 286 1157 331; x_wconf 83' lang='lat' dir='ltr'>contigerit,</span> 
     </span>
     <span class='ocr_line' id='line_1_5' title="bbox 272 339 1159 387; baseline -0.01 -8"><span class='ocrx_word' id='word_1_25' title='bbox 272 343 374 379; x_wconf 76' lang='lat' dir='ltr'>vestra</span> <span class='ocrx_word' id='word_1_26' title='bbox 397 354 506 387; x_wconf 85' lang='lat' dir='ltr'>praeter</span> <span class='ocrx_word' id='word_1_27' title='bbox 526 342 746 379; x_wconf 85' lang='lat' dir='ltr'>intentionem</span> <span class='ocrx_word' id='word_1_28' title='bbox 771 342 936 386; x_wconf 81' lang='lat' dir='ltr'>propriam</span> <span class='ocrx_word' id='word_1_29' title='bbox 947 339 1053 372; x_wconf 80' lang='lat' dir='ltr'>Pietas</span> <span class='ocrx_word' id='word_1_30' title='bbox 1063 346 1159 380; x_wconf 84' lang='lat' dir='ltr'>agere</span> 
     </span>
     <span class='ocr_line' id='line_1_6' title="bbox 269 387 1160 443; baseline -0.015 -13"><span class='ocrx_word' id='word_1_31' title='bbox 269 394 488 439; x_wconf 81' lang='lat' dir='ltr'>compelletur</span> <span class='ocrx_word' id='word_1_32' title='bbox 497 417 506 426; x_wconf 86' lang='lat'><strong>.</strong></span> <span class='ocrx_word' id='word_1_33' title='bbox 532 392 678 430; x_wconf 81' lang='lat' dir='ltr'>Schisma</span> <span class='ocrx_word' id='word_1_34' title='bbox 689 392 778 427; x_wconf 90' lang='lat' dir='ltr'>enim</span> <span class='ocrx_word' id='word_1_35' title='bbox 792 391 902 437; x_wconf 86' lang='lat' dir='ltr'>utique</span> <span class='ocrx_word' id='word_1_36' title='bbox 913 397 1028 423; x_wconf 85' lang='lat' dir='ltr'>contra</span> <span class='ocrx_word' id='word_1_37' title='bbox 1041 387 1160 443; x_wconf 69' lang='lat' dir='ltr'>yolun·</span> 
     </span>
     <span class='ocr_line' id='line_1_7' title="bbox 270 435 1157 493; baseline -0.016 -12"><span class='ocrx_word' id='word_1_38' title='bbox 270 442 656 484; x_wconf 77' lang='lat' dir='ltr'>tatemeonfirmabitur,</span> <span class='ocrx_word' id='word_1_39' title='bbox 681 440 1003 477; x_wconf 83' lang='lat' dir='ltr'>&amp;contristabuntur</span> <span class='ocrx_word' id='word_1_40' title='bbox 1013 435 1072 493; x_wconf 67' lang='lat' dir='ltr'>h13</span> <span class='ocrx_word' id='word_1_41' title='bbox 1100 437 1157 493; x_wconf 81' lang='lat' dir='ltr'>qui</span> 
     </span>
     <span class='ocr_line' id='line_1_8' title="bbox 268 484 1158 544; baseline -0.006 -13"><span class='ocrx_word' id='word_1_42' title='bbox 268 506 330 542; x_wconf 90' lang='lat' dir='ltr'>pro</span> <span class='ocrx_word' id='word_1_43' title='bbox 351 495 428 531; x_wconf 88' lang='lat' dir='ltr'>fidei</span> <span class='ocrx_word' id='word_1_44' title='bbox 455 495 590 529; x_wconf 85' lang='lat' dir='ltr'>veritate</span> <span class='ocrx_word' id='word_1_45' title='bbox 616 501 741 530; x_wconf 84' lang='lat' dir='ltr'>certant</span> <span class='ocrx_word' id='word_1_46' title='bbox 758 517 769 534; x_wconf 89' lang='lat'><strong><em>,</em></strong></span> <span class='ocrx_word' id='word_1_47' title='bbox 795 491 836 526; x_wconf 78' lang='lat' dir='ltr'>eo</span> <span class='ocrx_word' id='word_1_48' title='bbox 862 487 951 531; x_wconf 88' lang='lat' dir='ltr'>quod</span> <span class='ocrx_word' id='word_1_49' title='bbox 978 484 1158 544; x_wconf 50' lang='lat' dir='ltr'>proditone</span> 
     </span>
     <span class='ocr_line' id='line_1_9' title="bbox 267 537 1155 595; baseline -0.011 -15"><span class='ocrx_word' id='word_1_50' title='bbox 267 546 416 591; x_wconf 80' lang='lat' dir='ltr'>proprias</span> <span class='ocrx_word' id='word_1_51' title='bbox 439 545 566 580; x_wconf 83' lang='lat' dir='ltr'>animas</span> <span class='ocrx_word' id='word_1_52' title='bbox 592 543 719 578; x_wconf 87' lang='lat' dir='ltr'>tradere</span> <span class='ocrx_word' id='word_1_53' title='bbox 754 539 893 578; x_wconf 74' lang='lat' dir='ltr'>minime</span> <span class='ocrx_word' id='word_1_54' title='bbox 926 537 1155 595; x_wconf 74' lang='lat' dir='ltr'>acquiescant.</span> 
     </span>
     <span class='ocr_line' id='line_1_10' title="bbox 266 587 1156 643; baseline -0.012 -11"><span class='ocrx_word' id='word_1_55' title='bbox 266 597 388 643; x_wconf 86' lang='lat' dir='ltr'>Neque</span> <span class='ocrx_word' id='word_1_56' title='bbox 398 595 584 634; x_wconf 82' lang='lat' dir='ltr'>consentire</span> <span class='ocrx_word' id='word_1_57' title='bbox 594 592 646 628; x_wconf 86' lang='lat' dir='ltr'>his</span> <span class='ocrx_word' id='word_1_58' title='bbox 656 618 667 634; x_wconf 90' lang='lat'>‚</span> <span class='ocrx_word' id='word_1_59' title='bbox 694 593 750 637; x_wconf 90' lang='lat' dir='ltr'>qui</span> <span class='ocrx_word' id='word_1_60' title='bbox 764 589 864 633; x_wconf 86' lang='lat' dir='ltr'>impia</span> <span class='ocrx_word' id='word_1_61' title='bbox 877 587 998 631; x_wconf 81' lang='lat' dir='ltr'>Cyrilli</span> <span class='ocrx_word' id='word_1_62' title='bbox 1013 587 1061 621; x_wconf 91' lang='lat' dir='ltr'>Ca</span> <span class='ocrx_word' id='word_1_63' title='bbox 1065 599 1156 632; x_wconf 80' lang='lat' dir='ltr'>prtu-</span> 
     </span>
     <span class='ocr_line' id='line_1_11' title="bbox 264 638 1153 684; baseline -0.01 -3"><span class='ocrx_word' id='word_1_64' title='bbox 264 647 296 681; x_wconf 91' lang='lat' dir='ltr'>la</span> <span class='ocrx_word' id='word_1_65' title='bbox 311 646 477 684; x_wconf 82' lang='lat' dir='ltr'>vindicare</span> <span class='ocrx_word' id='word_1_66' title='bbox 488 644 715 680; x_wconf 84' lang='lat' dir='ltr'>contendunt.</span> <span class='ocrx_word' id='word_1_67' title='bbox 742 638 847 672; x_wconf 89' lang='lat' dir='ltr'>Multi</span> <span class='ocrx_word' id='word_1_68' title='bbox 860 647 970 674; x_wconf 83' lang='lat' dir='ltr'>autem</span> <span class='ocrx_word' id='word_1_69' title='bbox 991 638 1153 682; x_wconf 82' lang='lat' dir='ltr'>sunt‚qui</span> 
     </span>
     <span class='ocr_line' id='line_1_12' title="bbox 262 688 1153 742; baseline -0.008 -11"><span class='ocrx_word' id='word_1_70' title='bbox 262 708 323 742; x_wconf 87' lang='lat' dir='ltr'>pro</span> <span class='ocrx_word' id='word_1_71' title='bbox 343 696 422 736; x_wconf 83' lang='lat' dir='ltr'>fidei</span> <span class='ocrx_word' id='word_1_72' title='bbox 441 697 565 740; x_wconf 85' lang='lat' dir='ltr'>pietate</span> <span class='ocrx_word' id='word_1_73' title='bbox 586 700 711 727; x_wconf 84' lang='lat' dir='ltr'>certant</span> <span class='ocrx_word' id='word_1_74' title='bbox 731 702 743 722; x_wconf 81' lang='lat'>.-</span> <span class='ocrx_word' id='word_1_75' title='bbox 768 689 860 723; x_wconf 89' lang='lat' dir='ltr'>Tam</span> <span class='ocrx_word' id='word_1_76' title='bbox 883 699 944 723; x_wconf 88' lang='lat' dir='ltr'>nos</span> <span class='ocrx_word' id='word_1_77' title='bbox 969 688 1153 725; x_wconf 87' lang='lat' dir='ltr'>Orientalis</span> 
     </span>
     <span class='ocr_line' id='line_1_13' title="bbox 261 738 1152 784; baseline -0.011 -1"><span class='ocrx_word' id='word_1_78' title='bbox 261 747 421 783; x_wconf 86' lang='lat' dir='ltr'>Dioecefis</span> <span class='ocrx_word' id='word_1_79' title='bbox 450 742 627 784; x_wconf 83' lang='lat' dir='ltr'>Univerfi,</span> <span class='ocrx_word' id='word_1_80' title='bbox 653 740 764 783; x_wconf 82' lang='lat' dir='ltr'>&amp;quae</span> <span class='ocrx_word' id='word_1_81' title='bbox 776 738 947 775; x_wconf 81' lang='lat' dir='ltr'>nobiscum</span> <span class='ocrx_word' id='word_1_82' title='bbox 971 740 1045 774; x_wconf 90' lang='lat' dir='ltr'>sunt</span> <span class='ocrx_word' id='word_1_83' title='bbox 1066 751 1152 774; x_wconf 87' lang='lat' dir='ltr'>cun·-</span> 
     </span>
     <span class='ocr_line' id='line_1_14' title="bbox 265 789 1151 834; baseline -0.001 -8"><span class='ocrx_word' id='word_1_84' title='bbox 265 799 322 831; x_wconf 69' lang='lat' dir='ltr'>fiae</span> <span class='ocrx_word' id='word_1_85' title='bbox 332 795 534 833; x_wconf 59' lang='lat' dir='ltr'>Provinciae,</span> <span class='ocrx_word' id='word_1_86' title='bbox 560 802 603 824; x_wconf 80' lang='lat' dir='ltr'>ex</span> <span class='ocrx_word' id='word_1_87' title='bbox 615 789 718 824; x_wconf 82' lang='lat' dir='ltr'>Ponti</span> <span class='ocrx_word' id='word_1_88' title='bbox 743 800 841 834; x_wconf 84' lang='lat' dir='ltr'>atque</span> <span class='ocrx_word' id='word_1_89' title='bbox 855 789 961 830; x_wconf 82' lang='lat' dir='ltr'>Afiae,</span> <span class='ocrx_word' id='word_1_90' title='bbox 986 802 1025 825; x_wconf 82' lang='lat' dir='ltr'>ac</span> <span class='ocrx_word' id='word_1_91' title='bbox 1037 789 1151 825; x_wconf 86' lang='lat' dir='ltr'>Thra·-</span> 
     </span>
     <span class='ocr_line' id='line_1_15' title="bbox 259 839 1149 890; baseline -0.004 -11"><span class='ocrx_word' id='word_1_92' title='bbox 259 847 318 887; x_wconf 78' lang='lat' dir='ltr'>ciae</span> <span class='ocrx_word' id='word_1_93' title='bbox 341 845 514 890; x_wconf 74' lang='lat' dir='ltr'>Reginae,</span> <span class='ocrx_word' id='word_1_94' title='bbox 540 840 731 885; x_wconf 73' lang='lat' dir='ltr'>illyricique</span> <span class='ocrx_word' id='word_1_95' title='bbox 755 841 790 874; x_wconf 74' lang='grc' dir='ltr'>ἀ</span> <span class='ocrx_word' id='word_1_96' title='bbox 810 839 931 879; x_wconf 77' lang='lat' dir='ltr'>Italiae.</span> <span class='ocrx_word' id='word_1_97' title='bbox 962 839 1037 875; x_wconf 91' lang='lat' dir='ltr'>Nec</span> <span class='ocrx_word' id='word_1_98' title='bbox 1058 841 1149 876; x_wconf 90' lang='lat' dir='ltr'>enim</span> 
     </span>
     <span class='ocr_line' id='line_1_16' title="bbox 259 890 1149 939; baseline -0.006 -8"><span class='ocrx_word' id='word_1_99' title='bbox 259 896 319 931; x_wconf 88' lang='lat' dir='ltr'>ulli</span> <span class='ocrx_word' id='word_1_100' title='bbox 332 893 487 939; x_wconf 81' lang='lat' dir='ltr'>Episcopi</span> <span class='ocrx_word' id='word_1_101' title='bbox 500 890 552 926; x_wconf 88' lang='lat' dir='ltr'>his</span> <span class='ocrx_word' id='word_1_102' title='bbox 563 890 686 935; x_wconf 83' lang='lat' dir='ltr'>Cyrilli</span> <span class='ocrx_word' id='word_1_103' title='bbox 698 890 924 937; x_wconf 81' lang='lat' dir='ltr'>Dogmatibus</span> <span class='ocrx_word' id='word_1_104' title='bbox 944 890 1149 935; x_wconf 78' lang='lat' dir='ltr'>acquiescere</span> 
     </span>
     <span class='ocr_line' id='line_1_17' title="bbox 254 940 1146 990; baseline -0.002 -11"><span class='ocrx_word' id='word_1_105' title='bbox 254 946 418 990; x_wconf 87' lang='lat' dir='ltr'>patientur</span> <span class='ocrx_word' id='word_1_106' title='bbox 425 967 437 984; x_wconf 93' lang='lat'>‚</span> <span class='ocrx_word' id='word_1_107' title='bbox 463 942 521 985; x_wconf 91' lang='lat' dir='ltr'>qui</span> <span class='ocrx_word' id='word_1_108' title='bbox 531 941 634 976; x_wconf 89' lang='lat' dir='ltr'>etiam</span> <span class='ocrx_word' id='word_1_109' title='bbox 643 940 749 976; x_wconf 77' lang='lat' dir='ltr'>vestra:</span> <span class='ocrx_word' id='word_1_110' title='bbox 757 941 879 976; x_wconf 84' lang='lat' dir='ltr'>Pietati</span> <span class='ocrx_word' id='word_1_111' title='bbox 889 941 1050 977; x_wconf 88' lang='lat' dir='ltr'>Codicem</span> <span class='ocrx_word' id='word_1_112' title='bbox 1060 942 1146 977; x_wconf 88' lang='lat' dir='ltr'>Bea—</span> 
     </span>
     <span class='ocr_line' id='line_1_18' title="bbox 253 989 1146 1036; baseline -0.002 -8"><span class='ocrx_word' id='word_1_113' title='bbox 253 994 367 1035; x_wconf 85' lang='lat' dir='ltr'>tiffimi</span> <span class='ocrx_word' id='word_1_114' title='bbox 378 990 543 1029; x_wconf 73' lang='lat' dir='ltr'>Ambrosii</span> <span class='ocrx_word' id='word_1_115' title='bbox 554 991 764 1033; x_wconf 83' lang='lat' dir='ltr'>direxerunt,</span> <span class='ocrx_word' id='word_1_116' title='bbox 795 991 957 1026; x_wconf 86' lang='lat' dir='ltr'>contraria</span> <span class='ocrx_word' id='word_1_117' title='bbox 969 989 1065 1033; x_wconf 89' lang='lat' dir='ltr'>huic,</span> <span class='ocrx_word' id='word_1_118' title='bbox 1077 1004 1146 1036; x_wconf 80' lang='lat' dir='ltr'>quae</span> 
     </span>
     <span class='ocr_line' id='line_1_19' title="bbox 251 1041 1145 1089; baseline -0.003 -9"><span class='ocrx_word' id='word_1_119' title='bbox 251 1057 344 1080; x_wconf 85' lang='lat' dir='ltr'>nunc</span> <span class='ocrx_word' id='word_1_120' title='bbox 371 1042 513 1089; x_wconf 84' lang='lat' dir='ltr'>pullulat</span> <span class='ocrx_word' id='word_1_121' title='bbox 528 1066 540 1084; x_wconf 91' lang='lat'><strong>,</strong></span> <span class='ocrx_word' id='word_1_122' title='bbox 563 1041 697 1077; x_wconf 67' lang='lat' dir='ltr'>culturae</span> <span class='ocrx_word' id='word_1_123' title='bbox 719 1042 932 1079; x_wconf 84' lang='lat' dir='ltr'>edocentem.</span> <span class='ocrx_word' id='word_1_124' title='bbox 962 1041 1030 1077; x_wconf 86' lang='lat' dir='ltr'>Uti</span> <span class='ocrx_word' id='word_1_125' title='bbox 1043 1042 1145 1087; x_wconf 85' lang='lat' dir='ltr'>igitur</span> 
     </span>
     <span class='ocr_line' id='line_1_20' title="bbox 250 1091 1140 1137; baseline -0.006 -6"><span class='ocrx_word' id='word_1_126' title='bbox 250 1096 317 1133; x_wconf 82' lang='lat' dir='ltr'>tale</span> <span class='ocrx_word' id='word_1_127' title='bbox 328 1094 378 1129; x_wconf 87' lang='lat' dir='ltr'>nil</span> <span class='ocrx_word' id='word_1_128' title='bbox 390 1094 447 1129; x_wconf 85' lang='lat' dir='ltr'>siat</span> <span class='ocrx_word' id='word_1_129' title='bbox 462 1117 475 1135; x_wconf 90' lang='lat'>‚</span> <span class='ocrx_word' id='word_1_130' title='bbox 499 1104 562 1128; x_wconf 85' lang='lat' dir='ltr'>nec</span> <span class='ocrx_word' id='word_1_131' title='bbox 573 1092 713 1137; x_wconf 69' lang='lat' dir='ltr'>amplius</span> <span class='ocrx_word' id='word_1_132' title='bbox 728 1093 830 1127; x_wconf 82' lang='lat' dir='ltr'>vestra</span> <span class='ocrx_word' id='word_1_133' title='bbox 843 1091 952 1129; x_wconf 84' lang='lat' dir='ltr'>Pietas</span> <span class='ocrx_word' id='word_1_134' title='bbox 970 1092 1119 1131; x_wconf 83' lang='lat' dir='ltr'>aestuetur</span> <span class='ocrx_word' id='word_1_135' title='bbox 1129 1116 1140 1132; x_wconf 90' lang='lat'>,</span> 
     </span>
     <span class='ocr_line' id='line_1_21' title="bbox 249 1141 1142 1192; baseline -0.006 -12"><span class='ocrx_word' id='word_1_136' title='bbox 249 1146 456 1192; x_wconf 79' lang='lat' dir='ltr'>quaesumus,</span> <span class='ocrx_word' id='word_1_137' title='bbox 481 1143 710 1188; x_wconf 84' lang='lat' dir='ltr'>deprecamur,</span> <span class='ocrx_word' id='word_1_138' title='bbox 741 1153 918 1187; x_wconf 81' lang='lat' dir='ltr'>rogamus,</span> <span class='ocrx_word' id='word_1_139' title='bbox 943 1152 980 1176; x_wconf 94' lang='lat' dir='ltr'>ut</span> <span class='ocrx_word' id='word_1_140' title='bbox 991 1141 1071 1175; x_wconf 74' lang='lat' dir='ltr'>ante</span> <span class='ocrx_word' id='word_1_141' title='bbox 1081 1144 1142 1177; x_wconf 89' lang='lat' dir='ltr'>Or·</span> 
     </span>
     <span class='ocr_line' id='line_1_22' title="bbox 248 1191 1142 1235; baseline -0.006 -4"><span class='ocrx_word' id='word_1_142' title='bbox 248 1193 460 1235; x_wconf 86' lang='lat' dir='ltr'>dinationem</span> <span class='ocrx_word' id='word_1_143' title='bbox 480 1205 549 1229; x_wconf 88' lang='lat' dir='ltr'>non</span> <span class='ocrx_word' id='word_1_144' title='bbox 561 1195 631 1232; x_wconf 86' lang='lat' dir='ltr'>fieri</span> <span class='ocrx_word' id='word_1_145' title='bbox 645 1193 819 1233; x_wconf 84' lang='lat' dir='ltr'>sauciatis,</span> <span class='ocrx_word' id='word_1_146' title='bbox 844 1192 902 1226; x_wconf 84' lang='lat' dir='ltr'>nisi</span> <span class='ocrx_word' id='word_1_147' title='bbox 925 1191 1065 1226; x_wconf 87' lang='lat' dir='ltr'>formam</span> <span class='ocrx_word' id='word_1_148' title='bbox 1087 1194 1142 1227; x_wconf 80' lang='lat' dir='ltr'>su-</span> 
     </span>
     <span class='ocr_line' id='line_1_23' title="bbox 248 1243 1140 1290; baseline -0.004 -9"><span class='ocrx_word' id='word_1_149' title='bbox 248 1246 410 1290; x_wconf 87' lang='lat' dir='ltr'>sceperint</span> <span class='ocrx_word' id='word_1_150' title='bbox 422 1271 434 1288; x_wconf 94' lang='lat'>,</span> <span class='ocrx_word' id='word_1_151' title='bbox 459 1255 531 1290; x_wconf 81' lang='lat' dir='ltr'>quae</span> <span class='ocrx_word' id='word_1_152' title='bbox 542 1245 583 1280; x_wconf 87' lang='lat' dir='ltr'>ad</span> <span class='ocrx_word' id='word_1_153' title='bbox 600 1243 820 1285; x_wconf 80' lang='lat' dir='ltr'>Orthodoxiae</span> <span class='ocrx_word' id='word_1_154' title='bbox 841 1243 1004 1287; x_wconf 86' lang='lat' dir='ltr'>pertinent</span> <span class='ocrx_word' id='word_1_155' title='bbox 1016 1243 1115 1277; x_wconf 87' lang='lat' dir='ltr'>fidem</span> <span class='ocrx_word' id='word_1_156' title='bbox 1130 1268 1140 1284; x_wconf 86' lang='lat'><strong>,</strong></span> 
     </span>
     <span class='ocr_line' id='line_1_24' title="bbox 248 1292 1140 1342; baseline -0.003 -12"><span class='ocrx_word' id='word_1_157' title='bbox 248 1307 379 1341; x_wconf 87' lang='lat' dir='ltr'>propter</span> <span class='ocrx_word' id='word_1_158' title='bbox 389 1307 488 1342; x_wconf 85' lang='lat' dir='ltr'>quam</span> <span class='ocrx_word' id='word_1_159' title='bbox 514 1297 549 1331; x_wconf 70' lang='grc' dir='ltr'><strong>ἃ</strong></span> <span class='ocrx_word' id='word_1_160' title='bbox 559 1295 773 1341; x_wconf 84' lang='lat' dir='ltr'>congregavit</span> <span class='ocrx_word' id='word_1_161' title='bbox 793 1304 854 1336; x_wconf 80' lang='lat' dir='ltr'>nos</span> <span class='ocrx_word' id='word_1_162' title='bbox 868 1293 1023 1333; x_wconf 77' lang='lat' dir='ltr'>Amatrix</span> <span class='ocrx_word' id='word_1_163' title='bbox 1036 1292 1140 1328; x_wconf 87' lang='lat' dir='ltr'>Chri·-</span> 
     </span>
     <span class='ocr_line' id='line_1_25' title="bbox 248 1347 609 1390; baseline 0 -8"><span class='ocrx_word' id='word_1_164' title='bbox 248 1347 289 1382; x_wconf 84' lang='lat' dir='ltr'>sti</span> <span class='ocrx_word' id='word_1_165' title='bbox 300 1347 479 1390; x_wconf 68' lang='lat' dir='ltr'>Summitas</span> <span class='ocrx_word' id='word_1_166' title='bbox 490 1347 590 1383; x_wconf 86' lang='lat' dir='ltr'>vestra</span> <span class='ocrx_word' id='word_1_167' title='bbox 600 1372 609 1387; x_wconf 71' lang='grc'>,-</span> 
     </span>
    </p>
   </div>
   <div class='ocr_carea' id='block_1_5' title="bbox 447 1501 946 1548">
    <p class='ocr_par' dir='ltr' id='par_1_5' title="bbox 447 1501 946 1548">
     <span class='ocr_line' id='line_1_26' title="bbox 447 1501 946 1548; baseline -0.002 0"><span class='ocrx_word' id='word_1_168' title='bbox 447 1501 946 1548; x_wconf 68' lang='lat' dir='ltr'>Scuorron.</span> 
     </span>
    </p>
   </div>
   <div class='ocr_carea' id='block_1_6' title="bbox 240 1644 1144 2343">
    <p class='ocr_par' dir='ltr' id='par_1_6' title="bbox 359 1644 1141 1690">
     <span class='ocr_line' id='line_1_27' title="bbox 359 1644 1141 1690; baseline -0.003 -8"><span class='ocrx_word' id='word_1_169' title='bbox 359 1645 451 1690; x_wconf 83' lang='lat' dir='ltr'>Ujus</span> <span class='ocrx_word' id='word_1_170' title='bbox 490 1644 755 1681; x_wconf 78' lang='lat' dir='ltr'>contestationis</span> <span class='ocrx_word' id='word_1_171' title='bbox 781 1655 910 1690; x_wconf 90' lang='lat' dir='ltr'>tempus</span> <span class='ocrx_word' id='word_1_172' title='bbox 929 1645 1052 1681; x_wconf 89' lang='lat' dir='ltr'>docent</span> <span class='ocrx_word' id='word_1_173' title='bbox 1066 1644 1141 1680; x_wconf 82' lang='lat' dir='ltr'>haec</span> 
     </span>
    </p>

    <p class='ocr_par' dir='ltr' id='par_1_7' title="bbox 385 1695 1141 1740">
     <span class='ocr_line' id='line_1_28' title="bbox 385 1695 1141 1740; baseline -0.001 -9"><span class='ocrx_word' id='word_1_174' title='bbox 385 1697 455 1740; x_wconf 86' lang='lat' dir='ltr'>ejus</span> <span class='ocrx_word' id='word_1_175' title='bbox 483 1695 604 1731; x_wconf 89' lang='lat' dir='ltr'>verba:</span> <span class='ocrx_word' id='word_1_176' title='bbox 632 1700 705 1731; x_wconf 82' lang='lat' dir='ltr'>Haec</span> <span class='ocrx_word' id='word_1_177' title='bbox 727 1706 762 1729; x_wconf 86' lang='lat' dir='ltr'>ut</span> <span class='ocrx_word' id='word_1_178' title='bbox 768 1696 876 1739; x_wconf 87' lang='lat' dir='ltr'>fierent</span> <span class='ocrx_word' id='word_1_179' title='bbox 886 1697 968 1728; x_wconf 82' lang='lat' dir='ltr'>nobis</span> <span class='ocrx_word' id='word_1_180' title='bbox 980 1696 1141 1738; x_wconf 52' lang='lat' dir='ltr'>expectan-</span> 
     </span>
    </p>

    <p class='ocr_par' dir='ltr' id='par_1_8' title="bbox 240 1745 1144 2343">
     <span class='ocr_line' id='line_1_29' title="bbox 245 1745 1141 1789; baseline 0.002 -10"><span class='ocrx_word' id='word_1_181' title='bbox 245 1747 349 1789; x_wconf 84' lang='lat' dir='ltr'>tibus,</span> <span class='ocrx_word' id='word_1_182' title='bbox 374 1747 473 1789; x_wconf 79' lang='lat' dir='ltr'>vestra</span> <span class='ocrx_word' id='word_1_183' title='bbox 499 1749 607 1781; x_wconf 86' lang='lat' dir='ltr'>Pietas</span> <span class='ocrx_word' id='word_1_184' title='bbox 631 1752 665 1780; x_wconf 82' lang='lat' dir='ltr'>in</span> <span class='ocrx_word' id='word_1_185' title='bbox 684 1752 840 1781; x_wconf 80' lang='lat' dir='ltr'>civitatem</span> <span class='ocrx_word' id='word_1_186' title='bbox 859 1746 998 1789; x_wconf 70' lang='lat' dir='ltr'>profedla</span> <span class='ocrx_word' id='word_1_187' title='bbox 1019 1745 1079 1787; x_wconf 84' lang='lat' dir='ltr'>est,</span> <span class='ocrx_word' id='word_1_188' title='bbox 1106 1749 1141 1781; x_wconf 65' lang='lat' dir='ltr'>(a</span> 
     </span>
     <span class='ocr_line' id='line_1_30' title="bbox 244 1794 1141 1840; baseline -0.002 -10"><span class='ocrx_word' id='word_1_189' title='bbox 244 1809 292 1835; x_wconf 84' lang='lat' dir='ltr'>eos</span> <span class='ocrx_word' id='word_1_190' title='bbox 318 1798 441 1840; x_wconf 83' lang='lat' dir='ltr'>quidem</span> <span class='ocrx_word' id='word_1_191' title='bbox 457 1821 470 1837; x_wconf 88' lang='lat'>‚</span> <span class='ocrx_word' id='word_1_192' title='bbox 494 1802 546 1840; x_wconf 87' lang='lat' dir='ltr'>qui</span> <span class='ocrx_word' id='word_1_193' title='bbox 566 1797 605 1830; x_wconf 83' lang='lat' dir='ltr'>de</span> <span class='ocrx_word' id='word_1_194' title='bbox 624 1794 974 1840; x_wconf 78' lang='lat' dir='ltr'>baereliaccusabamur,</span> <span class='ocrx_word' id='word_1_195' title='bbox 994 1802 1141 1838; x_wconf 83' lang='lat' dir='ltr'>praecepit</span> 
     </span>
     <span class='ocr_line' id='line_1_31' title="bbox 245 1844 1140 1889; baseline -0.004 -8"><span class='ocrx_word' id='word_1_196' title='bbox 245 1857 279 1881; x_wconf 91' lang='lat' dir='ltr'>ut</span> <span class='ocrx_word' id='word_1_197' title='bbox 300 1852 332 1880; x_wconf 85' lang='lat' dir='ltr'>in</span> <span class='ocrx_word' id='word_1_198' title='bbox 355 1852 508 1880; x_wconf 81' lang='lat' dir='ltr'>civitatem</span> <span class='ocrx_word' id='word_1_199' title='bbox 534 1852 674 1884; x_wconf 77' lang='lat' dir='ltr'>venirent</span> <span class='ocrx_word' id='word_1_200' title='bbox 699 1868 711 1885; x_wconf 88' lang='lat'>‚</span> <span class='ocrx_word' id='word_1_201' title='bbox 735 1847 900 1879; x_wconf 78' lang='lat' dir='ltr'>sacerdotio</span> <span class='ocrx_word' id='word_1_202' title='bbox 915 1844 1140 1889; x_wconf 84' lang='lat' dir='ltr'>fungerentur,</span> 
     </span>
     <span class='ocr_line' id='line_1_32' title="bbox 246 1897 1142 1940; baseline -0.006 -8"><span class='ocrx_word' id='word_1_203' title='bbox 246 1899 280 1932; x_wconf 71' lang='lat' dir='ltr'>(a</span> <span class='ocrx_word' id='word_1_204' title='bbox 301 1898 498 1939; x_wconf 74' lang='lat' dir='ltr'>ordinarent3</span> <span class='ocrx_word' id='word_1_205' title='bbox 525 1907 578 1930; x_wconf 84' lang='lat' dir='ltr'>nos</span> <span class='ocrx_word' id='word_1_206' title='bbox 601 1898 674 1930; x_wconf 73' lang='lat' dir='ltr'>vero</span> <span class='ocrx_word' id='word_1_207' title='bbox 696 1906 788 1938; x_wconf 87' lang='lat' dir='ltr'>neque</span> <span class='ocrx_word' id='word_1_208' title='bbox 812 1897 929 1940; x_wconf 82' lang='lat' dir='ltr'>ingredi</span> <span class='ocrx_word' id='word_1_209' title='bbox 941 1901 973 1927; x_wconf 83' lang='lat' dir='ltr'>in</span> <span class='ocrx_word' id='word_1_210' title='bbox 985 1901 1142 1928; x_wconf 82' lang='lat' dir='ltr'>civitatem</span> 
     </span>
     <span class='ocr_line' id='line_1_33' title="bbox 240 1943 1143 1990; baseline -0.003 -9"><span class='ocrx_word' id='word_1_211' title='bbox 240 1949 323 1989; x_wconf 74' lang='lat' dir='ltr'>jussit</span> <span class='ocrx_word' id='word_1_212' title='bbox 344 1971 356 1987; x_wconf 95' lang='lat'>‚</span> <span class='ocrx_word' id='word_1_213' title='bbox 383 1958 476 1990; x_wconf 87' lang='lat' dir='ltr'>neque</span> <span class='ocrx_word' id='word_1_214' title='bbox 498 1947 544 1978; x_wconf 80' lang='lat' dir='ltr'>ad</span> <span class='ocrx_word' id='word_1_215' title='bbox 559 1953 689 1987; x_wconf 82' lang='lat' dir='ltr'>propria</span> <span class='ocrx_word' id='word_1_216' title='bbox 714 1951 876 1988; x_wconf 75' lang='lat' dir='ltr'>remIgrare</span> <span class='ocrx_word' id='word_1_217' title='bbox 900 1944 1031 1986; x_wconf 76' lang='lat' dir='ltr'>permisit</span> <span class='ocrx_word' id='word_1_218' title='bbox 1053 1969 1063 1984; x_wconf 93' lang='lat'><strong>,</strong></span> <span class='ocrx_word' id='word_1_219' title='bbox 1085 1943 1143 1987; x_wconf 89' lang='lat' dir='ltr'>sed</span> 
     </span>
     <span class='ocr_line' id='line_1_34' title="bbox 242 1993 1139 2041; baseline -0.003 -11"><span class='ocrx_word' id='word_1_220' title='bbox 242 1995 347 2041; x_wconf 87' lang='lat' dir='ltr'>sumus</span> <span class='ocrx_word' id='word_1_221' title='bbox 376 2004 409 2029; x_wconf 80' lang='lat' dir='ltr'>in</span> <span class='ocrx_word' id='word_1_222' title='bbox 430 1995 615 2029; x_wconf 85' lang='lat' dir='ltr'>Chalcedone</span> <span class='ocrx_word' id='word_1_223' title='bbox 635 1994 747 2034; x_wconf 70' lang='lat' dir='ltr'>tristes.</span> <span class='ocrx_word' id='word_1_224' title='bbox 774 1993 904 2029; x_wconf 89' lang='lat' dir='ltr'>Prodiit</span> <span class='ocrx_word' id='word_1_225' title='bbox 932 2006 1013 2038; x_wconf 88' lang='lat' dir='ltr'>ergo</span> <span class='ocrx_word' id='word_1_226' title='bbox 1032 1994 1139 2028; x_wconf 81' lang='lat' dir='ltr'>statim</span> 
     </span>
     <span class='ocr_line' id='line_1_35' title="bbox 246 2042 1140 2092; baseline -0.004 -12"><span class='ocrx_word' id='word_1_227' title='bbox 246 2047 318 2092; x_wconf 87' lang='lat' dir='ltr'>post</span> <span class='ocrx_word' id='word_1_228' title='bbox 333 2045 496 2091; x_wconf 87' lang='lat' dir='ltr'>Principis</span> <span class='ocrx_word' id='word_1_229' title='bbox 506 2055 583 2080; x_wconf 89' lang='lat' dir='ltr'>cum</span> <span class='ocrx_word' id='word_1_230' title='bbox 594 2042 805 2081; x_wconf 86' lang='lat' dir='ltr'>Orthodoxis</span> <span class='ocrx_word' id='word_1_231' title='bbox 833 2042 1003 2087; x_wconf 86' lang='lat' dir='ltr'>Episcopis</span> <span class='ocrx_word' id='word_1_232' title='bbox 1023 2044 1140 2087; x_wconf 87' lang='lat' dir='ltr'>regres-</span> 
     </span>
     <span class='ocr_line' id='line_1_36' title="bbox 245 2092 1141 2139; baseline -0.007 -7"><span class='ocrx_word' id='word_1_233' title='bbox 245 2099 318 2138; x_wconf 85' lang='lat' dir='ltr'>sum</span> <span class='ocrx_word' id='word_1_234' title='bbox 332 2122 344 2139; x_wconf 89' lang='lat'>,</span> <span class='ocrx_word' id='word_1_235' title='bbox 369 2106 447 2132; x_wconf 87' lang='lat' dir='ltr'>ante</span> <span class='ocrx_word' id='word_1_236' title='bbox 469 2096 615 2130; x_wconf 74' lang='lat' dir='ltr'>emissam</span> <span class='ocrx_word' id='word_1_237' title='bbox 635 2092 810 2128; x_wconf 88' lang='lat' dir='ltr'>secundam</span> <span class='ocrx_word' id='word_1_238' title='bbox 821 2093 950 2128; x_wconf 81' lang='lat' dir='ltr'>Sacram</span> <span class='ocrx_word' id='word_1_239' title='bbox 974 2093 1141 2127; x_wconf 74' lang='lat' dir='ltr'>dissoluto-</span> 
     </span>
     <span class='ocr_line' id='line_1_37' title="bbox 245 2142 1140 2189; baseline -0.009 -6"><span class='ocrx_word' id='word_1_240' title='bbox 245 2149 330 2183; x_wconf 88' lang='lat' dir='ltr'>riam</span> <span class='ocrx_word' id='word_1_241' title='bbox 355 2146 484 2189; x_wconf 85' lang='lat' dir='ltr'>Synodi</span> <span class='ocrx_word' id='word_1_242' title='bbox 500 2170 508 2179; x_wconf 89' lang='lat'><strong>.</strong></span> <span class='ocrx_word' id='word_1_243' title='bbox 538 2145 674 2181; x_wconf 86' lang='lat' dir='ltr'>Interim</span> <span class='ocrx_word' id='word_1_244' title='bbox 695 2143 753 2178; x_wconf 84' lang='lat' dir='ltr'>vix</span> <span class='ocrx_word' id='word_1_245' title='bbox 777 2154 873 2189; x_wconf 87' lang='lat' dir='ltr'>urget</span> <span class='ocrx_word' id='word_1_246' title='bbox 894 2142 1082 2179; x_wconf 88' lang='lat' dir='ltr'>discedendi</span> <span class='ocrx_word' id='word_1_247' title='bbox 1106 2143 1140 2176; x_wconf 90' lang='lat' dir='ltr'>li-</span> 
     </span>
     <span class='ocr_line' id='line_1_38' title="bbox 248 2192 1141 2238; baseline -0.009 -4"><span class='ocrx_word' id='word_1_248' title='bbox 248 2198 396 2234; x_wconf 84' lang='lat' dir='ltr'>centiam</span> <span class='ocrx_word' id='word_1_249' title='bbox 425 2221 437 2238; x_wconf 92' lang='lat'>,</span> <span class='ocrx_word' id='word_1_250' title='bbox 473 2195 529 2230; x_wconf 88' lang='lat' dir='ltr'>sed</span> <span class='ocrx_word' id='word_1_251' title='bbox 573 2195 642 2230; x_wconf 92' lang='lat' dir='ltr'>duo</span> <span class='ocrx_word' id='word_1_252' title='bbox 669 2195 842 2237; x_wconf 82' lang='lat' dir='ltr'>praesertim</span> <span class='ocrx_word' id='word_1_253' title='bbox 878 2194 944 2228; x_wconf 88' lang='lat' dir='ltr'>alia</span> <span class='ocrx_word' id='word_1_254' title='bbox 968 2218 975 2225; x_wconf 91' lang='lat'><strong>.</strong></span> <span class='ocrx_word' id='word_1_255' title='bbox 1004 2192 1141 2233; x_wconf 79' lang='lat' dir='ltr'>Primo,</span> 
     </span>
     <span class='ocr_line' id='line_1_39' title="bbox 246 2242 1140 2289; baseline -0.007 -6"><span class='ocrx_word' id='word_1_256' title='bbox 246 2258 286 2284; x_wconf 84' lang='lat' dir='ltr'>ut</span> <span class='ocrx_word' id='word_1_257' title='bbox 310 2248 346 2282; x_wconf 89' lang='lat' dir='ltr'>in</span> <span class='ocrx_word' id='word_1_258' title='bbox 358 2245 616 2282; x_wconf 74' lang='lat' dir='ltr'>contradistorio</span> <span class='ocrx_word' id='word_1_259' title='bbox 636 2244 761 2289; x_wconf 80' lang='lat' dir='ltr'>judicio</span> <span class='ocrx_word' id='word_1_260' title='bbox 784 2243 880 2278; x_wconf 85' lang='lat' dir='ltr'>liceat</span> <span class='ocrx_word' id='word_1_261' title='bbox 901 2243 1062 2279; x_wconf 86' lang='lat' dir='ltr'>discutere</span> <span class='ocrx_word' id='word_1_262' title='bbox 1077 2242 1140 2286; x_wconf 89' lang='lat' dir='ltr'>Cy-</span> 
     </span>
     <span class='ocr_line' id='line_1_40' title="bbox 245 2293 1144 2343; baseline -0.007 -10"><span class='ocrx_word' id='word_1_263' title='bbox 245 2298 313 2337; x_wconf 73' lang='lat' dir='ltr'>rilli</span> <span class='ocrx_word' id='word_1_264' title='bbox 340 2297 496 2343; x_wconf 86' lang='lat' dir='ltr'>Capitula</span> <span class='ocrx_word' id='word_1_265' title='bbox 512 2322 520 2329; x_wconf 93' lang='lat'>.</span> <span class='ocrx_word' id='word_1_266' title='bbox 547 2295 681 2330; x_wconf 77' lang='lat' dir='ltr'>Deinde</span> <span class='ocrx_word' id='word_1_267' title='bbox 703 2319 716 2335; x_wconf 90' lang='lat'><em>,</em></span> <span class='ocrx_word' id='word_1_268' title='bbox 743 2304 780 2329; x_wconf 91' lang='lat' dir='ltr'>ut</span> <span class='ocrx_word' id='word_1_269' title='bbox 816 2293 926 2329; x_wconf 85' lang='lat' dir='ltr'>nullus</span> <span class='ocrx_word' id='word_1_270' title='bbox 960 2293 1144 2335; x_wconf 82' lang='lat' dir='ltr'>Nestorio‚</span> 
     </span>
    </p>
   </div>
   <div class='ocr_carea' id='block_1_7' title="bbox 245 2344 1188 2394">
    <p class='ocr_par' dir='ltr' id='par_1_9' title="bbox 245 2344 1188 2394">
     <span class='ocr_line' id='line_1_41' title="bbox 245 2344 1188 2394; baseline -0.01 -9"><span class='ocrx_word' id='word_1_271' title='bbox 245 2359 416 2394; x_wconf 78' lang='lat' dir='ltr'>tamquam</span> <span class='ocrx_word' id='word_1_272' title='bbox 429 2347 608 2393; x_wconf 85' lang='lat' dir='ltr'>degradato</span> <span class='ocrx_word' id='word_1_273' title='bbox 623 2370 636 2387; x_wconf 93' lang='lat'>,</span> <span class='ocrx_word' id='word_1_274' title='bbox 661 2344 927 2389; x_wconf 86' lang='lat' dir='ltr'>superordinetur</span> <span class='ocrx_word' id='word_1_275' title='bbox 941 2345 1144 2387; x_wconf 88' lang='lat' dir='ltr'>Episcopus,</span> <span class='ocrx_word' id='word_1_276' title='bbox 1186 2353 1188 2355; x_wconf 65' lang='grc'><strong><em>’</em></strong></span> 
     </span>
    </p>
   </div>
   <div class='ocr_carea' id='block_1_8' title="bbox 1145 2348 1170 3114">
    <p class='ocr_par' dir='ltr' id='par_1_10' title="bbox 1145 2348 1170 3114">
     <span class='ocr_line' id='line_1_42' title="bbox 1153 2348 1169 2524; baseline 0 0"><span class='ocrx_word' id='word_1_277' title='bbox 1153 2348 1169 2524; x_wconf 95' lang='lat' dir='ltr'>  </span> 
     </span>
     <span class='ocr_line' id='line_1_43' title="bbox 1154 2524 1170 2719; baseline 0 -151"><span class='ocrx_word' id='word_1_278' title='bbox 1154 2524 1170 2719; x_wconf 95' lang='lat' dir='ltr'>     </span> 
     </span>
     <span class='ocr_line' id='line_1_44' title="bbox 1147 2719 1170 2918; baseline 0 -61"><span class='ocrx_word' id='word_1_279' title='bbox 1147 2719 1170 2918; x_wconf 95' lang='lat' dir='ltr'>   </span> 
     </span>
     <span class='ocr_line' id='line_1_45' title="bbox 1145 2918 1170 2968; baseline 0 762"><span class='ocrx_word' id='word_1_280' title='bbox 1145 2918 1170 2968; x_wconf 95' lang='lat' dir='ltr'> </span> 
     </span>
     <span class='ocr_line' id='line_1_46' title="bbox 1153 2968 1169 3114; baseline 0 -93"><span class='ocrx_word' id='word_1_281' title='bbox 1153 2968 1169 3114; x_wconf 95' lang='lat' dir='ltr'>  </span> 
     </span>
    </p>
   </div>
   <div class='ocr_carea' id='block_1_9' title="bbox 245 2393 1145 3136">
    <p class='ocr_par' dir='ltr' id='par_1_11' title="bbox 245 2393 1145 3136">
     <span class='ocr_line' id='line_1_47' title="bbox 245 2393 1145 2443; baseline -0.008 -8"><span class='ocrx_word' id='word_1_282' title='bbox 245 2410 345 2443; x_wconf 83' lang='lat' dir='ltr'>atque</span> <span class='ocrx_word' id='word_1_283' title='bbox 358 2400 404 2434; x_wconf 91' lang='lat' dir='ltr'>ita</span> <span class='ocrx_word' id='word_1_284' title='bbox 416 2409 486 2434; x_wconf 88' lang='lat' dir='ltr'>non</span> <span class='ocrx_word' id='word_1_285' title='bbox 501 2396 671 2433; x_wconf 87' lang='lat' dir='ltr'>suscitetur</span> <span class='ocrx_word' id='word_1_286' title='bbox 682 2393 819 2430; x_wconf 87' lang='lat' dir='ltr'>schisma</span> <span class='ocrx_word' id='word_1_287' title='bbox 831 2419 842 2437; x_wconf 92' lang='lat'>,</span> <span class='ocrx_word' id='word_1_288' title='bbox 870 2395 923 2428; x_wconf 89' lang='lat' dir='ltr'>seu</span> <span class='ocrx_word' id='word_1_289' title='bbox 945 2393 1145 2436; x_wconf 87' lang='lat' dir='ltr'>Para-Syna·</span> 
     </span>
     <span class='ocr_line' id='line_1_48' title="bbox 245 2442 1145 2497; baseline -0.008 -12"><span class='ocrx_word' id='word_1_290' title='bbox 245 2461 336 2497; x_wconf 86' lang='lat' dir='ltr'>goga</span> <span class='ocrx_word' id='word_1_291' title='bbox 359 2449 394 2483; x_wconf 90' lang='lat' dir='ltr'>in</span> <span class='ocrx_word' id='word_1_292' title='bbox 419 2447 533 2492; x_wconf 60' lang='lat' dir='ltr'>Regias</span> <span class='ocrx_word' id='word_1_293' title='bbox 542 2446 687 2485; x_wconf 82' lang='lat' dir='ltr'>civitatis</span> <span class='ocrx_word' id='word_1_294' title='bbox 706 2444 851 2482; x_wconf 74' lang='lat' dir='ltr'>Ecclesia</span> <span class='ocrx_word' id='word_1_295' title='bbox 863 2468 870 2476; x_wconf 89' lang='lat'><strong>.</strong></span> <span class='ocrx_word' id='word_1_296' title='bbox 899 2443 1034 2477; x_wconf 89' lang='lat' dir='ltr'>Certam</span> <span class='ocrx_word' id='word_1_297' title='bbox 1047 2442 1145 2486; x_wconf 81' lang='lat' dir='ltr'>hujus</span> 
     </span>
     <span class='ocr_line' id='line_1_49' title="bbox 247 2493 1143 2543; baseline -0.01 -7"><span class='ocrx_word' id='word_1_298' title='bbox 247 2501 328 2536; x_wconf 88' lang='lat' dir='ltr'>mali</span> <span class='ocrx_word' id='word_1_299' title='bbox 351 2498 515 2543; x_wconf 86' lang='lat' dir='ltr'>sequelam</span> <span class='ocrx_word' id='word_1_300' title='bbox 540 2496 641 2540; x_wconf 89' lang='lat' dir='ltr'>pleno</span> <span class='ocrx_word' id='word_1_301' title='bbox 664 2496 790 2539; x_wconf 89' lang='lat' dir='ltr'>impetu</span> <span class='ocrx_word' id='word_1_302' title='bbox 812 2503 930 2538; x_wconf 89' lang='lat' dir='ltr'>urgent</span> <span class='ocrx_word' id='word_1_303' title='bbox 944 2493 1143 2528; x_wconf 86' lang='lat' dir='ltr'>Contestan-</span> 
     </span>
     <span class='ocr_line' id='line_1_50' title="bbox 246 2543 1138 2587; baseline -0.012 -2"><span class='ocrx_word' id='word_1_304' title='bbox 246 2561 297 2587; x_wconf 83' lang='lat' dir='ltr'>tes</span> <span class='ocrx_word' id='word_1_305' title='bbox 309 2564 320 2584; x_wconf 89' lang='lat'>.·</span> <span class='ocrx_word' id='word_1_306' title='bbox 348 2546 606 2583; x_wconf 70' lang='lat' dir='ltr'>pertinacissime</span> <span class='ocrx_word' id='word_1_307' title='bbox 629 2546 721 2579; x_wconf 78' lang='lat' dir='ltr'>enim</span> <span class='ocrx_word' id='word_1_308' title='bbox 747 2545 967 2587; x_wconf 82' lang='lat' dir='ltr'>protestantur</span> <span class='ocrx_word' id='word_1_309' title='bbox 993 2543 1024 2576; x_wconf 89' lang='lat' dir='ltr'>se</span> <span class='ocrx_word' id='word_1_310' title='bbox 1048 2554 1138 2578; x_wconf 86' lang='lat' dir='ltr'>novo</span> 
     </span>
     <span class='ocr_line' id='line_1_51' title="bbox 248 2591 1143 2645; baseline -0.009 -10"><span class='ocrx_word' id='word_1_311' title='bbox 248 2601 420 2645; x_wconf 84' lang='lat' dir='ltr'>Episcopo</span> <span class='ocrx_word' id='word_1_312' title='bbox 442 2606 612 2639; x_wconf 88' lang='lat' dir='ltr'>nunquam</span> <span class='ocrx_word' id='word_1_313' title='bbox 625 2618 636 2634; x_wconf 90' lang='lat'>‚</span> <span class='ocrx_word' id='word_1_314' title='bbox 662 2593 717 2629; x_wconf 90' lang='lat' dir='ltr'>sed</span> <span class='ocrx_word' id='word_1_315' title='bbox 747 2593 861 2638; x_wconf 76' lang='lat' dir='ltr'>inique</span> <span class='ocrx_word' id='word_1_316' title='bbox 879 2591 1060 2637; x_wconf 82' lang='lat' dir='ltr'>degradato</span> <span class='ocrx_word' id='word_1_317' title='bbox 1076 2593 1143 2627; x_wconf 89' lang='lat' dir='ltr'>Ne-</span> 
     </span>
     <span class='ocr_line' id='line_1_52' title="bbox 248 2642 1144 2689; baseline -0.007 -5"><span class='ocrx_word' id='word_1_318' title='bbox 248 2650 355 2684; x_wconf 82' lang='lat' dir='ltr'>storio</span> <span class='ocrx_word' id='word_1_319' title='bbox 379 2649 503 2689; x_wconf 87' lang='lat' dir='ltr'>semper</span> <span class='ocrx_word' id='word_1_320' title='bbox 525 2644 850 2682; x_wconf 82' lang='lat' dir='ltr'>communicaturos.</span> <span class='ocrx_word' id='word_1_321' title='bbox 878 2642 927 2675; x_wconf 89' lang='lat' dir='ltr'>lta</span> <span class='ocrx_word' id='word_1_322' title='bbox 938 2652 1077 2677; x_wconf 87' lang='lat' dir='ltr'>conatur</span> <span class='ocrx_word' id='word_1_323' title='bbox 1086 2644 1144 2678; x_wconf 89' lang='lat' dir='ltr'>suo</span> 
     </span>
     <span class='ocr_line' id='line_1_53' title="bbox 250 2691 969 2741; baseline -0.013 -8"><span class='ocrx_word' id='word_1_324' title='bbox 250 2698 389 2737; x_wconf 75' lang='lat' dir='ltr'>Amafio</span> <span class='ocrx_word' id='word_1_325' title='bbox 401 2705 531 2741; x_wconf 85' lang='lat' dir='ltr'>portam</span> <span class='ocrx_word' id='word_1_326' title='bbox 543 2695 699 2738; x_wconf 71' lang='lat' dir='ltr'>regressus</span> <span class='ocrx_word' id='word_1_327' title='bbox 718 2703 786 2726; x_wconf 88' lang='lat' dir='ltr'>non</span> <span class='ocrx_word' id='word_1_328' title='bbox 798 2691 949 2727; x_wconf 85' lang='lat' dir='ltr'>claudere</span> <span class='ocrx_word' id='word_1_329' title='bbox 961 2717 969 2724; x_wconf 95' lang='lat'><strong>.</strong></span> 
     </span>
     <span class='ocr_line' id='line_1_54' title="bbox 303 2741 1144 2785; baseline -0.007 -3"><span class='ocrx_word' id='word_1_330' title='bbox 303 2746 514 2783; x_wconf 88' lang='lat' dir='ltr'>Contestatio</span> <span class='ocrx_word' id='word_1_331' title='bbox 525 2744 629 2779; x_wconf 82' lang='lat' dir='ltr'>exstat</span> <span class='ocrx_word' id='word_1_332' title='bbox 642 2744 676 2777; x_wconf 91' lang='lat' dir='ltr'>in</span> <span class='ocrx_word' id='word_1_333' title='bbox 692 2743 783 2777; x_wconf 68' lang='lat' dir='ltr'>Astis</span> <span class='ocrx_word' id='word_1_334' title='bbox 795 2741 1017 2785; x_wconf 84' lang='lat' dir='ltr'>Synodalibus</span> <span class='ocrx_word' id='word_1_335' title='bbox 1029 2766 1041 2783; x_wconf 92' lang='lat'>‚</span> <span class='ocrx_word' id='word_1_336' title='bbox 1067 2750 1144 2778; x_wconf 88' lang='lat' dir='ltr'>atta-</span> 
     </span>
     <span class='ocr_line' id='line_1_55' title="bbox 252 2793 1145 2836; baseline -0.009 -2"><span class='ocrx_word' id='word_1_337' title='bbox 252 2810 331 2836; x_wconf 74' lang='lat' dir='ltr'>men</span> <span class='ocrx_word' id='word_1_338' title='bbox 343 2798 411 2831; x_wconf 87' lang='lat' dir='ltr'>sine</span> <span class='ocrx_word' id='word_1_339' title='bbox 419 2794 559 2831; x_wconf 85' lang='lat' dir='ltr'>Titulo.</span> <span class='ocrx_word' id='word_1_340' title='bbox 588 2793 782 2828; x_wconf 85' lang='lat' dir='ltr'>Caffinenfis</span> <span class='ocrx_word' id='word_1_341' title='bbox 792 2793 929 2827; x_wconf 87' lang='lat' dir='ltr'>Titulus</span> <span class='ocrx_word' id='word_1_342' title='bbox 937 2793 982 2827; x_wconf 87' lang='lat' dir='ltr'>est</span> <span class='ocrx_word' id='word_1_343' title='bbox 996 2803 1064 2827; x_wconf 90' lang='lat' dir='ltr'>non</span> <span class='ocrx_word' id='word_1_344' title='bbox 1075 2803 1145 2836; x_wconf 89' lang='lat' dir='ltr'>par-</span> 
     </span>
     <span class='ocr_line' id='line_1_56' title="bbox 252 2843 1143 2893; baseline -0.01 -9"><span class='ocrx_word' id='word_1_345' title='bbox 252 2849 287 2884; x_wconf 83' lang='lat' dir='ltr'>vi</span> <span class='ocrx_word' id='word_1_346' title='bbox 299 2846 476 2893; x_wconf 85' lang='lat' dir='ltr'>ponderis,</span> <span class='ocrx_word' id='word_1_347' title='bbox 502 2845 556 2880; x_wconf 89' lang='lat' dir='ltr'>sed</span> <span class='ocrx_word' id='word_1_348' title='bbox 566 2844 720 2880; x_wconf 89' lang='lat' dir='ltr'>mutilus.</span> <span class='ocrx_word' id='word_1_349' title='bbox 747 2843 876 2878; x_wconf 90' lang='lat' dir='ltr'>Desunt</span> <span class='ocrx_word' id='word_1_350' title='bbox 895 2854 1004 2886; x_wconf 83' lang='lat' dir='ltr'>paucae</span> <span class='ocrx_word' id='word_1_351' title='bbox 1026 2853 1143 2877; x_wconf 85' lang='lat' dir='ltr'>voces.</span> 
     </span>
     <span class='ocr_line' id='line_1_57' title="bbox 254 2892 1123 2942; baseline -0.009 -7"><span class='ocrx_word' id='word_1_352' title='bbox 254 2900 401 2938; x_wconf 77' lang='lat' dir='ltr'>Forsitan</span> <span class='ocrx_word' id='word_1_353' title='bbox 423 2898 464 2932; x_wconf 87' lang='lat' dir='ltr'>sic</span> <span class='ocrx_word' id='word_1_354' title='bbox 476 2896 595 2942; x_wconf 87' lang='lat' dir='ltr'>poffint</span> <span class='ocrx_word' id='word_1_355' title='bbox 606 2893 768 2938; x_wconf 79' lang='lat' dir='ltr'>suppleri:</span> <span class='ocrx_word' id='word_1_356' title='bbox 795 2892 972 2932; x_wconf 82' lang='lat' dir='ltr'>Contestatio</span> <span class='ocrx_word' id='word_1_357' title='bbox 990 2892 1123 2936; x_wconf 81' lang='lat' dir='ltr'>secunda</span> 
     </span>
     <span class='ocr_line' id='line_1_58' title="bbox 254 2943 1145 2995; baseline -0.01 -11"><span class='ocrx_word' id='word_1_358' title='bbox 254 2962 346 2994; x_wconf 79' lang='lat' dir='ltr'>quam</span> <span class='ocrx_word' id='word_1_359' title='bbox 351 2953 384 2995; x_wconf 88' lang='lat' dir='ltr'><strong><em>J</em></strong></span> <span class='ocrx_word' id='word_1_360' title='bbox 385 2959 495 2983; x_wconf 84' lang='lat' dir='ltr'>oannes</span> <span class='ocrx_word' id='word_1_361' title='bbox 507 2944 717 2985; x_wconf 67' lang='lat' dir='ltr'>antiochenus,</span> <span class='ocrx_word' id='word_1_362' title='bbox 730 2945 765 2982; x_wconf 62' lang='lat' dir='ltr'>et</span> <span class='ocrx_word' id='word_1_363' title='bbox 775 2944 883 2986; x_wconf 80' lang='lat' dir='ltr'>reliqui</span> <span class='ocrx_word' id='word_1_364' title='bbox 897 2966 907 2983; x_wconf 91' lang='lat'><strong>,</strong></span> <span class='ocrx_word' id='word_1_365' title='bbox 914 2950 968 2985; x_wconf 85' lang='lat' dir='ltr'>per</span> <span class='ocrx_word' id='word_1_366' title='bbox 974 2943 1050 2986; x_wconf 87' lang='lat' dir='ltr'>suas</span> <span class='ocrx_word' id='word_1_367' title='bbox 1061 2955 1095 2977; x_wconf 89' lang='lat' dir='ltr'>ac</span> <span class='ocrx_word' id='word_1_368' title='bbox 1105 2952 1145 2976; x_wconf 89' lang='lat' dir='ltr'>to-</span> 
     </span>
     <span class='ocr_line' id='line_1_59' title="bbox 255 2992 1145 3041; baseline -0.009 -6"><span class='ocrx_word' id='word_1_369' title='bbox 255 3006 318 3035; x_wconf 74' lang='lat' dir='ltr'>tius</span> <span class='ocrx_word' id='word_1_370' title='bbox 328 3001 432 3040; x_wconf 70' lang='lat' dir='ltr'>synodi</span> <span class='ocrx_word' id='word_1_371' title='bbox 445 3023 457 3040; x_wconf 93' lang='lat'>‚</span> <span class='ocrx_word' id='word_1_372' title='bbox 475 3000 497 3031; x_wconf 78' lang='grc' dir='ltr'><em>ἃ</em></span> <span class='ocrx_word' id='word_1_373' title='bbox 507 3009 568 3041; x_wconf 85' lang='lat' dir='ltr'>qua</span> <span class='ocrx_word' id='word_1_374' title='bbox 578 2993 759 3039; x_wconf 63' lang='lat' dir='ltr'>diredi&#39;isunt</span> <span class='ocrx_word' id='word_1_375' title='bbox 768 3018 780 3035; x_wconf 92' lang='lat'>,</span> <span class='ocrx_word' id='word_1_376' title='bbox 807 2997 984 3035; x_wconf 77' lang='lat' dir='ltr'>Imperatori</span> <span class='ocrx_word' id='word_1_377' title='bbox 994 2992 1145 3034; x_wconf 84' lang='lat' dir='ltr'>Theodofio</span> 
     </span>
     <span class='ocr_line' id='line_1_60' title="bbox 256 3042 1142 3092; baseline -0.005 -10"><span class='ocrx_word' id='word_1_378' title='bbox 256 3051 300 3082; x_wconf 81' lang='lat' dir='ltr'>ad</span> <span class='ocrx_word' id='word_1_379' title='bbox 309 3048 591 3091; x_wconf 82' lang='lat' dir='ltr'>constantinopolim</span> <span class='ocrx_word' id='word_1_380' title='bbox 601 3048 738 3081; x_wconf 82' lang='lat' dir='ltr'>direxere</span> <span class='ocrx_word' id='word_1_381' title='bbox 742 3042 887 3092; x_wconf 72' lang='lat' dir='ltr'>personas</span> <span class='ocrx_word' id='word_1_382' title='bbox 902 3068 910 3076; x_wconf 90' lang='lat'><strong><em>.</em></strong></span> <span class='ocrx_word' id='word_1_383' title='bbox 937 3042 987 3078; x_wconf 89' lang='lat' dir='ltr'>Ita</span> <span class='ocrx_word' id='word_1_384' title='bbox 1007 3044 1142 3078; x_wconf 86' lang='lat' dir='ltr'>suadent</span> 
     </span>
     <span class='ocr_line' id='line_1_61' title="bbox 254 3095 1143 3136; baseline -0.009 -2"><span class='ocrx_word' id='word_1_385' title='bbox 254 3098 397 3134; x_wconf 86' lang='lat' dir='ltr'>initialia</span> <span class='ocrx_word' id='word_1_386' title='bbox 407 3097 671 3134; x_wconf 75' lang='lat' dir='ltr'>contestationis</span> <span class='ocrx_word' id='word_1_387' title='bbox 682 3095 794 3131; x_wconf 80' lang='lat' dir='ltr'>verba:</span> <span class='ocrx_word' id='word_1_388' title='bbox 806 3095 892 3136; x_wconf 61' lang='lat' dir='ltr'>Saepe*</span> <span class='ocrx_word' id='word_1_389' title='bbox 906 3105 1025 3127; x_wconf 87' lang='lat' dir='ltr'>numero</span> <span class='ocrx_word' id='word_1_390' title='bbox 1036 3097 1143 3127; x_wconf 78' lang='lat' dir='ltr'>Pieta-</span> 
     </span>
    </p>
   </div>
   <div class='ocr_carea' id='block_1_10' title="bbox 1184 286 2104 2587">
    <p class='ocr_par' dir='ltr' id='par_1_12' title="bbox 1184 286 2104 2336">
     <span class='ocr_line' id='line_1_62' title="bbox 1225 286 2102 337; baseline 0.009 -17"><span class='ocrx_word' id='word_1_391' title='bbox 1225 286 1340 321; x_wconf 72' lang='lat' dir='ltr'>nifeste</span> <span class='ocrx_word' id='word_1_392' title='bbox 1362 290 1512 331; x_wconf 84' lang='lat' dir='ltr'>praevalet</span> <span class='ocrx_word' id='word_1_393' title='bbox 1534 313 1545 329; x_wconf 92' lang='lat'>‚</span> <span class='ocrx_word' id='word_1_394' title='bbox 1571 292 1708 334; x_wconf 85' lang='lat' dir='ltr'>ideoque</span> <span class='ocrx_word' id='word_1_395' title='bbox 1742 303 1812 326; x_wconf 90' lang='lat' dir='ltr'>non</span> <span class='ocrx_word' id='word_1_396' title='bbox 1832 293 1894 326; x_wconf 85' lang='lat' dir='ltr'>fuit</span> <span class='ocrx_word' id='word_1_397' title='bbox 1916 294 2102 337; x_wconf 85' lang='lat' dir='ltr'>praetermit-</span> 
     </span>
     <span class='ocr_line' id='line_1_63' title="bbox 1224 338 2103 390; baseline 0.008 -19"><span class='ocrx_word' id='word_1_398' title='bbox 1224 338 1321 372; x_wconf 87' lang='lat' dir='ltr'>tenda</span> <span class='ocrx_word' id='word_1_399' title='bbox 1335 363 1343 371; x_wconf 92' lang='lat'>.</span> <span class='ocrx_word' id='word_1_400' title='bbox 1370 338 1423 372; x_wconf 90' lang='lat' dir='ltr'>En</span> <span class='ocrx_word' id='word_1_401' title='bbox 1437 339 1578 382; x_wconf 87' lang='lat' dir='ltr'>primum</span> <span class='ocrx_word' id='word_1_402' title='bbox 1589 339 1699 374; x_wconf 87' lang='lat' dir='ltr'>locum</span> <span class='ocrx_word' id='word_1_403' title='bbox 1709 354 1721 376; x_wconf 87' lang='lat'>‚·</span> <span class='ocrx_word' id='word_1_404' title='bbox 1747 343 1842 384; x_wconf 68' lang='lat' dir='ltr'>‚Quod</span> <span class='ocrx_word' id='word_1_405' title='bbox 1849 341 1936 377; x_wconf 58' lang='lat' dir='ltr'>reiffae</span> <span class='ocrx_word' id='word_1_406' title='bbox 1943 344 2016 386; x_wconf 84' lang='lat' dir='ltr'>fidei</span> <span class='ocrx_word' id='word_1_407' title='bbox 2033 346 2103 390; x_wconf 88' lang='lat' dir='ltr'>dog·</span> 
     </span>
     <span class='ocr_line' id='line_1_64' title="bbox 1222 388 2102 436; baseline 0.011 -17"><span class='ocrx_word' id='word_1_408' title='bbox 1222 400 1272 420; x_wconf 88' lang='lat' dir='ltr'>ma</span> <span class='ocrx_word' id='word_1_409' title='bbox 1280 394 1459 431; x_wconf 73' lang='lat' dir='ltr'>corruptioni</span> <span class='ocrx_word' id='word_1_410' title='bbox 1469 389 1624 422; x_wconf 81' lang='lat' dir='ltr'>obnoxium</span> <span class='ocrx_word' id='word_1_411' title='bbox 1635 388 1866 426; x_wconf 76' lang='lat' dir='ltr'>videatur-Vox</span> <span class='ocrx_word' id='word_1_412' title='bbox 1877 393 2102 436; x_wconf 69' lang='lat' dir='ltr'>adiestiva,0b·</span> 
     </span>
     <span class='ocr_line' id='line_1_65' title="bbox 1222 438 2101 483; baseline 0.013 -13"><span class='ocrx_word' id='word_1_413' title='bbox 1222 443 1351 478; x_wconf 78' lang='lat' dir='ltr'>noxium,</span> <span class='ocrx_word' id='word_1_414' title='bbox 1360 440 1515 483; x_wconf 82' lang='lat' dir='ltr'>importat</span> <span class='ocrx_word' id='word_1_415' title='bbox 1530 440 1576 473; x_wconf 89' lang='lat' dir='ltr'>sui</span> <span class='ocrx_word' id='word_1_416' title='bbox 1591 439 1781 474; x_wconf 85' lang='lat' dir='ltr'>substantivi</span> <span class='ocrx_word' id='word_1_417' title='bbox 1794 438 1998 478; x_wconf 86' lang='lat' dir='ltr'>intrinsecam</span> <span class='ocrx_word' id='word_1_418' title='bbox 2010 446 2101 481; x_wconf 86' lang='lat' dir='ltr'>infir-</span> 
     </span>
     <span class='ocr_line' id='line_1_66' title="bbox 1222 488 2099 537; baseline 0.006 -15"><span class='ocrx_word' id='word_1_419' title='bbox 1222 489 1370 523; x_wconf 85' lang='lat' dir='ltr'>mitatem</span> <span class='ocrx_word' id='word_1_420' title='bbox 1378 504 1391 527; x_wconf 71' lang='grc'>,.·</span> <span class='ocrx_word' id='word_1_421' title='bbox 1403 488 1642 524; x_wconf 84' lang='lat' dir='ltr'>Alieniffimam</span> <span class='ocrx_word' id='word_1_422' title='bbox 1658 489 1700 524; x_wconf 95' lang='lat' dir='ltr'>ab</span> <span class='ocrx_word' id='word_1_423' title='bbox 1714 489 1918 535; x_wconf 86' lang='lat' dir='ltr'>Evangelico</span> <span class='ocrx_word' id='word_1_424' title='bbox 1927 492 2099 537; x_wconf 83' lang='lat' dir='ltr'>dogmate.</span> 
     </span>
     <span class='ocr_line' id='line_1_67' title="bbox 1220 538 2102 585; baseline 0.006 -13"><span class='ocrx_word' id='word_1_425' title='bbox 1220 538 1352 578; x_wconf 64' lang='lat' dir='ltr'>Restius</span> <span class='ocrx_word' id='word_1_426' title='bbox 1361 552 1441 585; x_wconf 85' lang='lat' dir='ltr'>ergo</span> <span class='ocrx_word' id='word_1_427' title='bbox 1454 540 1649 576; x_wconf 81' lang='lat' dir='ltr'>Caffinenfis</span> <span class='ocrx_word' id='word_1_428' title='bbox 1661 539 1778 574; x_wconf 87' lang='lat' dir='ltr'>Codex</span> <span class='ocrx_word' id='word_1_429' title='bbox 1789 565 1797 573; x_wconf 92' lang='lat'><em>.</em></span> <span class='ocrx_word' id='word_1_430' title='bbox 1823 542 1910 584; x_wconf 69' lang='lat' dir='ltr'>,Quia</span> <span class='ocrx_word' id='word_1_431' title='bbox 1917 547 2102 584; x_wconf 67' lang='lat' dir='ltr'>periclitatur</span> 
     </span>
     <span class='ocr_line' id='line_1_68' title="bbox 1219 589 2100 639; baseline 0.011 -18"><span class='ocrx_word' id='word_1_432' title='bbox 1219 589 1307 626; x_wconf 71' lang='lat' dir='ltr'>reo‘lae</span> <span class='ocrx_word' id='word_1_433' title='bbox 1323 591 1428 635; x_wconf 86' lang='lat' dir='ltr'>gloriae</span> <span class='ocrx_word' id='word_1_434' title='bbox 1449 593 1556 636; x_wconf 76' lang='lat' dir='ltr'>dogma</span> <span class='ocrx_word' id='word_1_435' title='bbox 1580 596 1727 633; x_wconf 83' lang='lat' dir='ltr'>corrumpi</span> <span class='ocrx_word' id='word_1_436' title='bbox 1746 616 1752 623; x_wconf 95' lang='lat'>.</span> <span class='ocrx_word' id='word_1_437' title='bbox 1780 590 1913 635; x_wconf 90' lang='lat' dir='ltr'>Utique</span> <span class='ocrx_word' id='word_1_438' title='bbox 1935 594 1954 628; x_wconf 73' lang='lat' dir='ltr'>a</span> <span class='ocrx_word' id='word_1_439' title='bbox 1978 594 2100 639; x_wconf 87' lang='lat' dir='ltr'>Cyrilli</span> 
     </span>
     <span class='ocr_line' id='line_1_69' title="bbox 1219 640 2102 683; baseline 0.01 -11"><span class='ocrx_word' id='word_1_440' title='bbox 1219 640 1384 683; x_wconf 87' lang='lat' dir='ltr'>Capitulis</span> <span class='ocrx_word' id='word_1_441' title='bbox 1399 666 1407 673; x_wconf 91' lang='lat'><strong>.</strong></span> <span class='ocrx_word' id='word_1_442' title='bbox 1438 643 1490 676; x_wconf 90' lang='lat' dir='ltr'>En</span> <span class='ocrx_word' id='word_1_443' title='bbox 1514 642 1652 676; x_wconf 85' lang='lat' dir='ltr'>alterum</span> <span class='ocrx_word' id='word_1_444' title='bbox 1686 643 1820 676; x_wconf 69' lang='lat' dir='ltr'>locum.-</span> <span class='ocrx_word' id='word_1_445' title='bbox 1846 645 1992 678; x_wconf 79' lang='lat' dir='ltr'>Nondum</span> <span class='ocrx_word' id='word_1_446' title='bbox 2011 652 2102 681; x_wconf 85' lang='lat' dir='ltr'>omni-</span> 
     </span>
     <span class='ocr_line' id='line_1_70' title="bbox 1217 689 2100 738; baseline 0.01 -16"><span class='ocrx_word' id='word_1_447' title='bbox 1217 689 1273 723; x_wconf 85' lang='lat' dir='ltr'>bus</span> <span class='ocrx_word' id='word_1_448' title='bbox 1281 690 1480 734; x_wconf 75' lang='lat' dir='ltr'>praesentibus</span> <span class='ocrx_word' id='word_1_449' title='bbox 1491 699 1661 727; x_wconf 84' lang='lat' dir='ltr'>convocatis</span> <span class='ocrx_word' id='word_1_450' title='bbox 1672 691 1831 735; x_wconf 81' lang='lat' dir='ltr'>Episcopis</span> <span class='ocrx_word' id='word_1_451' title='bbox 1839 717 1850 733; x_wconf 88' lang='lat'><strong>,</strong></span> <span class='ocrx_word' id='word_1_452' title='bbox 1876 700 1898 727; x_wconf 84' lang='lat' dir='ltr'>ii</span> <span class='ocrx_word' id='word_1_453' title='bbox 1906 700 1959 738; x_wconf 84' lang='lat' dir='ltr'>qui</span> <span class='ocrx_word' id='word_1_454' title='bbox 1965 703 2100 738; x_wconf 83' lang='lat' dir='ltr'>particu-</span> 
     </span>
     <span class='ocr_line' id='line_1_71' title="bbox 1215 741 2098 789; baseline 0.01 -17"><span class='ocrx_word' id='word_1_455' title='bbox 1215 741 1278 774; x_wconf 84' lang='lat' dir='ltr'>lare</span> <span class='ocrx_word' id='word_1_456' title='bbox 1299 744 1463 775; x_wconf 77' lang='lat' dir='ltr'>Concilium</span> <span class='ocrx_word' id='word_1_457' title='bbox 1478 742 1647 777; x_wconf 83' lang='lat' dir='ltr'>babuerunt</span> <span class='ocrx_word' id='word_1_458' title='bbox 1669 768 1680 784; x_wconf 89' lang='lat'>‚</span> <span class='ocrx_word' id='word_1_459' title='bbox 1709 748 1857 777; x_wconf 79' lang='lat' dir='ltr'>Haeretica</span> <span class='ocrx_word' id='word_1_460' title='bbox 1882 745 1937 778; x_wconf 82' lang='lat' dir='ltr'>illa</span> <span class='ocrx_word' id='word_1_461' title='bbox 1956 750 2098 789; x_wconf 83' lang='lat' dir='ltr'>Capita,</span> 
     </span>
     <span class='ocr_line' id='line_1_72' title="bbox 1215 795 2098 837; baseline 0.009 -14"><span class='ocrx_word' id='word_1_462' title='bbox 1215 802 1281 833; x_wconf 82' lang='lat' dir='ltr'>quae</span> <span class='ocrx_word' id='word_1_463' title='bbox 1292 802 1357 825; x_wconf 90' lang='lat' dir='ltr'>cum</span> <span class='ocrx_word' id='word_1_464' title='bbox 1370 796 1448 832; x_wconf 78' lang='lat' dir='ltr'>Arii,</span> <span class='ocrx_word' id='word_1_465' title='bbox 1462 795 1606 827; x_wconf 82' lang='lat' dir='ltr'>Eunomii</span> <span class='ocrx_word' id='word_1_466' title='bbox 1616 818 1627 834; x_wconf 93' lang='lat'><strong>,</strong></span> <span class='ocrx_word' id='word_1_467' title='bbox 1640 795 1675 828; x_wconf 63' lang='lat' dir='ltr'>&lt;it</span> <span class='ocrx_word' id='word_1_468' title='bbox 1686 795 1862 836; x_wconf 71' lang='lat' dir='ltr'>apollinarii</span> <span class='ocrx_word' id='word_1_469' title='bbox 1872 801 2027 837; x_wconf 82' lang='lat' dir='ltr'>impietate</span> <span class='ocrx_word' id='word_1_470' title='bbox 2035 808 2098 831; x_wconf 73' lang='lat' dir='ltr'>con-</span> 
     </span>
     <span class='ocr_line' id='line_1_73' title="bbox 1214 840 2101 885; baseline 0.008 -10"><span class='ocrx_word' id='word_1_471' title='bbox 1214 846 1342 877; x_wconf 84' lang='lat' dir='ltr'>veniunt</span> <span class='ocrx_word' id='word_1_472' title='bbox 1353 866 1364 883; x_wconf 89' lang='lat'>‚</span> <span class='ocrx_word' id='word_1_473' title='bbox 1386 840 1509 885; x_wconf 81' lang='lat' dir='ltr'>scriptis</span> <span class='ocrx_word' id='word_1_474' title='bbox 1527 848 1759 878; x_wconf 67' lang='lat' dir='ltr'>Commentariis</span> <span class='ocrx_word' id='word_1_475' title='bbox 1778 844 1968 880; x_wconf 81' lang='lat' dir='ltr'>roborarunt.</span> <span class='ocrx_word' id='word_1_476' title='bbox 1999 845 2101 881; x_wconf 79' lang='lat' dir='ltr'>Gaffi-</span> 
     </span>
     <span class='ocr_line' id='line_1_74' title="bbox 1214 892 2099 939; baseline 0.008 -14"><span class='ocrx_word' id='word_1_477' title='bbox 1214 892 1320 926; x_wconf 85' lang='lat' dir='ltr'>nensis</span> <span class='ocrx_word' id='word_1_478' title='bbox 1343 893 1514 929; x_wconf 85' lang='lat' dir='ltr'>translatio</span> <span class='ocrx_word' id='word_1_479' title='bbox 1533 893 1579 927; x_wconf 88' lang='lat' dir='ltr'>est</span> <span class='ocrx_word' id='word_1_480' title='bbox 1602 893 1705 939; x_wconf 70' lang='lat' dir='ltr'>longe</span> <span class='ocrx_word' id='word_1_481' title='bbox 1725 894 1930 930; x_wconf 69' lang='lat' dir='ltr'>distinctior:</span> <span class='ocrx_word' id='word_1_482' title='bbox 1958 899 2038 930; x_wconf 86' lang='lat' dir='ltr'>Dum</span> <span class='ocrx_word' id='word_1_483' title='bbox 2048 907 2099 932; x_wconf 85' lang='lat' dir='ltr'>nec</span> 
     </span>
     <span class='ocr_line' id='line_1_75' title="bbox 1211 942 2099 989; baseline 0.007 -15"><span class='ocrx_word' id='word_1_484' title='bbox 1211 943 1309 976; x_wconf 72' lang='lat' dir='ltr'>cunc‘li</span> <span class='ocrx_word' id='word_1_485' title='bbox 1328 942 1472 987; x_wconf 85' lang='lat' dir='ltr'>Episcopi</span> <span class='ocrx_word' id='word_1_486' title='bbox 1484 946 1684 986; x_wconf 68' lang='lat' dir='ltr'>convenissent</span> <span class='ocrx_word' id='word_1_487' title='bbox 1694 968 1706 984; x_wconf 88' lang='lat'><strong><em>,</em></strong></span> <span class='ocrx_word' id='word_1_488' title='bbox 1733 944 1915 987; x_wconf 81' lang='lat' dir='ltr'>quisuerant</span> <span class='ocrx_word' id='word_1_489' title='bbox 1924 953 2099 989; x_wconf 84' lang='lat' dir='ltr'>convocati,</span> 
     </span>
     <span class='ocr_line' id='line_1_76' title="bbox 1210 993 2095 1037; baseline 0.007 -12"><span class='ocrx_word' id='word_1_490' title='bbox 1210 993 1256 1026; x_wconf 81' lang='lat' dir='ltr'>illi</span> <span class='ocrx_word' id='word_1_491' title='bbox 1258 993 1399 1034; x_wconf 79' lang='lat' dir='ltr'>fecerunt</span> <span class='ocrx_word' id='word_1_492' title='bbox 1406 995 1593 1036; x_wconf 74' lang='lat' dir='ltr'>particulare</span> <span class='ocrx_word' id='word_1_493' title='bbox 1604 996 1767 1028; x_wconf 75' lang='lat' dir='ltr'>Concilium</span> <span class='ocrx_word' id='word_1_494' title='bbox 1779 1020 1790 1035; x_wconf 94' lang='lat'>,</span> <span class='ocrx_word' id='word_1_495' title='bbox 1816 1000 1867 1037; x_wconf 88' lang='lat' dir='ltr'>qui</span> <span class='ocrx_word' id='word_1_496' title='bbox 1888 995 2028 1031; x_wconf 86' lang='lat' dir='ltr'>haeretica</span> <span class='ocrx_word' id='word_1_497' title='bbox 2039 998 2095 1031; x_wconf 76' lang='lat' dir='ltr'>tila</span> 
     </span>
     <span class='ocr_line' id='line_1_77' title="bbox 1211 1045 2095 1090; baseline 0.009 -16"><span class='ocrx_word' id='word_1_498' title='bbox 1211 1045 1358 1084; x_wconf 79' lang='lat' dir='ltr'>eapituia</span> <span class='ocrx_word' id='word_1_499' title='bbox 1369 1068 1380 1083; x_wconf 89' lang='lat'><strong>,</strong></span> <span class='ocrx_word' id='word_1_500' title='bbox 1392 1047 1469 1086; x_wconf 72' lang='lat' dir='ltr'>Arii,</span> <span class='ocrx_word' id='word_1_501' title='bbox 1476 1046 1511 1079; x_wconf 64' lang='lat' dir='ltr'>co</span> <span class='ocrx_word' id='word_1_502' title='bbox 1522 1047 1667 1078; x_wconf 79' lang='lat' dir='ltr'>Eunomii</span> <span class='ocrx_word' id='word_1_503' title='bbox 1677 1066 1687 1083; x_wconf 92' lang='lat'>‚</span> <span class='ocrx_word' id='word_1_504' title='bbox 1712 1053 1803 1086; x_wconf 82' lang='lat' dir='ltr'>atque</span> <span class='ocrx_word' id='word_1_505' title='bbox 1814 1047 1994 1087; x_wconf 64' lang='lat' dir='ltr'>Apollinaris</span> <span class='ocrx_word' id='word_1_506' title='bbox 2007 1045 2095 1090; x_wconf 77' lang='lat' dir='ltr'>vesa-</span> 
     </span>
     <span class='ocr_line' id='line_1_78' title="bbox 1210 1091 2098 1138; baseline 0.009 -14"><span class='ocrx_word' id='word_1_507' title='bbox 1210 1096 1268 1125; x_wconf 84' lang='lat' dir='ltr'>niae</span> <span class='ocrx_word' id='word_1_508' title='bbox 1278 1092 1403 1136; x_wconf 86' lang='lat' dir='ltr'>consona</span> <span class='ocrx_word' id='word_1_509' title='bbox 1413 1091 1430 1134; x_wconf 48' lang='lat'>,⁴</span> <span class='ocrx_word' id='word_1_510' title='bbox 1450 1099 1529 1127; x_wconf 77' lang='lat' dir='ltr'>inter</span> <span class='ocrx_word' id='word_1_511' title='bbox 1540 1093 1648 1133; x_wconf 79' lang='lat' dir='ltr'>Gesta,</span> <span class='ocrx_word' id='word_1_512' title='bbox 1673 1105 1742 1136; x_wconf 81' lang='lat' dir='ltr'>quae</span> <span class='ocrx_word' id='word_1_513' title='bbox 1751 1100 1784 1127; x_wconf 77' lang='lat' dir='ltr'>in</span> <span class='ocrx_word' id='word_1_514' title='bbox 1795 1095 1909 1137; x_wconf 70' lang='lat' dir='ltr'>scripto</span> <span class='ocrx_word' id='word_1_515' title='bbox 1918 1095 1991 1138; x_wconf 87' lang='lat' dir='ltr'>sunt</span> <span class='ocrx_word' id='word_1_516' title='bbox 2013 1095 2098 1132; x_wconf 50' lang='lat' dir='ltr'>hab*</span> 
     </span>
     <span class='ocr_line' id='line_1_79' title="bbox 1207 1141 2097 1189; baseline 0.011 -17"><span class='ocrx_word' id='word_1_517' title='bbox 1207 1149 1261 1183; x_wconf 86' lang='lat' dir='ltr'>ta,</span> <span class='ocrx_word' id='word_1_518' title='bbox 1283 1141 1505 1184; x_wconf 82' lang='lat' dir='ltr'>firmaverunt.</span> <span class='ocrx_word' id='word_1_519' title='bbox 1532 1142 1659 1178; x_wconf 69' lang='lat' dir='ltr'>Denuo</span> <span class='ocrx_word' id='word_1_520' title='bbox 1671 1152 1800 1184; x_wconf 87' lang='lat' dir='ltr'>errant,</span> <span class='ocrx_word' id='word_1_521' title='bbox 1825 1145 1916 1187; x_wconf 90' lang='lat' dir='ltr'>quod</span> <span class='ocrx_word' id='word_1_522' title='bbox 1931 1144 2097 1189; x_wconf 74' lang='lat' dir='ltr'>Ephefina</span> 
     </span>
     <span class='ocr_line' id='line_1_80' title="bbox 1207 1192 2100 1237; baseline 0.004 -12"><span class='ocrx_word' id='word_1_523' title='bbox 1207 1192 1364 1234; x_wconf 89' lang='lat' dir='ltr'>Synodus</span> <span class='ocrx_word' id='word_1_524' title='bbox 1388 1192 1508 1236; x_wconf 89' lang='lat' dir='ltr'>Cyrilli</span> <span class='ocrx_word' id='word_1_525' title='bbox 1528 1192 1684 1237; x_wconf 83' lang='lat' dir='ltr'>Capitula</span> <span class='ocrx_word' id='word_1_526' title='bbox 1696 1194 1920 1236; x_wconf 86' lang='lat' dir='ltr'>canonizarit‚</span> <span class='ocrx_word' id='word_1_527' title='bbox 1946 1195 2100 1232; x_wconf 80' lang='lat' dir='ltr'>&amp;firma-</span> 
     </span>
     <span class='ocr_line' id='line_1_81' title="bbox 1208 1242 2099 1289; baseline 0.008 -15"><span class='ocrx_word' id='word_1_528' title='bbox 1208 1242 1249 1276; x_wconf 89' lang='lat' dir='ltr'>rit</span> <span class='ocrx_word' id='word_1_529' title='bbox 1260 1242 1414 1277; x_wconf 88' lang='lat' dir='ltr'>omnium</span> <span class='ocrx_word' id='word_1_530' title='bbox 1427 1242 1665 1287; x_wconf 88' lang='lat' dir='ltr'>Episcoporum</span> <span class='ocrx_word' id='word_1_531' title='bbox 1686 1243 1979 1289; x_wconf 87' lang='lat' dir='ltr'>subscriptionibus</span> <span class='ocrx_word' id='word_1_532' title='bbox 1990 1271 1997 1279; x_wconf 91' lang='lat'><strong>.</strong></span> <span class='ocrx_word' id='word_1_533' title='bbox 2024 1245 2099 1282; x_wconf 85' lang='lat' dir='ltr'>Per·</span> 
     </span>
     <span class='ocr_line' id='line_1_82' title="bbox 1205 1291 2097 1339; baseline 0.006 -14"><span class='ocrx_word' id='word_1_534' title='bbox 1205 1292 1257 1336; x_wconf 87' lang='lat' dir='ltr'>git</span> <span class='ocrx_word' id='word_1_535' title='bbox 1277 1291 1411 1336; x_wconf 83' lang='lat' dir='ltr'>vulgata</span> <span class='ocrx_word' id='word_1_536' title='bbox 1433 1293 1605 1327; x_wconf 88' lang='lat' dir='ltr'>translatio</span> <span class='ocrx_word' id='word_1_537' title='bbox 1624 1306 1633 1326; x_wconf 75' lang='lat' dir='ltr'><em>z</em></span> <span class='ocrx_word' id='word_1_538' title='bbox 1660 1297 1708 1327; x_wconf 83' lang='lat' dir='ltr'>Et</span> <span class='ocrx_word' id='word_1_539' title='bbox 1729 1294 1806 1327; x_wconf 83' lang='lat' dir='ltr'>alios</span> <span class='ocrx_word' id='word_1_540' title='bbox 1831 1296 1955 1338; x_wconf 84' lang='lat' dir='ltr'>quidem</span> <span class='ocrx_word' id='word_1_541' title='bbox 1978 1297 2097 1339; x_wconf 80' lang='lat' dir='ltr'>decepe-</span> 
     </span>
     <span class='ocr_line' id='line_1_83' title="bbox 1205 1343 2100 1389; baseline 0.006 -14"><span class='ocrx_word' id='word_1_542' title='bbox 1205 1350 1293 1383; x_wconf 87' lang='lat' dir='ltr'>runt,</span> <span class='ocrx_word' id='word_1_543' title='bbox 1322 1343 1399 1375; x_wconf 80' lang='lat' dir='ltr'>alios</span> <span class='ocrx_word' id='word_1_544' title='bbox 1419 1346 1491 1378; x_wconf 70' lang='lat' dir='ltr'>vero</span> <span class='ocrx_word' id='word_1_545' title='bbox 1513 1351 1705 1383; x_wconf 82' lang='lat' dir='ltr'>terruerunt,</span> <span class='ocrx_word' id='word_1_546' title='bbox 1731 1344 1805 1377; x_wconf 81' lang='lat' dir='ltr'>altos</span> <span class='ocrx_word' id='word_1_547' title='bbox 1817 1354 1919 1378; x_wconf 81' lang='lat' dir='ltr'>autem</span> <span class='ocrx_word' id='word_1_548' title='bbox 1929 1347 1968 1379; x_wconf 88' lang='lat' dir='ltr'>de</span> <span class='ocrx_word' id='word_1_549' title='bbox 1984 1346 2100 1389; x_wconf 78' lang='lat' dir='ltr'>Haerefi</span> 
     </span>
     <span class='ocr_line' id='line_1_84' title="bbox 1205 1390 2096 1439; baseline 0.004 -15"><span class='ocrx_word' id='word_1_550' title='bbox 1205 1391 1354 1436; x_wconf 82' lang='lat' dir='ltr'>accusatos</span> <span class='ocrx_word' id='word_1_551' title='bbox 1377 1397 1411 1425; x_wconf 87' lang='lat' dir='ltr'>in</span> <span class='ocrx_word' id='word_1_552' title='bbox 1433 1397 1661 1427; x_wconf 76' lang='lat' dir='ltr'>communionem</span> <span class='ocrx_word' id='word_1_553' title='bbox 1674 1390 1887 1436; x_wconf 83' lang='lat' dir='ltr'>susceperunt,</span> <span class='ocrx_word' id='word_1_554' title='bbox 1913 1394 2031 1428; x_wconf 70' lang='lat' dir='ltr'>&amp;aliis</span> <span class='ocrx_word' id='word_1_555' title='bbox 2045 1401 2096 1439; x_wconf 80' lang='lat' dir='ltr'>qui</span> 
     </span>
     <span class='ocr_line' id='line_1_85' title="bbox 1206 1442 2096 1484; baseline 0.006 -10"><span class='ocrx_word' id='word_1_556' title='bbox 1206 1454 1265 1475; x_wconf 89' lang='lat' dir='ltr'>non</span> <span class='ocrx_word' id='word_1_557' title='bbox 1287 1442 1543 1477; x_wconf 82' lang='lat' dir='ltr'>communicabant</span> <span class='ocrx_word' id='word_1_558' title='bbox 1561 1467 1573 1484; x_wconf 91' lang='lat'><em>‚</em></span> <span class='ocrx_word' id='word_1_559' title='bbox 1599 1445 1762 1477; x_wconf 80' lang='lat' dir='ltr'>mercedem</span> <span class='ocrx_word' id='word_1_560' title='bbox 1793 1451 1827 1476; x_wconf 85' lang='lat' dir='ltr'>ut</span> <span class='ocrx_word' id='word_1_561' title='bbox 1846 1450 2096 1480; x_wconf 75' lang='lat' dir='ltr'>communicarent</span> 
     </span>
     <span class='ocr_line' id='line_1_86' title="bbox 1204 1492 2098 1541; baseline 0.004 -14"><span class='ocrx_word' id='word_1_562' title='bbox 1204 1493 1373 1532; x_wconf 84' lang='lat' dir='ltr'>dederunt,</span> <span class='ocrx_word' id='word_1_563' title='bbox 1402 1494 1478 1527; x_wconf 82' lang='lat' dir='ltr'>alios</span> <span class='ocrx_word' id='word_1_564' title='bbox 1493 1494 1613 1528; x_wconf 86' lang='lat' dir='ltr'>demum</span> <span class='ocrx_word' id='word_1_565' title='bbox 1617 1492 1671 1536; x_wconf 83' lang='lat' dir='ltr'>spe</span> <span class='ocrx_word' id='word_1_566' title='bbox 1685 1492 1824 1533; x_wconf 82' lang='lat' dir='ltr'>honoris,</span> <span class='ocrx_word' id='word_1_567' title='bbox 1847 1494 1957 1537; x_wconf 78' lang='lat' dir='ltr'>quibus</span> <span class='ocrx_word' id='word_1_568' title='bbox 1976 1498 2098 1541; x_wconf 73' lang='lat' dir='ltr'>indigni</span> 
     </span>
     <span class='ocr_line' id='line_1_87' title="bbox 1200 1543 2094 1585; baseline 0.006 -9"><span class='ocrx_word' id='word_1_569' title='bbox 1200 1552 1290 1576; x_wconf 85' lang='lat' dir='ltr'>erant</span> <span class='ocrx_word' id='word_1_570' title='bbox 1321 1569 1334 1585; x_wconf 88' lang='lat'>,</span> <span class='ocrx_word' id='word_1_571' title='bbox 1359 1544 1558 1577; x_wconf 86' lang='lat' dir='ltr'>accenderunt</span> <span class='ocrx_word' id='word_1_572' title='bbox 1579 1568 1588 1576; x_wconf 91' lang='lat'><strong>.</strong></span> <span class='ocrx_word' id='word_1_573' title='bbox 1626 1543 1824 1579; x_wconf 83' lang='lat' dir='ltr'>Caffinensis</span> <span class='ocrx_word' id='word_1_574' title='bbox 1848 1545 2020 1580; x_wconf 83' lang='lat' dir='ltr'>translatio</span> <span class='ocrx_word' id='word_1_575' title='bbox 2044 1547 2094 1581; x_wconf 88' lang='lat' dir='ltr'>est</span> 
     </span>
     <span class='ocr_line' id='line_1_88' title="bbox 1203 1592 2096 1638; baseline 0.003 -11"><span class='ocrx_word' id='word_1_576' title='bbox 1203 1594 1339 1628; x_wconf 89' lang='lat' dir='ltr'>melior:</span> <span class='ocrx_word' id='word_1_577' title='bbox 1367 1597 1413 1627; x_wconf 83' lang='lat' dir='ltr'>Et</span> <span class='ocrx_word' id='word_1_578' title='bbox 1424 1592 1568 1637; x_wconf 86' lang='lat' dir='ltr'>quosdam</span> <span class='ocrx_word' id='word_1_579' title='bbox 1588 1596 1708 1637; x_wconf 86' lang='lat' dir='ltr'>quidem</span> <span class='ocrx_word' id='word_1_580' title='bbox 1723 1595 1925 1638; x_wconf 68' lang='lat' dir='ltr'>seducentes,</span> <span class='ocrx_word' id='word_1_581' title='bbox 1953 1598 2030 1630; x_wconf 84' lang='lat' dir='ltr'>alios</span> <span class='ocrx_word' id='word_1_582' title='bbox 2038 1608 2096 1631; x_wconf 80' lang='lat' dir='ltr'>ve-</span> 
     </span>
     <span class='ocr_line' id='line_1_89' title="bbox 1184 1643 2094 1701; baseline 0.005 -25"><span class='ocrx_word' id='word_1_583' title='bbox 1184 1647 1234 1701; x_wconf 68' lang='lat'>1⁷⁶</span> <span class='ocrx_word' id='word_1_584' title='bbox 1249 1668 1260 1684; x_wconf 95' lang='lat'>,</span> <span class='ocrx_word' id='word_1_585' title='bbox 1285 1648 1338 1686; x_wconf 78' lang='lat' dir='ltr'>qui</span> <span class='ocrx_word' id='word_1_586' title='bbox 1362 1645 1400 1678; x_wconf 87' lang='lat' dir='ltr'>de</span> <span class='ocrx_word' id='word_1_587' title='bbox 1421 1643 1530 1686; x_wconf 82' lang='lat' dir='ltr'>baerefi</span> <span class='ocrx_word' id='word_1_588' title='bbox 1538 1643 1741 1688; x_wconf 66' lang='lat' dir='ltr'>pulsabantur</span> <span class='ocrx_word' id='word_1_589' title='bbox 1761 1667 1773 1684; x_wconf 89' lang='lat'>,</span> <span class='ocrx_word' id='word_1_590' title='bbox 1797 1646 1844 1678; x_wconf 83' lang='lat' dir='ltr'>ad</span> <span class='ocrx_word' id='word_1_591' title='bbox 1863 1652 2094 1681; x_wconf 75' lang='lat' dir='ltr'>communionem</span> 
     </span>
     <span class='ocr_line' id='line_1_90' title="bbox 1185 1692 2095 1738; baseline 0.005 -12"><span class='ocrx_word' id='word_1_592' title='bbox 1185 1702 1187 1707; x_wconf 91' lang='lat'>·</span> <span class='ocrx_word' id='word_1_593' title='bbox 1200 1692 1393 1738; x_wconf 82' lang='lat' dir='ltr'>suscipientes</span> <span class='ocrx_word' id='word_1_594' title='bbox 1406 1705 1467 1728; x_wconf 88' lang='lat' dir='ltr'>non</span> <span class='ocrx_word' id='word_1_595' title='bbox 1483 1701 1694 1737; x_wconf 80' lang='lat' dir='ltr'>praeveniente</span> <span class='ocrx_word' id='word_1_596' title='bbox 1707 1696 1839 1735; x_wconf 77' lang='lat' dir='ltr'>iudicio,</span> <span class='ocrx_word' id='word_1_597' title='bbox 1865 1696 1936 1730; x_wconf 85' lang='lat' dir='ltr'>aliis</span> <span class='ocrx_word' id='word_1_598' title='bbox 1959 1700 2032 1730; x_wconf 69' lang='lat' dir='ltr'>verb</span> <span class='ocrx_word' id='word_1_599' title='bbox 2043 1708 2095 1731; x_wconf 82' lang='lat' dir='ltr'>ex-</span> 
     </span>
     <span class='ocr_line' id='line_1_91' title="bbox 1202 1744 2090 1789; baseline 0.002 -11"><span class='ocrx_word' id='word_1_600' title='bbox 1202 1750 1474 1781; x_wconf 74' lang='lat' dir='ltr'>communicationis</span> <span class='ocrx_word' id='word_1_601' title='bbox 1490 1744 1661 1789; x_wconf 68' lang='lat' dir='ltr'>solutionem</span> <span class='ocrx_word' id='word_1_602' title='bbox 1678 1754 1735 1788; x_wconf 87' lang='lat' dir='ltr'>pro</span> <span class='ocrx_word' id='word_1_603' title='bbox 1753 1747 1883 1779; x_wconf 87' lang='lat' dir='ltr'>mercede</span> <span class='ocrx_word' id='word_1_604' title='bbox 1907 1747 2090 1786; x_wconf 81' lang='lat' dir='ltr'>reddentes,</span> 
     </span>
     <span class='ocr_line' id='line_1_92' title="bbox 1205 1794 2094 1839; baseline 0.002 -11"><span class='ocrx_word' id='word_1_605' title='bbox 1205 1797 1358 1828; x_wconf 86' lang='lat' dir='ltr'>nonnullos</span> <span class='ocrx_word' id='word_1_606' title='bbox 1368 1804 1467 1829; x_wconf 86' lang='lat' dir='ltr'>autem</span> <span class='ocrx_word' id='word_1_607' title='bbox 1475 1794 1726 1838; x_wconf 78' lang='lat' dir='ltr'>spePrtncrpatus</span> <span class='ocrx_word' id='word_1_608' title='bbox 1735 1802 1958 1839; x_wconf 80' lang='lat' dir='ltr'>incompetentis</span> <span class='ocrx_word' id='word_1_609' title='bbox 1968 1807 2094 1830; x_wconf 79' lang='lat' dir='ltr'>arman-</span> 
     </span>
     <span class='ocr_line' id='line_1_93' title="bbox 1205 1844 2096 1886; baseline 0.006 -11"><span class='ocrx_word' id='word_1_610' title='bbox 1205 1852 1248 1876; x_wconf 87' lang='lat' dir='ltr'>tes</span> <span class='ocrx_word' id='word_1_611' title='bbox 1261 1869 1269 1876; x_wconf 84' lang='lat'><strong>.</strong></span> <span class='ocrx_word' id='word_1_612' title='bbox 1299 1844 1399 1878; x_wconf 66' lang='lat' dir='ltr'>Recte</span> <span class='ocrx_word' id='word_1_613' title='bbox 1410 1845 1523 1879; x_wconf 87' lang='lat' dir='ltr'>addit:</span> <span class='ocrx_word' id='word_1_614' title='bbox 1550 1850 1625 1878; x_wconf 84' lang='lat' dir='ltr'>Non</span> <span class='ocrx_word' id='word_1_615' title='bbox 1642 1852 1851 1886; x_wconf 81' lang='lat' dir='ltr'>praeveniente</span> <span class='ocrx_word' id='word_1_616' title='bbox 1869 1848 2003 1886; x_wconf 78' lang='lat' dir='ltr'>judicio.</span> <span class='ocrx_word' id='word_1_617' title='bbox 2033 1847 2096 1880; x_wconf 78' lang='lat' dir='ltr'>Et·</span> 
     </span>
     <span class='ocr_line' id='line_1_94' title="bbox 1206 1894 2096 1939; baseline 0.001 -10"><span class='ocrx_word' id='word_1_618' title='bbox 1206 1895 1296 1930; x_wconf 83' lang='lat' dir='ltr'>enim</span> <span class='ocrx_word' id='word_1_619' title='bbox 1317 1894 1360 1928; x_wconf 89' lang='lat' dir='ltr'>de</span> <span class='ocrx_word' id='word_1_620' title='bbox 1378 1895 1499 1928; x_wconf 84' lang='lat' dir='ltr'>Haerefi</span> <span class='ocrx_word' id='word_1_621' title='bbox 1521 1895 1684 1938; x_wconf 88' lang='lat' dir='ltr'>pulsatum</span> <span class='ocrx_word' id='word_1_622' title='bbox 1706 1895 1906 1939; x_wconf 87' lang='lat' dir='ltr'>Episcopum</span> <span class='ocrx_word' id='word_1_623' title='bbox 1923 1895 1961 1930; x_wconf 85' lang='lat' dir='ltr'>in</span> <span class='ocrx_word' id='word_1_624' title='bbox 1983 1896 2096 1930; x_wconf 89' lang='lat' dir='ltr'>frater·</span> 
     </span>
     <span class='ocr_line' id='line_1_95' title="bbox 1208 1945 2104 1987; baseline 0.003 -10"><span class='ocrx_word' id='word_1_625' title='bbox 1208 1955 1286 1978; x_wconf 82' lang='lat' dir='ltr'>nam</span> <span class='ocrx_word' id='word_1_626' title='bbox 1311 1945 1587 1981; x_wconf 89' lang='lat' dir='ltr'>communionem</span> <span class='ocrx_word' id='word_1_627' title='bbox 1607 1946 1784 1979; x_wconf 82' lang='lat' dir='ltr'>admittere</span> <span class='ocrx_word' id='word_1_628' title='bbox 1807 1969 1818 1984; x_wconf 90' lang='lat'>‚</span> <span class='ocrx_word' id='word_1_629' title='bbox 1843 1945 1867 1978; x_wconf 87' lang='lat' dir='ltr'>si</span> <span class='ocrx_word' id='word_1_630' title='bbox 1885 1946 2104 1987; x_wconf 78' lang='lat' dir='ltr'>praeveniente</span> 
     </span>
     <span class='ocr_line' id='line_1_96' title="bbox 1206 1992 2101 2037; baseline 0.004 -11"><span class='ocrx_word' id='word_1_631' title='bbox 1206 1994 1335 2036; x_wconf 77' lang='lat' dir='ltr'>judicio</span> <span class='ocrx_word' id='word_1_632' title='bbox 1346 1994 1405 2029; x_wconf 88' lang='lat' dir='ltr'>fiat</span> <span class='ocrx_word' id='word_1_633' title='bbox 1414 2018 1425 2033; x_wconf 90' lang='lat'>,</span> <span class='ocrx_word' id='word_1_634' title='bbox 1440 2004 1507 2028; x_wconf 91' lang='lat' dir='ltr'>non</span> <span class='ocrx_word' id='word_1_635' title='bbox 1518 1993 1563 2027; x_wconf 88' lang='lat' dir='ltr'>est</span> <span class='ocrx_word' id='word_1_636' title='bbox 1578 1992 1828 2037; x_wconf 82' lang='lat' dir='ltr'>reprehensibile</span> <span class='ocrx_word' id='word_1_637' title='bbox 1841 2017 1848 2026; x_wconf 90' lang='lat'>.</span> <span class='ocrx_word' id='word_1_638' title='bbox 1876 1994 2009 2029; x_wconf 77' lang='lat' dir='ltr'>Clarius</span> <span class='ocrx_word' id='word_1_639' title='bbox 2019 1996 2101 2030; x_wconf 86' lang='lat' dir='ltr'>item</span> 
     </span>
     <span class='ocr_line' id='line_1_97' title="bbox 1207 2042 2102 2086; baseline 0.004 -10"><span class='ocrx_word' id='word_1_640' title='bbox 1207 2043 1291 2076; x_wconf 86' lang='lat' dir='ltr'>dicit</span> <span class='ocrx_word' id='word_1_641' title='bbox 1315 2054 1323 2074; x_wconf 92' lang='lat'><strong>:</strong></span> <span class='ocrx_word' id='word_1_642' title='bbox 1350 2045 1678 2077; x_wconf 75' lang='lat' dir='ltr'>Excommunicationis</span> <span class='ocrx_word' id='word_1_643' title='bbox 1698 2042 1871 2086; x_wconf 85' lang='lat' dir='ltr'>solutionem</span> <span class='ocrx_word' id='word_1_644' title='bbox 1892 2052 1950 2086; x_wconf 83' lang='lat' dir='ltr'>pro</span> <span class='ocrx_word' id='word_1_645' title='bbox 1970 2046 2102 2080; x_wconf 84' lang='lat' dir='ltr'>mercede</span> 
     </span>
     <span class='ocr_line' id='line_1_98' title="bbox 1207 2091 2102 2138; baseline 0.004 -13"><span class='ocrx_word' id='word_1_646' title='bbox 1207 2092 1382 2125; x_wconf 81' lang='lat' dir='ltr'>reddentes.</span> <span class='ocrx_word' id='word_1_647' title='bbox 1410 2092 1494 2125; x_wconf 78' lang='lat' dir='ltr'>Item</span> <span class='ocrx_word' id='word_1_648' title='bbox 1517 2091 1635 2127; x_wconf 67' lang='lat' dir='ltr'>rectius</span> <span class='ocrx_word' id='word_1_649' title='bbox 1648 2106 1660 2126; x_wconf 90' lang='lat'>.·</span> <span class='ocrx_word' id='word_1_650' title='bbox 1686 2095 1857 2127; x_wconf 79' lang='lat' dir='ltr'>Nonnullos</span> <span class='ocrx_word' id='word_1_651' title='bbox 1876 2093 1931 2137; x_wconf 73' lang='lat' dir='ltr'>spe</span> <span class='ocrx_word' id='word_1_652' title='bbox 1944 2098 2102 2138; x_wconf 81' lang='lat' dir='ltr'>Principa—</span> 
     </span>
     <span class='ocr_line' id='line_1_99' title="bbox 1208 2144 2100 2189; baseline 0.004 -13"><span class='ocrx_word' id='word_1_653' title='bbox 1208 2151 1259 2176; x_wconf 83' lang='lat' dir='ltr'>tus</span> <span class='ocrx_word' id='word_1_654' title='bbox 1283 2147 1508 2183; x_wconf 80' lang='lat' dir='ltr'>incompetentis</span> <span class='ocrx_word' id='word_1_655' title='bbox 1531 2152 1688 2177; x_wconf 87' lang='lat' dir='ltr'>armantes</span> <span class='ocrx_word' id='word_1_656' title='bbox 1701 2168 1709 2175; x_wconf 91' lang='lat'>.</span> <span class='ocrx_word' id='word_1_657' title='bbox 1740 2144 1929 2179; x_wconf 80' lang='lat' dir='ltr'>orientales</span> <span class='ocrx_word' id='word_1_658' title='bbox 1939 2146 2030 2180; x_wconf 88' lang='lat' dir='ltr'>enim</span> <span class='ocrx_word' id='word_1_659' title='bbox 2045 2157 2100 2189; x_wconf 77' lang='lat' dir='ltr'>pa·</span> 
     </span>
     <span class='ocr_line' id='line_1_100' title="bbox 1209 2192 2098 2239; baseline 0.006 -14"><span class='ocrx_word' id='word_1_660' title='bbox 1209 2193 1275 2226; x_wconf 87' lang='lat' dir='ltr'>lam</span> <span class='ocrx_word' id='word_1_661' title='bbox 1285 2192 1493 2235; x_wconf 88' lang='lat' dir='ltr'>respexerunt</span> <span class='ocrx_word' id='word_1_662' title='bbox 1505 2192 1572 2235; x_wconf 82' lang='lat' dir='ltr'>jam</span> <span class='ocrx_word' id='word_1_663' title='bbox 1587 2193 1772 2236; x_wconf 82' lang='lat' dir='ltr'>expositum</span> <span class='ocrx_word' id='word_1_664' title='bbox 1783 2193 1946 2228; x_wconf 87' lang='lat' dir='ltr'>ambitum</span> <span class='ocrx_word' id='word_1_665' title='bbox 1960 2195 2098 2239; x_wconf 84' lang='lat' dir='ltr'>Juvena-</span> 
     </span>
     <span class='ocr_line' id='line_1_101' title="bbox 1209 2240 2099 2287; baseline 0.006 -12"><span class='ocrx_word' id='word_1_666' title='bbox 1209 2243 1247 2277; x_wconf 87' lang='lat' dir='ltr'>lis</span> <span class='ocrx_word' id='word_1_667' title='bbox 1274 2242 1579 2286; x_wconf 86' lang='lat' dir='ltr'>Hierosolymitani</span> <span class='ocrx_word' id='word_1_668' title='bbox 1602 2253 1640 2277; x_wconf 84' lang='lat' dir='ltr'>ac</span> <span class='ocrx_word' id='word_1_669' title='bbox 1662 2240 1811 2287; x_wconf 87' lang='lat' dir='ltr'>Rhegini</span> <span class='ocrx_word' id='word_1_670' title='bbox 1838 2243 2099 2280; x_wconf 85' lang='lat' dir='ltr'>Constantienfis</span> 
     </span>
     <span class='ocr_line' id='line_1_102' title="bbox 1210 2293 1388 2336; baseline -0.011 -8"><span class='ocrx_word' id='word_1_671' title='bbox 1210 2293 1388 2336; x_wconf 86' lang='lat' dir='ltr'>Episcopi.</span> 
     </span>
    </p>

    <p class='ocr_par' dir='ltr' id='par_1_13' title="bbox 1207 2341 2099 2587">
     <span class='ocr_line' id='line_1_103' title="bbox 1259 2341 2097 2387; baseline 0.004 -11"><span class='ocrx_word' id='word_1_672' title='bbox 1259 2343 1315 2377; x_wconf 81' lang='lat' dir='ltr'>Est</span> <span class='ocrx_word' id='word_1_673' title='bbox 1338 2342 1372 2376; x_wconf 91' lang='lat'>&amp;</span> <span class='ocrx_word' id='word_1_674' title='bbox 1385 2341 1499 2375; x_wconf 87' lang='lat' dir='ltr'>tertius</span> <span class='ocrx_word' id='word_1_675' title='bbox 1521 2341 1633 2376; x_wconf 77' lang='lat' dir='ltr'>locus:</span> <span class='ocrx_word' id='word_1_676' title='bbox 1660 2344 1775 2377; x_wconf 81' lang='lat' dir='ltr'>Iterum</span> <span class='ocrx_word' id='word_1_677' title='bbox 1796 2343 1880 2377; x_wconf 68' lang='lat' dir='ltr'>leiiae</span> <span class='ocrx_word' id='word_1_678' title='bbox 1899 2342 1975 2387; x_wconf 87' lang='lat' dir='ltr'>sunt</span> <span class='ocrx_word' id='word_1_679' title='bbox 1989 2344 2097 2384; x_wconf 73' lang='lat' dir='ltr'>vestra</span> 
     </span>
     <span class='ocr_line' id='line_1_104' title="bbox 1210 2392 2098 2434; baseline 0.003 -8"><span class='ocrx_word' id='word_1_680' title='bbox 1210 2395 1338 2427; x_wconf 83' lang='lat' dir='ltr'>Pietatis</span> <span class='ocrx_word' id='word_1_681' title='bbox 1350 2392 1462 2424; x_wconf 80' lang='lat' dir='ltr'>litterae</span> <span class='ocrx_word' id='word_1_682' title='bbox 1469 2400 1527 2433; x_wconf 90' lang='lat' dir='ltr'>per</span> <span class='ocrx_word' id='word_1_683' title='bbox 1537 2392 1849 2434; x_wconf 67' lang='lat' dir='ltr'>Magnificentiffimum</span> <span class='ocrx_word' id='word_1_684' title='bbox 1858 2397 2002 2428; x_wconf 83' lang='lat' dir='ltr'>Comitem</span> <span class='ocrx_word' id='word_1_685' title='bbox 2014 2399 2098 2428; x_wconf 86' lang='lat' dir='ltr'>Can-</span> 
     </span>
     <span class='ocr_line' id='line_1_105' title="bbox 1209 2439 2098 2486; baseline 0.004 -11"><span class='ocrx_word' id='word_1_686' title='bbox 1209 2443 1368 2475; x_wconf 83' lang='lat' dir='ltr'>didianum</span> <span class='ocrx_word' id='word_1_687' title='bbox 1387 2464 1399 2481; x_wconf 85' lang='lat'><strong>,</strong></span> <span class='ocrx_word' id='word_1_688' title='bbox 1430 2439 1632 2484; x_wconf 68' lang='lat' dir='ltr'>fignfficantes</span> <span class='ocrx_word' id='word_1_689' title='bbox 1649 2443 1728 2483; x_wconf 87' lang='lat' dir='ltr'>quod</span> <span class='ocrx_word' id='word_1_690' title='bbox 1743 2441 1866 2484; x_wconf 68' lang='lat' dir='ltr'>pacifice</span> <span class='ocrx_word' id='word_1_691' title='bbox 1903 2445 1937 2476; x_wconf 66' lang='grc' dir='ltr'>Θ·</span> <span class='ocrx_word' id='word_1_692' title='bbox 1952 2443 2098 2486; x_wconf 59' lang='lat' dir='ltr'>fratem&amp;</span> 
     </span>
     <span class='ocr_line' id='line_1_106' title="bbox 1207 2491 2097 2536; baseline 0.007 -13"><span class='ocrx_word' id='word_1_693' title='bbox 1207 2491 1399 2533; x_wconf 72' lang='lat' dir='ltr'>questiones,</span> <span class='ocrx_word' id='word_1_694' title='bbox 1425 2501 1494 2532; x_wconf 83' lang='lat' dir='ltr'>quae</span> <span class='ocrx_word' id='word_1_695' title='bbox 1517 2499 1613 2532; x_wconf 82' lang='lat' dir='ltr'>nuper</span> <span class='ocrx_word' id='word_1_696' title='bbox 1633 2499 1746 2524; x_wconf 83' lang='lat' dir='ltr'>exortae</span> <span class='ocrx_word' id='word_1_697' title='bbox 1763 2491 1857 2534; x_wconf 84' lang='lat' dir='ltr'>sunt,</span> <span class='ocrx_word' id='word_1_698' title='bbox 1884 2499 2097 2536; x_wconf 76' lang='lat' dir='ltr'>inquirantur.</span> 
     </span>
     <span class='ocr_line' id='line_1_107' title="bbox 1207 2539 2099 2587; baseline 0.001 -11"><span class='ocrx_word' id='word_1_699' title='bbox 1207 2543 1315 2576; x_wconf 78' lang='lat' dir='ltr'>Verum</span> <span class='ocrx_word' id='word_1_700' title='bbox 1336 2539 1582 2574; x_wconf 74' lang='lat' dir='ltr'>convenientibus</span> <span class='ocrx_word' id='word_1_701' title='bbox 1606 2540 1742 2572; x_wconf 89' lang='lat' dir='ltr'>omnibus</span> <span class='ocrx_word' id='word_1_702' title='bbox 1766 2543 1951 2581; x_wconf 79' lang='lat' dir='ltr'>pientrffimis</span> <span class='ocrx_word' id='word_1_703' title='bbox 1974 2543 2099 2587; x_wconf 74' lang='lat' dir='ltr'>Episco-</span> 
     </span>
    </p>
   </div>
   <div class='ocr_carea' id='block_1_11' title="bbox 1204 2587 2099 3137">
    <p class='ocr_par' dir='ltr' id='par_1_14' title="bbox 1204 2587 2099 3137">
     <span class='ocr_line' id='line_1_108' title="bbox 1204 2587 2099 2635; baseline 0.007 -13"><span class='ocrx_word' id='word_1_704' title='bbox 1204 2597 1278 2633; x_wconf 78' lang='lat' dir='ltr'>pis‚</span> <span class='ocrx_word' id='word_1_705' title='bbox 1306 2588 1383 2623; x_wconf 84' lang='lat' dir='ltr'>nihil</span> <span class='ocrx_word' id='word_1_706' title='bbox 1389 2587 1506 2630; x_wconf 82' lang='lat' dir='ltr'>profuit</span> <span class='ocrx_word' id='word_1_707' title='bbox 1528 2588 1630 2622; x_wconf 75' lang='lat' dir='ltr'>lec‘lio.</span> <span class='ocrx_word' id='word_1_708' title='bbox 1660 2588 1705 2622; x_wconf 92' lang='lat' dir='ltr'>Et</span> <span class='ocrx_word' id='word_1_709' title='bbox 1713 2589 1849 2632; x_wconf 87' lang='lat' dir='ltr'>quidem</span> <span class='ocrx_word' id='word_1_710' title='bbox 1868 2592 1959 2635; x_wconf 88' lang='lat' dir='ltr'>quod</span> <span class='ocrx_word' id='word_1_711' title='bbox 1973 2594 2099 2628; x_wconf 81' lang='lat' dir='ltr'>Candi-</span> 
     </span>
     <span class='ocr_line' id='line_1_109' title="bbox 1208 2635 2095 2677; baseline 0.003 -3"><span class='ocrx_word' id='word_1_712' title='bbox 1208 2637 1458 2675; x_wconf 82' lang='lat' dir='ltr'>dianusComes</span> <span class='ocrx_word' id='word_1_713' title='bbox 1479 2635 1573 2671; x_wconf 83' lang='lat' dir='ltr'>istam</span> <span class='ocrx_word' id='word_1_714' title='bbox 1596 2638 1727 2672; x_wconf 86' lang='lat' dir='ltr'>Sacram</span> <span class='ocrx_word' id='word_1_715' title='bbox 1751 2651 1819 2674; x_wconf 91' lang='lat' dir='ltr'>non</span> <span class='ocrx_word' id='word_1_716' title='bbox 1833 2640 2004 2677; x_wconf 84' lang='lat' dir='ltr'>dumtaxat</span> <span class='ocrx_word' id='word_1_717' title='bbox 2016 2644 2095 2677; x_wconf 85' lang='lat' dir='ltr'>inti·</span> 
     </span>
     <span class='ocr_line' id='line_1_110' title="bbox 1207 2687 2095 2736; baseline 0.005 -13"><span class='ocrx_word' id='word_1_718' title='bbox 1207 2688 1365 2728; x_wconf 88' lang='lat' dir='ltr'>maverit,</span> <span class='ocrx_word' id='word_1_719' title='bbox 1393 2687 1447 2721; x_wconf 90' lang='lat' dir='ltr'>sed</span> <span class='ocrx_word' id='word_1_720' title='bbox 1469 2688 1568 2721; x_wconf 88' lang='lat' dir='ltr'>etiam</span> <span class='ocrx_word' id='word_1_721' title='bbox 1593 2688 1725 2731; x_wconf 90' lang='lat' dir='ltr'>proprio</span> <span class='ocrx_word' id='word_1_722' title='bbox 1737 2700 1796 2723; x_wconf 89' lang='lat' dir='ltr'>ore</span> <span class='ocrx_word' id='word_1_723' title='bbox 1818 2690 1996 2736; x_wconf 72' lang='lat' dir='ltr'>praelegerit</span> <span class='ocrx_word' id='word_1_724' title='bbox 2011 2718 2022 2734; x_wconf 94' lang='lat'>,</span> <span class='ocrx_word' id='word_1_725' title='bbox 2046 2693 2095 2727; x_wconf 84' lang='lat' dir='ltr'>est</span> 
     </span>
     <span class='ocr_line' id='line_1_111' title="bbox 1208 2736 2095 2783; baseline 0.005 -9"><span class='ocrx_word' id='word_1_726' title='bbox 1208 2738 1308 2783; x_wconf 73' lang='lat' dir='ltr'>longe</span> <span class='ocrx_word' id='word_1_727' title='bbox 1326 2736 1555 2773; x_wconf 85' lang='lat' dir='ltr'>certiffimum.</span> <span class='ocrx_word' id='word_1_728' title='bbox 1583 2736 1718 2773; x_wconf 85' lang='lat' dir='ltr'>Etenim</span> <span class='ocrx_word' id='word_1_729' title='bbox 1731 2739 1848 2774; x_wconf 88' lang='lat' dir='ltr'>Petrus</span> <span class='ocrx_word' id='word_1_730' title='bbox 1859 2739 2095 2778; x_wconf 78' lang='lat' dir='ltr'>Alexandrinas</span> 
     </span>
     <span class='ocr_line' id='line_1_112' title="bbox 1208 2786 2095 2833; baseline 0.005 -9"><span class='ocrx_word' id='word_1_731' title='bbox 1208 2789 1355 2827; x_wconf 84' lang='lat' dir='ltr'>Ecclefiae</span> <span class='ocrx_word' id='word_1_732' title='bbox 1366 2786 1537 2831; x_wconf 88' lang='lat' dir='ltr'>Presbyter</span> <span class='ocrx_word' id='word_1_733' title='bbox 1556 2787 1596 2821; x_wconf 90' lang='lat' dir='ltr'>ad</span> <span class='ocrx_word' id='word_1_734' title='bbox 1609 2788 1747 2831; x_wconf 89' lang='lat' dir='ltr'>primam</span> <span class='ocrx_word' id='word_1_735' title='bbox 1760 2789 1890 2833; x_wconf 85' lang='lat' dir='ltr'>synodi</span> <span class='ocrx_word' id='word_1_736' title='bbox 1913 2791 2095 2828; x_wconf 76' lang='lat' dir='ltr'>Astionem</span> 
     </span>
     <span class='ocr_line' id='line_1_113' title="bbox 1208 2837 2094 2886; baseline 0 -10"><span class='ocrx_word' id='word_1_737' title='bbox 1208 2841 1288 2886; x_wconf 89' lang='lat' dir='ltr'>legit</span> <span class='ocrx_word' id='word_1_738' title='bbox 1300 2838 1401 2874; x_wconf 86' lang='lat' dir='ltr'>solam</span> <span class='ocrx_word' id='word_1_739' title='bbox 1423 2837 1690 2872; x_wconf 78' lang='lat' dir='ltr'>convocatoriam</span> <span class='ocrx_word' id='word_1_740' title='bbox 1702 2838 1830 2874; x_wconf 86' lang='lat' dir='ltr'>Sacram</span> <span class='ocrx_word' id='word_1_741' title='bbox 1842 2865 1854 2881; x_wconf 91' lang='lat'>,</span> <span class='ocrx_word' id='word_1_742' title='bbox 1879 2840 1921 2876; x_wconf 91' lang='lat' dir='ltr'>de</span> <span class='ocrx_word' id='word_1_743' title='bbox 1940 2842 2003 2878; x_wconf 91' lang='lat' dir='ltr'>hac</span> <span class='ocrx_word' id='word_1_744' title='bbox 2017 2841 2094 2877; x_wconf 65' lang='lat' dir='ltr'>vert)</span> 
     </span>
     <span class='ocr_line' id='line_1_114' title="bbox 1206 2887 2089 2927; baseline 0.001 -1"><span class='ocrx_word' id='word_1_745' title='bbox 1206 2890 1373 2926; x_wconf 67' lang='lat' dir='ltr'>direstoria</span> <span class='ocrx_word' id='word_1_746' title='bbox 1407 2887 1494 2921; x_wconf 84' lang='lat' dir='ltr'>dixit</span> <span class='ocrx_word' id='word_1_747' title='bbox 1519 2887 1559 2922; x_wconf 86' lang='lat' dir='ltr'>ad</span> <span class='ocrx_word' id='word_1_748' title='bbox 1582 2889 1721 2923; x_wconf 85' lang='lat' dir='ltr'>eandem</span> <span class='ocrx_word' id='word_1_749' title='bbox 1748 2888 1925 2927; x_wconf 65' lang='lat' dir='ltr'>Actionem</span> <span class='ocrx_word' id='word_1_750' title='bbox 1952 2894 2089 2926; x_wconf 66' lang='lat' dir='ltr'>Sanetus</span> 
     </span>
     <span class='ocr_line' id='line_1_115' title="bbox 1207 2939 2089 2986; baseline 0.003 -13"><span class='ocrx_word' id='word_1_751' title='bbox 1207 2939 1352 2986; x_wconf 87' lang='lat' dir='ltr'>Cyrillus</span> <span class='ocrx_word' id='word_1_752' title='bbox 1373 2951 1381 2971; x_wconf 74' lang='grc' dir='ltr'>ι</span> <span class='ocrx_word' id='word_1_753' title='bbox 1411 2939 1544 2971; x_wconf 77' lang='lat' dir='ltr'>Alterum</span> <span class='ocrx_word' id='word_1_754' title='bbox 1564 2940 1636 2980; x_wconf 84' lang='lat' dir='ltr'>jam</span> <span class='ocrx_word' id='word_1_755' title='bbox 1657 2940 1849 2980; x_wconf 83' lang='lat' dir='ltr'>Piiffimorum</span> <span class='ocrx_word' id='word_1_756' title='bbox 1871 2945 2089 2984; x_wconf 83' lang='lat' dir='ltr'>Imperatorum</span> 
     </span>
     <span class='ocr_line' id='line_1_116' title="bbox 1207 2990 2093 3034; baseline 0.003 -12"><span class='ocrx_word' id='word_1_757' title='bbox 1207 2990 1364 3033; x_wconf 79' lang='lat' dir='ltr'>nostrorum</span> <span class='ocrx_word' id='word_1_758' title='bbox 1385 2990 1541 3022; x_wconf 86' lang='lat' dir='ltr'>Decretum</span> <span class='ocrx_word' id='word_1_759' title='bbox 1556 2997 1613 3031; x_wconf 80' lang='lat' dir='ltr'>per</span> <span class='ocrx_word' id='word_1_760' title='bbox 1624 2991 1850 3024; x_wconf 78' lang='lat' dir='ltr'>candidianum</span> <span class='ocrx_word' id='word_1_761' title='bbox 1873 2992 2012 3034; x_wconf 75' lang='lat' dir='ltr'>illustrem</span> <span class='ocrx_word' id='word_1_762' title='bbox 2035 2997 2093 3025; x_wconf 86' lang='lat' dir='ltr'>Co-</span> 
     </span>
     <span class='ocr_line' id='line_1_117' title="bbox 1206 3038 2088 3083; baseline 0.002 -7"><span class='ocrx_word' id='word_1_763' title='bbox 1206 3048 1309 3077; x_wconf 83' lang='lat' dir='ltr'>mitem</span> <span class='ocrx_word' id='word_1_764' title='bbox 1331 3038 1370 3080; x_wconf 74' lang='lat' dir='ltr'>esl</span> <span class='ocrx_word' id='word_1_765' title='bbox 1391 3038 1566 3082; x_wconf 76' lang='lat' dir='ltr'>praelec‘lum</span> <span class='ocrx_word' id='word_1_766' title='bbox 1588 3065 1595 3072; x_wconf 86' lang='lat'><strong>.</strong></span> <span class='ocrx_word' id='word_1_767' title='bbox 1634 3039 1678 3074; x_wconf 89' lang='lat' dir='ltr'>Et</span> <span class='ocrx_word' id='word_1_768' title='bbox 1699 3040 1765 3083; x_wconf 88' lang='lat' dir='ltr'>ipse</span> <span class='ocrx_word' id='word_1_769' title='bbox 1791 3040 2018 3077; x_wconf 87' lang='lat' dir='ltr'>Candidianus</span> <span class='ocrx_word' id='word_1_770' title='bbox 2045 3042 2088 3078; x_wconf 84' lang='lat' dir='ltr'>ad</span> 
     </span>
     <span class='ocr_line' id='line_1_118' title="bbox 1207 3088 2090 3137; baseline -0.001 -10"><span class='ocrx_word' id='word_1_771' title='bbox 1207 3093 1367 3137; x_wconf 80' lang='lat' dir='ltr'>Ioannem</span> <span class='ocrx_word' id='word_1_772' title='bbox 1380 3088 1569 3123; x_wconf 82' lang='lat' dir='ltr'>Antiochiae</span> <span class='ocrx_word' id='word_1_773' title='bbox 1590 3088 1814 3125; x_wconf 76' lang='lat' dir='ltr'>patriarcham</span> <span class='ocrx_word' id='word_1_774' title='bbox 1834 3092 1944 3126; x_wconf 85' lang='lat' dir='ltr'>dixit.-</span> <span class='ocrx_word' id='word_1_775' title='bbox 1970 3091 2090 3136; x_wconf 82' lang='lat' dir='ltr'>Episco-</span> 
     </span>
    </p>
   </div>
   <div class='ocr_carea' id='block_1_12' title="bbox 255 3140 2085 3192">
    <p class='ocr_par' dir='ltr' id='par_1_15' title="bbox 255 3140 2085 3192">
     <span class='ocr_line' id='line_1_119' title="bbox 255 3140 2085 3192; baseline -0.004 -9"><span class='ocrx_word' id='word_1_776' title='bbox 255 3157 316 3183; x_wconf 70' lang='lat' dir='ltr'>tem</span> <span class='ocrx_word' id='word_1_777' title='bbox 327 3149 454 3189; x_wconf 80' lang='lat' dir='ltr'>vestram</span> <span class='ocrx_word' id='word_1_778' title='bbox 467 3152 502 3184; x_wconf 64' lang='grc' dir='ltr'><strong>θ</strong></span> <span class='ocrx_word' id='word_1_779' title='bbox 508 3157 563 3192; x_wconf 84' lang='lat' dir='ltr'>per</span> <span class='ocrx_word' id='word_1_780' title='bbox 575 3159 625 3183; x_wconf 89' lang='lat' dir='ltr'>nos</span> <span class='ocrx_word' id='word_1_781' title='bbox 636 3145 716 3189; x_wconf 82' lang='lat' dir='ltr'>ipsos</span> <span class='ocrx_word' id='word_1_782' title='bbox 728 3171 740 3187; x_wconf 89' lang='lat'>,</span> <span class='ocrx_word' id='word_1_783' title='bbox 765 3146 800 3183; x_wconf 61' lang='grc' dir='ltr'>φ</span> <span class='ocrx_word' id='word_1_784' title='bbox 806 3153 863 3187; x_wconf 82' lang='lat' dir='ltr'>per</span> <span class='ocrx_word' id='word_1_785' title='bbox 873 3155 921 3178; x_wconf 84' lang='lat' dir='ltr'>eos</span> <span class='ocrx_word' id='word_1_786' title='bbox 932 3169 943 3185; x_wconf 87' lang='lat'>‚</span> <span class='ocrx_word' id='word_1_787' title='bbox 966 3150 1017 3187; x_wconf 83' lang='lat' dir='ltr'>qui</span> <span class='ocrx_word' id='word_1_788' title='bbox 1030 3146 1051 3179; x_wconf 81' lang='grc' dir='ltr'><em>ᾶ</em></span> <span class='ocrx_word' id='word_1_789' title='bbox 1060 3145 1143 3178; x_wconf 82' lang='lat' dir='ltr'>nobis</span> <span class='ocrx_word' id='word_1_790' title='bbox 1202 3149 1238 3187; x_wconf 84' lang='lat' dir='ltr'>pi</span> <span class='ocrx_word' id='word_1_791' title='bbox 1249 3167 1261 3184; x_wconf 92' lang='lat'>,</span> <span class='ocrx_word' id='word_1_792' title='bbox 1286 3150 1319 3175; x_wconf 84' lang='lat' dir='ltr'>ut</span> <span class='ocrx_word' id='word_1_793' title='bbox 1329 3143 1451 3174; x_wconf 78' lang='lat' dir='ltr'>Sacram</span> <span class='ocrx_word' id='word_1_794' title='bbox 1457 3140 1650 3183; x_wconf 81' lang='lat' dir='ltr'>praelegerem</span> <span class='ocrx_word' id='word_1_795' title='bbox 1661 3140 1870 3185; x_wconf 73' lang='lat' dir='ltr'>efflagitarunt</span> <span class='ocrx_word' id='word_1_796' title='bbox 1879 3167 1887 3175; x_wconf 87' lang='lat'><strong>.</strong></span> <span class='ocrx_word' id='word_1_797' title='bbox 1915 3146 2085 3186; x_wconf 80' lang='lat' dir='ltr'>coegerunt</span> 
     </span>
    </p>
   </div>
   <div class='ocr_carea' id='block_1_13' title="bbox 255 3194 1143 3341">
    <p class='ocr_par' dir='ltr' id='par_1_16' title="bbox 255 3194 1143 3341">
     <span class='ocr_line' id='line_1_120' title="bbox 255 3194 1143 3240; baseline -0.003 -8"><span class='ocrx_word' id='word_1_798' title='bbox 255 3198 328 3237; x_wconf 80' lang='lat' dir='ltr'>miffi</span> <span class='ocrx_word' id='word_1_799' title='bbox 344 3196 417 3240; x_wconf 80' lang='lat' dir='ltr'>sunt</span> <span class='ocrx_word' id='word_1_800' title='bbox 441 3200 610 3235; x_wconf 71' lang='lat' dir='ltr'>docuimus,</span> <span class='ocrx_word' id='word_1_801' title='bbox 637 3197 711 3232; x_wconf 88' lang='lat' dir='ltr'>Nec</span> <span class='ocrx_word' id='word_1_802' title='bbox 731 3195 823 3231; x_wconf 85' lang='lat' dir='ltr'>obest</span> <span class='ocrx_word' id='word_1_803' title='bbox 837 3194 1029 3229; x_wconf 89' lang='lat' dir='ltr'>Caffinenfis</span> <span class='ocrx_word' id='word_1_804' title='bbox 1044 3196 1143 3229; x_wconf 87' lang='lat' dir='ltr'>trans-</span> 
     </span>
     <span class='ocr_line' id='line_1_121' title="bbox 257 3244 1143 3290; baseline -0.003 -8"><span class='ocrx_word' id='word_1_805' title='bbox 257 3247 357 3283; x_wconf 83' lang='lat' dir='ltr'>latio:</span> <span class='ocrx_word' id='word_1_806' title='bbox 384 3249 432 3280; x_wconf 82' lang='lat' dir='ltr'>Et</span> <span class='ocrx_word' id='word_1_807' title='bbox 447 3255 502 3289; x_wconf 81' lang='lat' dir='ltr'>per</span> <span class='ocrx_word' id='word_1_808' title='bbox 525 3260 577 3282; x_wconf 83' lang='lat' dir='ltr'>nos</span> <span class='ocrx_word' id='word_1_809' title='bbox 589 3249 624 3282; x_wconf 61' lang='lat' dir='ltr'>&lt;a</span> <span class='ocrx_word' id='word_1_810' title='bbox 631 3255 687 3290; x_wconf 87' lang='lat' dir='ltr'>per</span> <span class='ocrx_word' id='word_1_811' title='bbox 697 3248 867 3281; x_wconf 83' lang='lat' dir='ltr'>Relationes</span> <span class='ocrx_word' id='word_1_812' title='bbox 881 3270 889 3278; x_wconf 90' lang='lat'>.</span> <span class='ocrx_word' id='word_1_813' title='bbox 917 3244 1052 3279; x_wconf 89' lang='lat' dir='ltr'>Etenim</span> <span class='ocrx_word' id='word_1_814' title='bbox 1075 3245 1143 3279; x_wconf 88' lang='lat' dir='ltr'>Re·</span> 
     </span>
     <span class='ocr_line' id='line_1_122' title="bbox 257 3294 1139 3341; baseline -0.007 -7"><span class='ocrx_word' id='word_1_815' title='bbox 257 3297 400 3334; x_wconf 81' lang='lat' dir='ltr'>lat-iones</span> <span class='ocrx_word' id='word_1_816' title='bbox 422 3298 620 3341; x_wconf 89' lang='lat' dir='ltr'>quandoque</span> <span class='ocrx_word' id='word_1_817' title='bbox 640 3297 724 3330; x_wconf 85' lang='lat' dir='ltr'>fiunt</span> <span class='ocrx_word' id='word_1_818' title='bbox 753 3297 855 3332; x_wconf 89' lang='lat' dir='ltr'>etiam</span> <span class='ocrx_word' id='word_1_819' title='bbox 893 3306 948 3338; x_wconf 89' lang='lat' dir='ltr'>per</span> <span class='ocrx_word' id='word_1_820' title='bbox 974 3294 1139 3339; x_wconf 88' lang='lat' dir='ltr'>Legatos.</span> 
     </span>
    </p>
   </div>
   <div class='ocr_carea' id='block_1_14' title="bbox 1151 3218 1167 3314">
    <p class='ocr_par' dir='ltr' id='par_1_17' title="bbox 1151 3218 1167 3314">
     <span class='ocr_line' id='line_1_123' title="bbox 1151 3218 1167 3314; baseline 0 416"><span class='ocrx_word' id='word_1_821' title='bbox 1151 3218 1167 3314; x_wconf 95' lang='lat' dir='ltr'> </span> 
     </span>
    </p>
   </div>
   <div class='ocr_carea' id='block_1_15' title="bbox 1205 3188 2086 3336">
    <p class='ocr_par' dir='ltr' id='par_1_18' title="bbox 1205 3188 2086 3336">
     <span class='ocr_line' id='line_1_124' title="bbox 1205 3188 2086 3237; baseline 0 -11"><span class='ocrx_word' id='word_1_822' title='bbox 1205 3205 1250 3228; x_wconf 83' lang='lat' dir='ltr'>me</span> <span class='ocrx_word' id='word_1_823' title='bbox 1273 3193 1317 3226; x_wconf 80' lang='lat' dir='ltr'>illi</span> <span class='ocrx_word' id='word_1_824' title='bbox 1337 3216 1343 3224; x_wconf 92' lang='lat'>.</span> <span class='ocrx_word' id='word_1_825' title='bbox 1380 3188 1451 3233; x_wconf 74' lang='lat' dir='ltr'>Ipsis</span> <span class='ocrx_word' id='word_1_826' title='bbox 1473 3195 1564 3234; x_wconf 80' lang='lat' dir='ltr'>igitur</span> <span class='ocrx_word' id='word_1_827' title='bbox 1591 3198 1774 3236; x_wconf 83' lang='lat' dir='ltr'>congregatis</span> <span class='ocrx_word' id='word_1_828' title='bbox 1795 3194 1919 3226; x_wconf 74' lang='lat' dir='ltr'>sacram</span> <span class='ocrx_word' id='word_1_829' title='bbox 1944 3195 2086 3237; x_wconf 82' lang='lat' dir='ltr'>praelegi.</span> 
     </span>
     <span class='ocr_line' id='line_1_125' title="bbox 1205 3240 2085 3278; baseline -0.003 -1"><span class='ocrx_word' id='word_1_830' title='bbox 1205 3243 1341 3278; x_wconf 89' lang='lat' dir='ltr'>Interim</span> <span class='ocrx_word' id='word_1_831' title='bbox 1366 3240 1558 3275; x_wconf 83' lang='lat' dir='ltr'>Caffinenfis</span> <span class='ocrx_word' id='word_1_832' title='bbox 1591 3242 1765 3276; x_wconf 89' lang='lat' dir='ltr'>translatio</span> <span class='ocrx_word' id='word_1_833' title='bbox 1799 3243 1843 3277; x_wconf 85' lang='lat' dir='ltr'>est</span> <span class='ocrx_word' id='word_1_834' title='bbox 1869 3243 2085 3278; x_wconf 86' lang='lat' dir='ltr'>lucidiffima:</span> 
     </span>
     <span class='ocr_line' id='line_1_126' title="bbox 1206 3290 2083 3336; baseline -0.005 -8"><span class='ocrx_word' id='word_1_835' title='bbox 1206 3294 1307 3328; x_wconf 73' lang='lat' dir='ltr'>Lec‘iae</span> <span class='ocrx_word' id='word_1_836' title='bbox 1322 3290 1395 3335; x_wconf 85' lang='lat' dir='ltr'>sunt</span> <span class='ocrx_word' id='word_1_837' title='bbox 1417 3292 1535 3332; x_wconf 86' lang='lat' dir='ltr'>quidem</span> <span class='ocrx_word' id='word_1_838' title='bbox 1555 3291 1666 3325; x_wconf 84' lang='lat' dir='ltr'>litterae</span> <span class='ocrx_word' id='word_1_839' title='bbox 1691 3295 1820 3325; x_wconf 74' lang='lat' dir='ltr'>Pietatis</span> <span class='ocrx_word' id='word_1_840' title='bbox 1845 3291 1950 3332; x_wconf 67' lang='lat' dir='ltr'>vestra·</span> <span class='ocrx_word' id='word_1_841' title='bbox 1967 3319 1978 3334; x_wconf 89' lang='lat'>‚</span> <span class='ocrx_word' id='word_1_842' title='bbox 2005 3303 2083 3336; x_wconf 79' lang='lat' dir='ltr'>quas</span> 
     </span>
    </p>
   </div>
   <div class='ocr_carea' id='block_1_16' title="bbox 258 3342 2090 3395">
    <p class='ocr_par' dir='ltr' id='par_1_19' title="bbox 258 3342 2090 3395">
     <span class='ocr_line' id='line_1_127' title="bbox 258 3342 2090 3395; baseline -0.004 -10"><span class='ocrx_word' id='word_1_843' title='bbox 258 3348 342 3386; x_wconf 75' lang='lat' dir='ltr'>Haec</span> <span class='ocrx_word' id='word_1_844' title='bbox 352 3346 485 3395; x_wconf 82' lang='lat' dir='ltr'>vulgata</span> <span class='ocrx_word' id='word_1_845' title='bbox 495 3347 669 3386; x_wconf 79' lang='lat' dir='ltr'>translatio</span> <span class='ocrx_word' id='word_1_846' title='bbox 680 3346 808 3387; x_wconf 84' lang='lat' dir='ltr'>videtur</span> <span class='ocrx_word' id='word_1_847' title='bbox 818 3344 994 3387; x_wconf 81' lang='lat' dir='ltr'>Caffinensi</span> <span class='ocrx_word' id='word_1_848' title='bbox 1005 3346 1140 3389; x_wconf 86' lang='lat' dir='ltr'>melior,</span> <span class='ocrx_word' id='word_1_849' title='bbox 1201 3353 1257 3388; x_wconf 83' lang='lat' dir='ltr'>per</span> <span class='ocrx_word' id='word_1_850' title='bbox 1269 3343 1497 3377; x_wconf 81' lang='lat' dir='ltr'>Candidianum</span> <span class='ocrx_word' id='word_1_851' title='bbox 1510 3344 1614 3389; x_wconf 76' lang='lat' dir='ltr'>Magni</span> <span class='ocrx_word' id='word_1_852' title='bbox 1614 3342 1825 3386; x_wconf 74' lang='lat' dir='ltr'>ficentaeffimum</span> <span class='ocrx_word' id='word_1_853' title='bbox 1846 3346 1992 3377; x_wconf 78' lang='lat' dir='ltr'>Comitem</span> <span class='ocrx_word' id='word_1_854' title='bbox 2013 3342 2090 3377; x_wconf 80' lang='lat' dir='ltr'>dire·</span> 
     </span>
    </p>
   </div>
   <div class='ocr_carea' id='block_1_17' title="bbox 1146 3427 1169 3517">
    <p class='ocr_par' dir='ltr' id='par_1_20' title="bbox 1146 3427 1169 3517">
     <span class='ocr_line' id='line_1_128' title="bbox 1146 3427 1169 3517; baseline 0 213"><span class='ocrx_word' id='word_1_855' title='bbox 1146 3427 1169 3517; x_wconf 95' lang='lat' dir='ltr'> </span> 
     </span>
    </p>
   </div>
   <div class='ocr_carea' id='block_1_18' title="bbox 1931 3391 2043 3434">
    <p class='ocr_par' dir='ltr' id='par_1_21' title="bbox 1931 3391 2043 3434">
     <span class='ocr_line' id='line_1_129' title="bbox 1931 3391 2043 3434; baseline -0.018 -7"><span class='ocrx_word' id='word_1_856' title='bbox 1931 3391 2016 3434; x_wconf 67' lang='lat' dir='ltr'>xistis</span> <span class='ocrx_word' id='word_1_857' title='bbox 2029 3415 2043 3433; x_wconf 85' lang='lat'><em>,</em></span> 
     </span>
    </p>
   </div>
  </div>
 </body>
</html>
