2320 3730
568 162 879 217 Scuortrs,
919 174 982 203 ετ
1017 157 1211 204 Norrs
1247 156 1639 209 mussantis.

202 247 382 290 restitimus‚'
407 254 442 282 ut
449 245 592 291 praescius
602 246 702 280 borum
711 247 793 290 fieret
806 246 967 280 intellectus
988 250 1079 278 etiam

197 298 356 338 studiorum
381 299 554 332 &rationis
564 298 753 340 expertibus.
781 300 868 341 ,Quia
884 300 954 330 vero
970 293 1081 337 sema-

204 348 337 390 nifistum
349 372 360 388 ‚
387 353 438 391 qu}
446 348 501 389 ista
508 349 634 389 protulit
647 373 658 388 ,
682 354 716 381 in
736 349 865 382 Concilio
887 348 1056 380 declaravit
1068 367 1080 383 ,

202 400 236 432 δ
241 398 342 439 plures
352 410 389 431 ex
410 403 452 431 eis
475 404 526 440 qui
537 407 740 435 convenerant
751 423 763 439 ‚
789 401 919 439 imperiti
937 400 1078 437 penitus,

201 457 253 481 nec
274 449 337 481 ulla
356 449 502 492 dogmatis
512 449 616 481 imbuti
638 454 764 489 notitia,
785 453 842 488 pla
851 446 915 479 baec
937 444 1079 477 arbitrati

197 495 272 542 funt
291 522 302 538 ‚
325 505 422 540 operae
436 504 566 540 pretium
588 497 686 541 vificm
706 497 744 538 est
765 502 874 529 iterum
896 498 1057 528 consi-anit}
1069 517 1080 532 ‚

198 545 415 591 sermonemque
434 548 595 589 afflendere
619 571 630 587 ,
657 550 691 582 ὁ·
707 544 850 590 succisam
871 543 1081 588 blasphemiam

166 626 168 629 ,
202 598 405 640 multipliciter
428 597 602 640 confutare,
628 607 662 632 ut
681 595 886 640 ignorantibus
910 594 1079 629 evidentius

201 648 399 690 approbemus
429 673 441 690 ,
464 648 710 691 quemadmodum
730 646 910 689 Evangelils
932 645 1081 678 declaren-

202 706 252 730 tur
275 696 407 742 adversa
432 723 445 740 ,
482 710 551 742 quae
575 707 649 731 nunc
674 697 714 730 ab
739 696 802 737 istis
827 696 960 731 maxime
980 693 1082 736 profe-

201 755 308 782 runtur
320 774 327 781 .
496 772 497 777 ,

252 797 305 832 Ex
317 797 368 833 his
378 798 520 844 quaedarn
529 796 700 832 discimus.
728 795 842 831 Primo
853 795 960 838 ,quod
970 793 1083 829 Theo-

202 847 335 884 doretus
361 861 398 884 ac
420 849 475 883 alii
498 848 685 883 Orientales
707 848 808 892 usque
824 847 866 881 ad
889 844 1083 890 Ephesinam

203 897 375 941 Synodum
395 897 617 933 dubitaverint
636 923 648 939 ,
673 909 729 932 aut
751 897 862 942 potius
882 897 915 931 se
935 895 1084 930 dubitare

203 947 424 983 simulaverint
433 948 475 983 de
486 948 716 993 Capitulotum
725 946 878 983 Authore
886 970 895 978 .
922 944 1085 985 Secundo,

203 997 293 1040 quod
319 997 437 1042 Ephesi
460 998 607 1042 Cyrillus
625 999 693 1042 ipsa
714 1010 773 1042 pro
809 997 874 1032 suis
893 995 1065 1042 agnoverit
1079 1019 1086 1025 .

203 1046 295 1082 Nam
306 1048 373 1090 ipsa
384 1058 552 1091 tamquam
564 1050 618 1082 sua
628 1050 754 1083 curavit
764 1047 953 1082 solemniter
965 1045 1032 1091 legi
1045 1045 1085 1079 ad

204 1108 338 1130 omnem
349 1097 521 1139 Synodum
534 1122 542 1130 .
570 1097 692 1132 Tertio
702 1123 715 1140 ‚
739 1097 830 1142 quod
850 1095 1086 1132 Theodoretus

203 1145 256 1180 bis
277 1154 391 1181 contra
412 1147 478 1191 ipsa
498 1149 657 1192 scripserit
676 1173 688 1189 ‚
715 1148 858 1183 breviter
882 1157 961 1183 ante
982 1149 1088 1190 syno-

203 1195 307 1238 dum,
333 1197 460 1241 prolixe
478 1199 550 1242 post
575 1198 699 1242 ipsam:
727 1198 862 1242 Utique
883 1198 918 1232 in
938 1197 1087 1232 Pentalo·

203 1247 284 1290 gio,
309 1247 400 1290 cujus
422 1247 570 1290 palmaris
582 1250 700 1292 scopus
718 1249 784 1282 fuit
807 1258 926 1292 augere
946 1247 1087 1290 priorem

202 1295 352 1331 libellum
376 1321 388 1338 ‚
411 1297 447 1331 ἅτ
468 1297 623 1341 Capitula
642 1297 785 1332 atrocius
804 1297 956 1336 ariemre,
981 1297 1015 1330 δε
1036 1296 1088 1330 de-

203 1346 383 1381 monstrare
394 1346 592 1391 Ephefinam
602 1347 776 1391 Synodum
798 1347 891 1382 fuiss'e
910 1347 1089 1390 praevarica-

203 1397 326 1431 toriam
342 1422 350 1429 .
377 1397 489 1444 Qare
510 1397 640 1431 videtur
663 1398 819 1442 scripturn
840 1408 918 1431 ante
938 1397 1089 1431 Ecclefiae

206 1457 321 1490 pacem
341 1471 349 1479 .
376 1446 478 1481 Varia
501 1446 568 1490 ejus
589 1448 773 1493 fragmenta
791 1446 888 1482 nobis
910 1446 1089 1482 custodivit

205 1496 335 1531 Marius
354 1495 544 1536 Mercator,
567 1497 602 1530 δε
623 1497 691 1540 ipsa
702 1508 806 1540 nuper
830 1497 980 1542 vulgavit
993 1498 1090 1541 Joan-

205 1556 266 1581 nes
274 1545 451 1580 Garnorius
461 1570 469 1578 .
496 1544 603 1580 Porro
615 1545 762 1582 Andreas
776 1546 840 1581 fuit
851 1548 886 1580 in
900 1547 1090 1591 Episcopali

205 1595 370 1642 dignitate
378 1595 487 1631 senior
498 1593 735 1632 Theodoreto.
762 1597 857 1631 Hinc
867 1597 974 1641 ipsum
994 1597 1092 1631 Libe-

205 1655 295 1682 ratus
312 1646 487 1681 Diaconus
505 1646 607 1690 priori
628 1647 706 1682 loco
726 1647 835 1691 posuit
856 1672 864 1679 .
890 1647 986 1691 Juxta
1009 1648 1092 1682 anti-

206 1708 308 1742 quam
330 1696 372 1731 de
391 1696 631 1741 Episcoporum
658 1696 880 1741 praecedentiis
904 1697 1069 1742 Regulam
1083 1723 1090 1730 .

207 1746 261 1785 Et
276 1746 323 1781 est
334 1745 460 1781 dudum
479 1757 557 1783 ante
566 1746 821 1782 Theodoretum
843 1758 1011 1782 mortuus.
1037 1749 1093 1782 Et-

209 1795 300 1832 enim
322 1795 487 1841 Ephelino
507 1797 702 1833 Latrocinio
724 1798 830 1834 adfuit
848 1798 917 1841 ejus
928 1799 1094 1832 Successor

209 1847 385 1886 Ruffinus.
409 1847 585 1895 Qidquid
606 1849 646 1883 sit
670 1874 682 1889 ‚
710 1859 833 1882 certum
856 1848 983 1882 videtur
1004 1847 1094 1891 quod

210 1908 284 1931 non
305 1897 479 1932 dumtaxat
501 1907 578 1930 ante
598 1898 794 1938 synodum,
820 1898 874 1930 sed
895 1897 995 1931 etiam
1019 1908 1095 1931 ante

213 1946 468 1980 Theodoretum
485 1946 643 1989 scripserit
660 1973 667 1980 .
695 1946 788 1981 Hinc
809 1946 940 1981 forsitan
965 1946 1096 1990 Ephesi-

212 2007 334 2030 norum
354 1995 514 2029 Auorum
538 1995 724 2040 Congestor
736 1995 875 2029 Andreae
894 2001 978 2039 opus
988 1997 1095 2040 posuit

211 2055 291 2081 ante
301 2055 384 2089 opus
393 2042 620 2080 Theodoreti.
648 2045 750 2093 Qod
765 2046 841 2080 vero
860 2057 919 2079 neo
933 2046 1010 2084 hic,
1036 2057 1097 2081 nec

211 2096 272 2130 ille
281 2095 376 2130 suerit
388 2095 604 2129 Nestorianus
616 2095 795 2129 Haereticus
807 2120 818 2136 ‚
845 2096 930 2130 infra
950 2096 1075 2140 patebit
1089 2122 1095 2129 .

212 2147 328 2194 Qare
338 2145 501 2180 Anastafii
510 2145 641 2180 Sinaitae
650 2147 693 2180 de
704 2145 837 2180 Andrea
866 2146 1030 2189 Iudicium
1051 2147 1097 2181 est

213 2196 298 2239 justo
309 2195 454 2230 acerbius
464 2220 471 2227 .
499 2196 687 2239 Utriusque
697 2207 778 2239 opus
789 2197 891 2239 usque
913 2196 953 2231 ad
967 2197 1096 2240 Synodi

213 2246 317 2280 finem
327 2245 508 2279 haesitintra
520 2246 710 2279 Orientem:
739 2246 833 2279 Hinc
847 2247 880 2279 in
900 2247 1004 2290 prima
1027 2248 1099 2281 suo·

214 2307 288 2331 rum
300 2295 533 2340 capitulorum
553 2295 772 2333 declaratione
795 2296 942 2341 Cyrillus
953 2298 1098 2332 neutrius

214 2347 295 2381 fecit
311 2347 503 2382 memoriam
518 2373 525 2380 .

264 2397 346 2432 Haec
359 2399 519 2440 praesentis
528 2399 684 2443 *Epistola
695 2401 789 2435 verba
801 2424 812 2441 ,
840 2403 989 2435 Damnosi
1010 2404 1099 2433 mini-

212 2448 310 2488 strant
324 2470 335 2485 ,
360 2448 394 2479 <5
417 2450 618 2481 Damnatores
635 2448 741 2490 sedent
762 2458 913 2492 gementes
934 2456 967 2482 in
987 2452 1072 2481 domo
1089 2473 1100 2489 ,

216 2495 394 2530 ostendunt
418 2496 507 2538 quod
524 2496 734 2539 Ephesiorum
755 2498 872 2531 Clerus
897 2509 934 2531 ac
955 2497 1101 2540 Populus

215 2556 350 2579 omnem
372 2545 510 2587 Ioannis
528 2545 733 2580 Antiocheni
755 2548 946 2581 Fafflonem
966 2572 979 2587 ,
1003 2548 1036 2581 δε
1062 2546 1103 2581 ab

214 2597 282 2639 ipsa
306 2594 464 2630 inflistam
490 2593 621 2638 Cyrillo
646 2607 685 2629 ac
697 2597 877 2630 Memnoni
900 2596 1103 2641 degradatio·

216 2656 293 2679 nem
303 2645 476 2687 spreverint
489 2669 500 2685 ‚
521 2656 558 2678 ac
571 2646 700 2690 insuper
716 2657 790 2680 eam
802 2645 848 2680 ob
860 2646 954 2680 omni
966 2646 1101 2681 Basilica

215 2695 411 2729 excluserint
424 2719 436 2735 ‚
462 2705 522 2728 nec
541 2695 665 2730 Divina
678 2696 902 2740 permittentes
923 2694 1101 2731 celebrare.

216 2746 330 2780 Etiam
342 2755 418 2779 ante
428 2745 475 2779 eis
486 2745 640 2780 inflictam
651 2747 669 2781 a
682 2746 821 2790 Synodo
836 2747 1103 2781 excommunica·

218 2796 362 2829 tionem.
394 2795 438 2828 Et
457 2792 522 2828 hoc
542 2796 587 2829 ob
608 2806 670 2830 tres
691 2798 821 2831 causas.
848 2795 986 2836 Primo,
1012 2796 1101 2839 quod

218 2843 366 2879 viderent
387 2845 472 2888 ip'sos
483 2846 727 2880 communicare
749 2846 908 2881 damnato
919 2847 1077 2881 Nestorio
1090 2872 1102 2888 ,

218 2895 359 2939 ideoque
379 2894 527 2929 incidisse
547 2896 581 2929 in
601 2896 669 2939 ejus
683 2898 897 2942 contagium.
926 2897 1101 2939 Secundo,

218 2945 310 2988 quod
321 2943 424 2979 dietus
434 2944 550 2980 Clerus
574 2957 612 2980 ac
622 2945 768 2990 Populus
790 2946 895 2981 nollet
917 2948 1101 2990 permittere

220 2994 468 3029 Schismaticum
478 2995 748 3030 conciliabulum
759 3022 770 3038 ‚
796 2998 830 3030 δε
841 3009 895 3040 per
914 2998 1020 3041 ipsum
1034 2997 1102 3042 pol·

222 3044 272 3076 lui
284 3045 353 3077 suas
364 3045 528 3079 Basilicas.
558 3045 677 3080 Tertio
689 3071 700 3087 ‚
727 3047 816 3091 quod
830 3049 970 3091 Joannes
980 3047 1102 3082 Antio-

221 3091 346 3127 chenus
358 3095 534 3129 minaretur
544 3096 577 3129 in
589 3095 782 3131 Memnonis
792 3097 904 3132 locum
915 3099 1101 3133 consecrare

222 3154 349 3176 novum
368 3143 581 3188 Episcopum.
608 3147 688 3181 Haec
702 3147 818 3189 verba,
844 3150 910 3192 ,Qut
932 3159 997 3182 cum
1019 3150 1102 3181 dam·

222 3198 307 3226 natis
328 3199 521 3228 communione
538 3200 656 3236 privati
673 3195 745 3239 sunt
764 3219 775 3236 ,
798 3208 970 3241 exponunt
992 3198 1100 3233 faiho«

223 3244 290 3276 sam
301 3242 512 3277 sententiam.
543 3246 626 3279 Haec
645 3258 785 3292 namque
806 3248 914 3282 solum
935 3248 1101 3292 Cyrillum

222 3304 262 3326 ac
273 3293 492 3328 Memnonem
503 3293 598 3337 plene
608 3296 776 3333 damnarat
786 3321 798 3339 ‚
823 3298 878 3332 seu
889 3298 1080 3343 degradarat
1092 3324 1102 3340 ,

222 3343 364 3386 reliquos
376 3343 556 3390 Episcopos
569 3344 636 3379 sola
655 3347 891 3382 communione
904 3348 1097 3392 privaverat.

223 3393 270 3428 Et
290 3391 370 3428 hinc
391 3393 722 3438 omninolegendum
742 3397 812 3431 est:
837 3402 914 3431 Cum
924 3399 1101 3433 damnatis:

320 3442 433 3476 Christ.
443 3446 521 3487 Lupi
532 3448 629 3487 opera
639 3447 671 3478 T.
687 3450 755 3479 VH.

1888 174 1949 219 63

1143 241 1245 276 Non:
1272 247 1349 275 Cum
1371 244 1555 276 indamnatis
1568 257 1578 276 .·
1606 244 1687 277 Haec
1705 243 1799 280 verba
1815 269 1826 286 ‚
1852 247 1932 288 Ipsos
1955 257 2018 279 oon-

1143 293 1296 327 demnatos
1306 296 1456 335 deputant
1466 318 1477 334 ‚
1503 293 1542 326 ab
1554 294 1715 335 eademque
1727 296 1916 330 damnassent·
1928 293 2021 338 solvan

1142 351 1212 375 runt
1231 368 1242 384 ,
1268 338 1442 379 continent
1472 343 1647 387 palmarem
1667 342 1875 379 Theodoreti
1902 346 1937 380 in
1959 344 2023 380 hau

1143 393 1289 435 Epistola
1300 394 1536 438 querimoniam
1550 419 1557 426 .
1587 393 1671 427 Eam
1682 393 1821 436 exponit
1844 397 1954 430 omnis
1963 396 2023 429 Fa·

1143 443 1207 476 &io
1218 443 1251 477 in
1262 445 1438 479 Relatione
1449 444 1490 479 ad
1499 444 1686 487 Principem
1695 468 1706 484 ,
1717 443 1858 478 scribens
1868 444 1908 478 de
1918 444 2023 487 Ephe-

1142 492 1201 527 fini
1213 494 1361 529 Concilii
1372 494 1541 530 Patribus:
1570 497 1702 527 Pietatis
1725 493 1895 527 sanaeiones
1910 502 1968 535 pro
1980 499 2024 526 m·-

1142 541 1200 575 bilo
1238 545 1374 579 ducentes
1396 569 1408 586 ,
1445 545 1634 586 fundlionem
1658 545 1855 577 Sacedotalem
1876 568 1888 584 ‚
1914 550 1947 576 ut
1966 542 2022 584 fibi

1139 591 1343 634 persuadent,
1370 597 1476 634 cyrillo
1501 593 1910 634 &Memnonirestuuerunt.
1936 595 2023 626 Idem

1142 643 1258 682 moliti,
1283 655 1317 676 ac
1322 644 1352 685 fi
1356 651 1423 688 quis
1436 670 1448 686 ,
1472 656 1536 679 cum
1546 643 1606 688 ipse
1609 643 1649 686 fit
1660 645 1770 688 ligatus
1778 646 1795 685 ',
1822 654 1912 686 neque
1930 641 2024 686 semet

1142 689 1268 735 ipsuma
1280 696 1408 727 vinculis
1419 696 1561 737 expedire
1583 696 1709 734 valeat,
1734 696 1828 728 alium
1849 703 1950 733 tamen
1969 691 2026 736 sol-

1143 753 1213 776 vere
1224 750 1342 777 conetur
1356 768 1363 774 .
1388 747 1475 776 Nam
1479 745 1508 785 fi
1515 749 1681 779 Memnonis
1708 746 1743 779 Θ·
1753 743 1854 783 cyrill}
1868 742 2025 786 depositio,

1143 794 1163 824 ιῖ
1175 792 1372 834 nobisfadla‚
1399 794 1506 826 valida
1522 807 1579 827 non
1581 794 1705 838 fuiffet,
1732 806 1785 829 nec
1808 794 1921 828 libellos
1939 792 2029 828 exbi-

1143 843 1224 882 beri,
1249 854 1300 876 nec
1309 840 1447 885 depositos
1457 841 1572 885 absolvi
1582 867 1593 883 ,
1616 845 1698 885 quod
1715 844 1894 887 ipfiputant
1906 868 1918 884 ‚
1943 852 2029 886 opor-

1144 894 1246 928 tebat.
1273 895 1303 926 51·
1322 902 1422 926 autem
1440 903 1475 926 ea
1491 891 1695 926 exauthoratio
1716 897 1789 929 vere
1802 895 1883 936 jussa
1898 920 1910 937 ‚
1935 896 2029 938 legiti-

1145 943 1322 987 maquefuit
1333 966 1343 983 ‚
1367 952 1400 976 ut
1422 944 1527 976 reverti
1550 940 1619 983 fuit
1630 966 1642 981 ,
1667 941 1769 975 horum
1787 955 1900 988 quoque
1918 955 2031 979 excom-

1145 999 1304 1028 municatio
1324 1018 1334 1033 ‚
1357 995 1484 1035 proinde
1509 1003 1543 1025 ac
1563 990 1699 1034 depositio
1720 1014 1732 1031 ‚
1753 993 1835 1032 justa
1859 996 1892 1027 (9¹
1919 995 2030 1028 valida

1146 1044 1263 1085 existit.
1291 1044 1336 1076 Ab
1347 1042 1453 1086 iisdem
1463 1048 1543 1080 em’m
1554 1040 1617 1075 haec
1642 1043 1677 1076 δ’
1696 1041 1752 1074 illa
1773 1048 1931 1075 manavit.
1958 1049 2030 1084 Haec

1146 1107 1210 1129 cum
1219 1092 1302 1138 irase
1313 1093 1444 1127 babeant
1454 1119 1466 1135 ,
1491 1093 1634 1137 quomodo
1645 1096 1954 1125 excommunicationis
1963 1099 2034 1134 vin-

1147 1147 1218 1179 culis
1229 1146 1386 1186 innodati,
1413 1147 1448 1179 (τ
1460 1141 1884 1183 omniSacerdotallfunHione
1900 1147 2034 1183 privati,

1148 1194 1281 1238 depositis
1292 1196 1456 1229 sacerdotii
1469 1194 1665 1235 Minister-ium
1681 1191 1829 1233 restituere
1845 1200 2004 1234 potuerunt
2017 1192 2033 1222 ἓ

1149 1248 1242 1287 quue
1262 1244 1428 1286 majoribus
1450 1256 1561 1288 quoque
1578 1243 1611 1287 se
1630 1245 1822 1279 involventes
1843 1240 2014 1280 criminibus
2027 1267 2035 1275 .

1149 1298 1273 1338 ,Quippe
1291 1302 1534 1330 excommunicati
1557 1306 1621 1329 cum
1654 1295 1739 1338 effent
1760 1317 1770 1333 ‚
1805 1299 2036 1327 communionem

1148 1347 1257 1380 temere
1279 1354 1495 1387 attentarunt,
1522 1348 1557 1382 6
1577 1356 1642 1378 cum
1660 1343 1792 1387 depofitis
1812 1368 1824 1384 ,
1852 1350 1942 1378 etlam
1965 1352 2036 1376 ante

1149 1397 1308 1430 ridiculam
1319 1398 1403 1430 illam
1413 1391 1620 1440 absolutionem
1631 1419 1642 1435 ‚
1666 1403 1768 1429 contra
1780 1396 1858 1435 J'ura
1875 1399 2037 1428 communi-

1150 1456 1276 1480 carunt.
1303 1447 1468 1482 Faffiosus
1479 1447 1615 1491 Joannis
1636 1445 1833 1480 Conventus
1846 1456 1911 1479 una
1936 1456 1974 1479 ac
1987 1455 2040 1477 ea-

1150 1496 1227 1531 dem
1239 1497 1399 1531 sententia
1410 1497 1579 1541 Cyrillum
1604 1496 1870 1530 &Memnonem
1891 1504 2039 1539 commu-

1152 1546 1252 1581 nione
1278 1546 1448 1592 &gradu,
1473 1547 1616 1589 reliquos
1626 1557 1741 1580 omnes
1754 1544 1881 1589 Synodi
1907 1545 2040 1587 Episo'o,

1152 1608 1211 1641 pos
1223 1598 1291 1632 sola
1302 1598 1542 1632 communione
1551 1605 1682 1630 exuerat
1691 1619 1699 1627 .
1728 1594 1876 1637 Cyrillus
1885 1595 1919 1627 ἀ
1930 1593 2041 1628 Mem-

1153 1659 1221 1681 non
1233 1647 1452 1687 obedierunt,
1477 1648 1509 1681 se
1519 1653 1722 1681 retraxerunt
1742 1644 1762 1678 a
1789 1642 1950 1686 Syn0d0‚
1975 1643 2007 1676 &
2020 1642 2039 1675 a

1153 1697 1247 1731 novis
1255 1696 1412 1731 Celestini
1423 1697 1559 1741 Legatis
1570 1695 1807 1739 reparationem
1822 1693 2040 1737 postularunt,

1153 1759 1190 1782 ac
1199 1747 1432 1782 obtinuerunt.
1461 1747 1511 1781 At
1523 1747 1601 1782 vero
1612 1746 1717 1781 caeteri
1741 1743 1896 1787 Episcopi
1920 1745 2042 1787 spreve-

1154 1808 1230 1832 runt
1250 1799 1365 1834 omnia
1383 1823 1395 1839 ,
1422 1798 1628 1842 perstiterunt
1649 1796 1685 1830 in
1708 1793 1901 1829 Ministerio
1923 1819 1935 1835 ,
1961 1804 2041 1828 cum

1155 1848 1250 1882 novis
1273 1849 1410 1892 Legatis
1434 1856 1640 1890 perrexerunt
1661 1857 1758 1890 agere
1777 1843 1954 1887 synodalia
1967 1868 1978 1884 ,
2005 1844 2042 1877 δε

1156 1896 1323 1939 Cyrillum
1338 1895 1471 1930 tandem
1498 1907 1535 1930 ac
1554 1896 1777 1929 Memnonem
1794 1902 2020 1937 reparaverunt
2031 1917 2041 1929 .

1156 1947 1251 1995 Qin
1290 1947 1326 1980 &
1347 1947 1440 1980 suum
1465 1944 1837 1980 Excommunicatorem
1859 1943 2043 1986 Ioannem,

1157 1996 1336 2040 omnesque
1347 1995 1376 2029 ei
1389 2005 1580 2038 cooperatos
1594 1994 1777 2037 Episcopos
1796 1994 2044 2036 impertiverunt

1157 2045 1282 2079 talione
1301 2070 1308 2076 .
1334 2045 1716 2079 Excommunicaverunt
1737 2068 1745 2075 .
1781 2041 1862 2075 Haec
1900 2042 2045 2086 Joannes

1157 2094 1313 2130 clamavit
1323 2094 1460 2130 ridicula
1472 2120 1484 2138 ,
1509 2092 1744 2129 Theodoretus
1757 2092 1877 2136 scripsit
1897 2094 1960 2128 esse
1978 2092 2045 2128 Co-

1159 2147 1244 2181 mica
1270 2155 1327 2181 aut
1336 2145 1481 2191 Tragica
1492 2145 1670 2180 Poetarum
1683 2145 1858 2190 figmenta.
1890 2144 1936 2179 Et
1956 2143 2046 2178 cer-to

1160 2208 1228 2232 non
1251 2195 1347 2240 plene
1367 2195 1592 2232 cohaerebant.
1644 2227 1647 2229 .

1207 2247 1290 2281 Haec
1303 2247 1422 2287 verba,
1447 2251 1607 2292 AEgyptu,
1633 2246 1811 2289 Palaestm,
1839 2248 1873 2280 (τ
1893 2256 1957 2281 cum
1969 2248 2048 2279 Pon—-

1158 2304 1227 2332 ticts
1245 2297 1346 2341 Afiani
1356 2324 1367 2340 ‚
1393 2310 1514 2342 cumque
1539 2298 1601 2339 istis
1614 2299 1757 2333 occidens
1768 2322 1779 2338 ,
1807 2295 1891 2331 clare
1909 2297 2047 2331 edicunt

1161 2348 1342 2394 Epistulam
1367 2350 1462 2385 fuisse
1483 2349 1634 2393 scriptam
1658 2349 1730 2393 post
1742 2348 1972 2382 Romanorum
1984 2346 2048 2380 Le-

1159 2409 1313 2443 gatorum
1323 2399 1502 2433 adventum
1515 2423 1522 2431 .
1556 2399 1647 2433 Nam
1664 2408 1742 2433 ante
1752 2397 1842 2432 hunc
1868 2397 2048 2432 adventum

1160 2448 1270 2481 nullus
1294 2447 1399 2480 adfuit
1410 2448 1638 2481 Occidentalis
1662 2448 1861 2491 Episcopus.
1890 2446 2048 2488 Exceptis

1163 2497 1271 2540 paucis
1296 2495 1497 2539 Illyricianis
1521 2509 1528 2528 ε
1556 2496 1690 2540 Lingua
1712 2496 1834 2529 Graecis
1856 2519 1863 2526 .
1899 2494 2048 2538 Epistola

1161 2557 1272 2581 tamen
1295 2546 1423 2580 nullam
1435 2546 1475 2580 de
1489 2546 1626 2589 Joannis
1640 2543 1845 2579 Antiocheni
1864 2542 2050 2578 damnatio-2

1162 2608 1203 2631 ne
1213 2596 1292 2630 facit
1305 2596 1497 2630 memoriam
1508 2620 1519 2636 ‚
1546 2593 1689 2637 ideoque
1706 2593 1831 2629 clarum
1841 2594 1886 2627 est
1897 2594 1959 2628 esse
1973 2594 2049 2629 scri-

1163 2656 1252 2691 ptam
1273 2645 1405 2680 decimo
1435 2645 1573 2689 septimo
1598 2643 1748 2679 calendas
1770 2642 1913 2688 Augusti
1933 2668 1945 2686 ‚
1970 2653 2048 2681 anto

1161 2698 1313 2742 quintam
1347 2696 1544 2731 Aetionem.

1210 2745 1358 2793 Qaestio
1369 2747 1415 2781 est
1429 2770 1441 2787 ‚
1469 2745 1653 2793 Qiomodo
1668 2743 1724 2780 hic
1738 2743 1973 2781 Theodoretus
1998 2746 2048 2781 in-

1163 2807 1212 2832 ter
1224 2796 1344 2839 Cyrilli
1362 2795 1506 2831 Affeclas
1517 2806 1666 2832 numeret
1678 2796 1838 2831 Ponticos
1863 2808 1901 2831 ac
1909 2795 2047 2830 Asianos

1165 2847 1344 2891 Episcopos
1353 2872 1365 2889 ,
1389 2847 1447 2889 qui
1460 2847 1492 2881 in
1505 2846 1650 2883 secundo
1661 2848 1720 2882 suo
1733 2845 1991 2883 chalcedonensi
2004 2844 2047 2880 ad

1163 2899 1391 2940 Imperatorem
1411 2897 1642 2932 Theodosium
1667 2897 1781 2932 libello
1802 2895 1911 2941 postea
1924 2896 2048 2940 scripsit

1164 2949 1249 2991 ipsos
1260 2947 1421 2982 adhaerere
1435 2949 1496 2982 suae
1507 2948 1666 2982 factioni?
1692 2947 1783 2982 Nam
1811 2945 1942 2981 &hunc
1956 2945 2049 2980 libel-

1162 2998 1232 3032 lum
1242 2997 1477 3033 Theodoretus
1490 2998 1674 3041 composuit
1699 3008 1755 3032 aut
1777 2997 1890 3031 saltem
1913 2995 2050 3032 subscri-

1163 3049 1236 3092 psit.
1266 3048 1465 3091 Respondeo
1478 3048 1653 3083 Ponticam
1664 3048 1836 3082 Dioecefim
1858 3046 1951 3081 fuisse
1963 3044 2048 3081 divi-

1164 3100 1229 3132 sam
1249 3124 1256 3131 .
1283 3098 1454 3133 Himerius
1476 3097 1738 3133 Nicomedienfis
1759 3122 1771 3139 ,
1815 3097 1849 3131 δε
1871 3093 2048 3132 Eutherius

1162 3148 1392 3191 Thyanenfis,
1420 3147 1856 3192 MetropolitaniBithyniae
1881 3146 1916 3180 &
1937 3147 2049 3182 secun·

1163 3199 1211 3233 dae
1232 3197 1450 3242 Cappadociae
1473 3223 1485 3240 ,
1509 3196 1712 3233 adhaerebant
1735 3196 1855 3242 Joanni
1878 3209 1889 3240 ;
1916 3197 2046 3232 Firmus

1164 3249 1373 3284 Coesaraeenfis
1410 3249 1444 3283 &
1481 3249 1597 3292 reliqui
1619 3247 1836 3293 sequebantur
1858 3245 2047 3290 Cyrillum.

1164 3299 1267 3346 Qod
1279 3299 1380 3333 etiam
1390 3298 1550 3340 quosdam
1561 3299 1724 3333 Asiaticos
1736 3299 1763 3333 F
1764 3297 1850 3333 ustio
1860 3296 2024 3332 seduxerit
2034 3319 2047 3335 ,

1165 3349 1258 3383 docet
1281 3349 1478 3384 Nestoriana
1501 3349 1659 3384 Anastafii
1685 3360 1724 3383 ac
1745 3346 1862 3383 Photii
1883 3347 1919 3382 in
1938 3347 2048 3382 Anam

1167 3398 1306 3444 Legatio
1318 3423 1330 3440 ‚
1355 3399 1545 3443 &ipsorum
1559 3401 1643 3434 Asta
1653 3398 1739 3443 apud
1753 3397 1867 3442 Lydiae
1888 3392 2051 3477 {hiladelq

1565 3450 1592 3482 F
1643 3460 1667 3487 2
1868 3457 1889 3490 p
1916 3454 1998 3483 iam.
