2320 3730
290 268 410 311 ubique
427 261 573 307 cyrillus
589 264 728 300 affirmat
740 287 751 305 ‚
780 272 848 299 tam
863 274 919 307 per
929 273 965 295 ea
978 270 1048 301 quae
1060 256 1178 300 scripfit

291 315 585 359 Constantinopoli
597 315 795 360 degentibus
807 311 944 346 Clericis
967 309 1051 348 suis,
1078 316 1176 351 quarn

286 377 344 415 per
367 366 568 409 illaquoque
591 376 663 410 quas
673 365 713 399 ad
729 363 890 396 Acacium
905 357 1176 397 Melitinensem,

286 417 346 461 qui
358 412 646 460 exprobraveratei
662 411 748 455 quasi
771 410 790 442 a
802 409 866 443 suis
877 409 1036 443 receflerit
1050 431 1062 448 ‚
1088 408 1121 441 &
1135 405 1175 440 ad

287 467 565 504 communionem.
586 462 681 498 fuerit
706 458 748 495 ab
770 456 989 494 Antiocheno
1007 467 1174 500 receptus.

337 516 453 551 Taceo
465 515 506 550 de
521 512 663 557 ejusdem
676 509 797 554 Cyrilli
819 509 936 543 litteris
957 508 998 543 ad
1011 507 1173 541 Acacium

290 564 529 604 Berrhaeensem
547 561 694 605 scriptis,
720 559 1016 594 inconvincibilem
1028 556 1174 592 habenti-

291 615 351 659 bus
362 613 549 651 instantiam
563 637 574 654 ,
584 621 652 646 tam
664 621 724 655 pro
737 610 852 645 iisdem
867 610 1030 654 Capitulis
1042 631 1052 648 ‚
1074 619 1173 650 quam

283 677 343 714 pro
358 662 514 699 omnibus
534 686 547 703 ,
571 673 642 706 quae
665 661 753 705 prius
773 660 807 694 &
820 660 931 704 postea
955 658 1055 703 impie
1076 670 1176 702 expo··

281 712 364 751 suit.
393 715 472 749 Post
495 724 568 757 qux
589 708 820 746 Antiochenus
844 710 988 746 Paulum
1013 710 1047 744 in
1062 708 1171 754 AEgy-

282 775 376 809 ptum
389 762 531 803 direxit,
558 770 624 796 tam
640 761 810 808 Dogmata
822 761 944 805 Cyrilli
967 759 1142 804 suscipiens
1157 784 1168 801 ‚

280 825 342 858 pro
353 813 472 854 quibus
482 821 557 847 eum
584 811 728 847 secunde>
746 813 981 853 damnaverat,
1007 822 1104 855 quam
1126 822 1169 844 re-

279 863 472 900 &itudinem
494 862 572 897 fidei
596 861 875 898 anathematizans
896 863 930 896 in
955 862 1106 906 Scripto,
1135 860 1168 894 δε

247 946 248 949 ,
280 913 393 948 omnia
406 913 530 947 faciens
539 912 620 947 ficut
632 913 664 948 ei
675 913 812 957 placuit.
842 914 885 947 Et
897 912 1015 947 horum
1028 911 1115 946 testis
1122 911 1166 944 est

279 964 348 1007 ipse
369 964 516 1007 Cyrillus
531 987 543 1004 ,
569 963 629 1007 qui
650 963 717 1007 ejus
728 964 982 999 satisfaetionem
1005 963 1165 1004 suscepit,

280 1014 339 1058 qui
366 1014 399 1048 in
425 1015 490 1048 suis
513 1011 554 1048 ad
574 1013 737 1049 Acacium
773 1014 1021 1048 Melitinensem
1051 1012 1167 1045 litteris

276 1062 364 1098 hanc
386 1065 525 1099 eandem
547 1074 813 1098 commemor-ans
826 1063 1008 1106 Epistolam
1025 1060 1066 1094 ad
1082 1060 1164 1093 Aca·

274 1113 364 1148 cium
378 1113 614 1148 Berrhaeensern
633 1124 730 1154 quam
744 1112 852 1152 fecit,
880 1123 961 1145 mox
983 1111 1096 1144 intulit
1118 1110 1167 1143 in-

276 1165 396 1207 quiens
407 1188 418 1204 ,
445 1166 530 1206 ,Quia
541 1159 599 1202 nifi
607 1160 781 1194 Antiocheno
794 1172 830 1195 ea
839 1185 849 1202 ‚
873 1171 941 1204 quae
953 1162 973 1193 ἃ
982 1171 1030 1194 me
1040 1160 1083 1193 ad
1091 1167 1164 1193 Aca·

274 1219 351 1248 cium
366 1212 483 1255 ftripta
501 1209 598 1253 sunt,
619 1213 793 1255 placuissent
807 1236 817 1253 ,
846 1223 902 1245 non
915 1212 1164 1254 utiqueaprmci-

270 1268 323 1308 pto
350 1263 480 1296 Paulum
503 1261 653 1305 direxisset
673 1263 721 1296 ad
746 1273 810 1296 me.
837 1263 1068 1306 interpretatur
1090 1260 1165 1295 vero

271 1313 422 1356 Cyrillus
445 1312 533 1348 idem
559 1314 594 1346 in
608 1313 728 1348 eisdem
748 1312 864 1348 litteris
885 1313 949 1348 suis
962 1310 1141 1357 Epistolam
1154 1336 1163 1352 ‚

272 1374 373 1408 quam
399 1363 520 1398 detulit
543 1362 664 1399 Paulus
677 1388 688 1405 ,
714 1375 784 1408 quat
805 1363 928 1400 sursum
950 1375 989 1399 ac
1011 1361 1163 1397 deorsum

273 1411 318 1447 ab
342 1413 559 1449 Antiocheno
595 1416 756 1457 profertur
778 1439 789 1456 ,
817 1425 854 1450 ut
875 1414 961 1450 nihil
980 1412 1127 1448 omnino
1146 1412 1164 1445 a

272 1463 439 1506 Capitulis
449 1463 654 1499 differentem
669 1490 679 1505 ,
695 1465 749 1500 sed
763 1464 877 1500 eadem
890 1465 1077 1499 intentione
1085 1474 1165 1497 con-

269 1513 423 1556 scriptam
435 1537 446 1553 ,
471 1514 503 1548 δε
518 1514 603 1549 male
617 1526 659 1549 ex
679 1514 805 1550 invidia
829 1514 1028 1550 intellefflm
1044 1512 1085 1547 ab
1097 1514 1163 1553 eis,

270 1564 330 1607 qui
353 1575 424 1598 eam
436 1563 674 1600 orthodoxam
695 1564 829 1608 quidem
850 1565 990 1606 dicunt,
1015 1563 1070 1598 sed
1089 1563 1139 1597 his
1152 1587 1163 1604 ,

268 1624 342 1657 quae
366 1613 458 1649 abeo
483 1614 569 1658 prius
586 1615 661 1649 sunt
670 1617 812 1659 exposita
827 1640 839 1657 ,
865 1618 929 1651 else
938 1614 1138 1650 contrariam
1151 1638 1164 1654 ,

266 1662 412 1698 necnon
436 1665 469 1698 ἀ
481 1664 634 1699 ἀοᾶτὶηκ
644 1664 788 1701 Nestorii
800 1668 1039 1702 consonantem
1052 1691 1060 1699 .

321 1714 450 1749 Verum
466 1726 527 1749 nos
542 1714 609 1750 haec
629 1716 744 1752 omnia
758 1717 972 1759 omittentes,
997 1714 1163 1760 hujusmo-

267 1764 305 1798 di
340 1764 569 1799 conditionem
591 1766 741 1801 dedimus
767 1766 986 1803 Antiocheno
1007 1791 1018 1807 ,
1047 1777 1084 1801 ut
1105 1775 1162 1800 aut

265 1814 413 1849 suaderet
437 1815 606 1857 Cyrillum
643 1815 921 1852 anathematizare
950 1816 1063 1851 omnia
1083 1816 1162 1856 sua,

270 1865 306 1899 &
320 1865 388 1898 sola
402 1864 595 1908 Apostolica
615 1864 765 1902 dostrina
785 1867 850 1902 effe
860 1877 1056 1903 contentum
1076 1867 1161 1901 circa

267 1926 382 1950 eorum
397 1939 408 1956 ,
434 1926 507 1960 quae
526 1917 641 1960 scripta
661 1917 738 1953 sunt
756 1941 769 1961 ,
795 1918 1015 1953 intentionem
1033 1942 1044 1959 ,
1069 1918 1102 1951 δε
1121 1917 1162 1950 fic

270 1966 553 2009 conjungerentur
571 1966 742 2008 ‘Ecclefiae,
769 1978 827 2002 aut
848 1968 917 2012 ipse
929 1965 1161 2003 Antiochenus

266 2012 559 2049 anathematizaret
578 2016 613 2049 in
625 2017 754 2060 Scripto
765 2018 932 2060 Cyrillum
954 2030 1031 2052 cum
1051 2016 1161 2060 impiis

268 2063 499 2109 Dogmatibus
519 2064 610 2107 eJus,
637 2076 751 2099 contra
775 2077 844 2109 quae
857 2067 946 2109 prius
964 2065 1044 2109 saepe
1054 2066 1160 2098 decre-

269 2115 341 2155 vit,
367 2115 401 2149 &
415 2122 538 2149 nornen
560 2114 636 2149 Deo
660 2114 843 2150 amiciffimi
867 2115 1022 2159 Episcopi
1041 2113 1159 2149 Nesto-

266 2164 308 2199 rii
322 2190 332 2204 ,
358 2165 414 2207 qui
426 2175 486 2206 pro
499 2163 568 2195 sola
578 2163 700 2206 pietate
715 2166 804 2198 tanta
818 2165 994 2206 perpetitur
1004 2190 1016 2207 ,
1041 2164 1164 2198 faustis

269 2213 461 2248 inscriberet
488 2208 670 2254 Dyptichis
691 2236 698 2245 .
732 2213 794 2245 Sed
815 2212 896 2246 nihil
912 2211 1033 2247 horum
1055 2214 1161 2246 facere

271 2263 380 2299 voluit
393 2287 400 2295 .
429 2262 567 2305 Propter
589 2259 657 2295 haec
678 2271 739 2296 nos
751 2261 956 2297 dissentimus
970 2261 1011 2297 ab
1026 2273 1067 2296 eo
1078 2286 1090 2302 ,
1116 2272 1161 2295 at·

273 2326 338 2359 que
350 2312 392 2346 ab
415 2312 485 2355 ejus
500 2312 741 2347 communione
761 2311 980 2358 disjungimur
992 2338 999 2345 .
1027 2312 1059 2346 Si
1072 2311 1162 2346 enim

274 2376 335 2411 pro
352 2364 543 2408 incongruis
562 2364 620 2397 ille
641 2363 792 2406 persistit,
818 2373 979 2405 quantum
991 2361 1036 2396 est
1053 2370 1088 2396 ut
1101 2373 1161 2397 nos

275 2426 336 2458 pro
349 2414 468 2459 pietate
479 2413 653 2457 perstemus
664 2413 681 2444 ?
707 2414 774 2447 Pro
785 2424 847 2457 qua
860 2413 973 2458 utique
997 2412 1031 2446 &
1044 2413 1062 2446 a
1073 2422 1162 2447 com·

277 2467 440 2500 munione
461 2464 530 2508 ejus
552 2464 752 2505 avertimur,
778 2475 846 2498 non
872 2463 914 2498 ab
935 2462 991 2498 illa
1012 2461 1164 2498 fiderece-

277 2516 410 2556 dentes,
436 2526 513 2549 cum
535 2525 597 2559 qua
610 2525 686 2548 eum
708 2522 841 2548 euntem
863 2514 904 2549 ad
918 2513 1080 2558 Ephesum
1094 2538 1105 2554 ,
1130 2513 1163 2546 &

279 2565 322 2600 ab
340 2563 471 2609 Epheso
492 2574 708 2599 revertentem
731 2565 926 2608 suscepimus
948 2588 959 2603 ‚
988 2563 1042 2597 sed
1064 2564 1163 2607 ipsam

280 2617 442 2650 servantes
460 2624 497 2649 ut
521 2614 770 2658 Apostolicam,
796 2614 830 2648 ἀ
851 2614 869 2648 a
895 2613 995 2648 beatis
1016 2612 1165 2647 Patribus

281 2666 460 2703 traditam,
486 2676 585 2707 quam
606 2665 625 2697 a
650 2663 781 2706 Magno
791 2660 978 2698 Theodoro
993 2687 1004 2704 ,
1031 2663 1087 2706 qui
1107 2674 1166 2703 ea,

284 2726 356 2760 quae
367 2714 417 2747 illi
429 2714 587 2747 tradidere
597 2737 608 2753 ‚
635 2713 766 2747 tradens
774 2713 910 2753 claruit,
936 2714 1121 2758 accepimus
1130 2739 1137 2745 .

338 2766 382 2799 Et
394 2764 526 2808 ignosce
536 2787 547 2804 ,
573 2765 680 2807 quaeso
692 2787 704 2803 ‚
733 2763 827 2798 nobis
838 2775 907 2798 non
919 2763 1103 2798 valentibus
1114 2763 1167 2798 de-

285 2814 392 2859 cipere
411 2814 646 2847 conscientiam
670 2812 830 2847 nostram.
857 2814 891 2847 Si
912 2824 1023 2849 autem
1041 2824 1169 2858 propter

287 2864 356 2901 haec
377 2862 656 2907 tranquilliffimus
679 2863 857 2906 Imperator
879 2865 1026 2908 praecepit
1049 2875 1109 2899 nos
1128 2863 1170 2898 ab

289 2914 444 2949 Ecclefiis
457 2914 554 2957 ejici,
579 2912 681 2947 facito
691 2912 780 2957 quod
802 2912 923 2956 justum
936 2914 981 2948 est
992 2940 1004 2956 ,
1031 2926 1091 2949 nec
1104 2926 1171 2949 ma-

290 2965 474 3000 levolentiae
486 2964 592 3008 gratia
601 2963 730 2998 differas
739 2962 780 2997 ad
791 2962 889 2997 finem
900 2987 911 3003 ,
937 2975 1004 3007 quae
1015 2965 1088 2999 sunt
1098 2976 1172 3009 prae-

293 3025 407 3059 cepta,
434 3014 625 3058 perducere.
655 3014 730 3059 Ego
750 3012 840 3048 enim
865 3023 945 3047 mox
966 3024 1002 3048 ut
1016 3015 1116 3058 ipsam
1126 3015 1172 3049 vi-

294 3064 372 3100 dero
393 3063 616 3099 authenticam
639 3065 791 3104 Sacram,
816 3075 877 3097 nec
895 3063 984 3097 enim
999 3063 1172 3109 Rescripto

296 3126 352 3148 ero
363 3123 538 3149 contentus
547 3139 557 3155 ,
583 3116 617 3149 δε
630 3124 666 3148 ut
676 3114 823 3150 didicero
834 3124 903 3157 quae
913 3112 961 3147 illi
974 3113 1072 3148 relata
1086 3116 1172 3156 sunt,

296 3175 340 3199 ne
359 3164 443 3197 forte
458 3164 626 3199 adversum
645 3176 705 3199 nos
715 3163 941 3198 Clementibus
961 3164 1092 3198 mentiti
1111 3166 1175 3200 {int

298 3214 446 3248 Auribus
469 3214 650 3248 Adversarii
676 3214 841 3256 veritatis,
867 3215 1066 3249 &invenero
1087 3213 1175 3259 quod

298 3262 441 3298 omnino
452 3265 601 3297 rue-exire
612 3264 653 3297 ab
666 3264 807 3299 Ecclesia
829 3263 938 3307 jubeat
949 3288 960 3305 ,
986 3264 1176 3308 glorificans

299 3313 459 3352 &nunc,
485 3312 678 3357 ficutprius,
706 3314 739 3347 in
761 3326 828 3358 quo
851 3326 905 3350 me
924 3314 1054 3358 reperiri
1076 3315 1178 3351 conti-

302 3362 580 3412 geritschemare,
606 3361 745 3400 abscedo
764 3364 978 3409 abEcclefia,
1004 3365 1179 3410 Imperato-

706 184 1041 230 VARIORUM
1078 178 1329 222 PATRUM
1366 174 1682 234 prsromss,

1242 265 1315 287 rum
1336 253 1467 298 legibus
1487 259 1644 295 omnibus
1666 265 1775 301 modis
1803 266 1922 304 cedens
1944 293 1952 302 .
1989 269 2124 307 Paratus

1242 305 1313 364 sum
1325 316 1380 354 per
1390 306 1529 350 gratiam
1541 306 1631 353 Dei,
1653 324 1726 347 uon
1735 315 1779 350 ab
1789 317 1930 356 Ecclesia
1939 321 2059 367 egredi
2072 323 2123 357 so-

1241 353 1333 395 lum,
1359 355 1411 389 sed
1424 357 1523 391 etiam
1547 359 1654 395 decies
1675 361 1796 398 millies
1805 369 1887 401 mori
1901 393 1912 409 ,
1933 371 2031 414 quam
2051 374 2122 415 pos·

1241 405 1297 438 fim
1321 405 1407 448 apud
1419 406 1586 443 Christum
1611 410 1722 446 laedere
1743 424 1850 450 meam
1870 421 2118 457 conscientiam.

1241 455 1315 491 Nec
1324 458 1414 493 enim
1434 457 1508 493 licet
1523 461 1694 499 minorem
1715 474 1770 500 me
1790 464 1931 500 inveniri
1949 469 1993 503 ab
2002 472 2122 507 illoin·

1240 505 1331 540 fante
1346 517 1510 546 annorum
1532 511 1675 555 septem,
1699 515 1758 559 qui
1782 525 1859 550 cum
1880 515 1976 552 beato
1997 518 2121 565 Babyla

1241 566 1371 604 propter
1391 557 1561 596 Christum
1586 564 1693 607 capite
1715 565 1812 599 caesus
1828 565 1874 599 est
1897 590 1910 607 ,
1944 567 2000 602 cui
2020 572 2121 606 totius

1242 605 1411 650 Ecclesiae,
1439 610 1472 644 ἃ
1484 610 1630 648 Ecclefiae
1643 639 1654 655 ‚
1678 614 1770 658 cujus
1788 614 1991 653 Theodorus
2000 619 2122 656 exstitit

1241 656 1368 691 Docto:
1381 683 1392 699 ‚
1416 662 1606 698 commiffus
1627 666 1672 700 est
1684 664 1874 700 Praesulatus
1889 693 1896 700 .

1291 706 1346 745 Ut
1358 708 1435 746 vero
1455 711 1585 748 &illud
1611 724 1741 758 propter
1751 716 1898 759 praedista
1922 728 2123 755 commemo·

1237 768 1328 799 rem,
1354 759 1458 802 scito,
1485 763 1778 802 Admirandiffime
1790 766 1940 802 Domine
1951 769 2019 809 mi,
2044 770 2123 814 quia

1236 809 1290 845 etfi
1303 821 1371 845 non
1383 821 1444 853 pro
1464 812 1534 855 ipso
1545 812 1639 849 bonae
1657 817 1759 850 causae
1782 819 1902 852 merito
1923 816 2062 858 starem,
2085 819 2123 853 δε

1235 858 1302 902 ipse
1325 870 1426 895 terror
1450 871 1516 897 tarn
1528 863 1689 906 civitatis,
1716 877 1814 909 quam
1839 867 2017 903 Territorii
2027 866 2124 912 hujus

1233 918 1287 944 me
1312 910 1344 944 in
1358 909 1420 946 hac
1440 912 1591 948 adversus
1611 914 1771 957 Ioannem
1792 916 1956 953 discordia
1973 918 2124 954 detinere

1235 959 1413 1001 sufficeret,
1441 963 1497 1007 qui
1511 963 1533 997 fi
1547 975 1601 999 me
1622 966 1654 999 ei
1679 966 2123 1004 tantummodocommuni-

1232 1010 1313 1045 casse
1325 1015 1564 1057 cognoscerent
1585 1024 1663 1048 ante
1674 1017 1804 1050 Sacram
1815 1042 1826 1057 ,
1853 1029 1908 1052 me
1932 1019 1965 1053 &
1978 1018 2044 1054 vita
2058 1019 2124 1062 pri·

1234 1062 1375 1095 vaffent.
1402 1061 1478 1096 Nec
1497 1064 1588 1097 enim
1611 1065 1774 1108 cuiusfint
1784 1066 1935 1110 discipuli
1949 1092 1960 1109 ,
1987 1069 2092 1103 nescis
2107 1092 2121 1110 ,

1233 1110 1282 1146 vel
1303 1110 1476 1153 quomodo
1506 1123 1565 1153 pro
1587 1114 1660 1147 zelo
1679 1115 1875 1158 dogmatum
1909 1116 2118 1154 Divinorum

1232 1159 1370 1194 universi
1389 1170 1583 1198 moveantur
1611 1182 1626 1201 ‚
1651 1162 1697 1196 ita
1720 1165 1895 1199 unanimes
1919 1166 2117 1210 existentes,

1232 1210 1385 1253 tanquam
1407 1210 1428 1244 fi
1453 1221 1517 1246 una
1542 1211 1581 1247 fit
1591 1212 1703 1247 anima
1724 1214 1896 1248 omnium.
1921 1215 1990 1251 Pro
2006 1227 2123 1260 ‘quare

1231 1259 1386 1295 omnibus
1405 1261 1513 1296 modis
1532 1262 1578 1296 est
1590 1263 1693 1298 tutius
1718 1274 1760 1298 ex
1785 1265 1970 1300 necessitate
1981 1268 2094 1311 repelli
2107 1292 2120 1310 ‚

1232 1321 1330 1354 quam
1354 1311 1403 1345 vel
1424 1311 1546 1356 absque
1566 1312 1634 1357 ipsa
1658 1325 1776 1349 nocere
1795 1315 1880 1358 apud
1906 1317 2018 1351 Deum
2041 1329 2119 1352 con-

1232 1361 1375 1396 scientiae
1391 1363 1450 1396 suae
1463 1386 1475 1403 ‚
1500 1361 1586 1396 &ab
1608 1363 1674 1402 eis,
1698 1365 1755 1405 qui
1778 1375 1869 1399 nunc
1892 1365 1976 1399 mihi
1987 1365 2120 1410 subjecti

1233 1412 1329 1452 sunt,
1356 1411 1455 1446 vitam
1480 1412 1580 1447 instar
1591 1413 1682 1447 canis
1698 1414 1847 1449 amittere
1860 1439 1867 1446 .
1895 1414 1928 1448 Si
1944 1413 2021 1450 vero
2032 1416 2120 1461 quis·-

1229 1472 1328 1506 quam
1341 1472 1402 1499 nos
1412 1462 1546 1505 abrupte
1558 1463 1591 1497 in
1609 1462 1870 1508 quibuscumque
1892 1467 2041 1501 accusare
2061 1477 2120 1502 vo-

1228 1512 1325 1547 luerit
1340 1537 1350 1554 ‚
1377 1524 1436 1557 pro
1449 1512 1559 1547 nihilo
1571 1513 1783 1557 deputamus.
1812 1515 2017 1550 Calumniari
2030 1526 2122 1551 nam*

1229 1572 1313 1606 que,
1339 1562 1629 1597 &contumeliam
1643 1564 1749 1597 facere
1770 1564 1866 1598 facile
1875 1564 1943 1606 est,
1967 1565 2124 1601 &omnb'

1230 1612 1288 1647 bus
1298 1612 1444 1656 adjacet:
1470 1611 1553 1652 Non
1575 1610 1730 1649 omnium
1749 1612 1827 1650 vero
1848 1614 1894 1651 est
1917 1614 2024 1651 dicere
2040 1614 2120 1650 zeri-

1227 1671 1347 1701 tatem-
1834 1685 1836 1687 >
2046 1678 2047 1681 ’

1414 1819 1911 1868 Scuozron.

1335 1965 1405 2002 AEc
1415 1967 1552 2011 epistola
1562 1966 1908 2004 demonstratMeletii
1918 1967 1953 2002 &
1964 1965 2123 2003 eruditio-

1357 2028 1433 2052 nem
1445 2017 1706 2054 &inflexibilem
1717 2020 1930 2064 pertinaciam
1941 2043 1949 2051 .
1971 2019 2124 2054 Demon-

1223 2064 1299 2098 strat
1322 2067 1428 2108 ipsum
1451 2066 1517 2100 fere
1539 2069 1646 2102 solum
1670 2069 1840 2110 perstitisse
1859 2069 1894 2102 in
1918 2067 2119 2110 per-vicedia-

1223 2113 1311 2148 Nam
1338 2115 1443 2158 prima
1465 2114 1535 2157 ejus
1564 2126 1637 2159 pars
1656 2116 1771 2150 multis
1792 2117 1984 2150 Sandiorum
1997 2116 2120 2149 Exem-

1223 2163 1285 2207 plis
1295 2174 1333 2196 ac
1358 2163 1556 2198 testimoniis
1570 2163 1682 2199 suadet
1693 2164 1780 2199 hanc
1791 2165 2004 2199 solitudinem
2017 2166 2050 2199 δι
2061 2164 2119 2199 du·

1223 2211 1332 2246 titiam
1351 2213 1415 2246 effe
1435 2223 1519 2254 opus
1540 2213 1675 2247 Divinae
1686 2213 1825 2247 Gratiae.
1853 2213 2046 2248 Tantasuit
2057 2212 2117 2248 ho-

1223 2259 1325 2295 minis
1338 2261 1469 2295 coecitas
1480 2286 1487 2293 .
1515 2262 1662 2297 Secunda
1676 2274 1746 2306 pars
1758 2263 1903 2307 eleganti
1914 2262 2120 2307 compendio

1223 2310 1364 2354 exponit
1384 2311 1499 2346 omnia
1520 2312 1658 2355 Ioannis
1669 2312 1862 2348 Patriarchae
1873 2312 1953 2347 Asta
1964 2312 2116 2347 adversus

1224 2361 1379 2395 Sanctum
1399 2359 1568 2404 Cyrillum
1591 2374 1629 2397 ac
1638 2361 1708 2406 ejus
1719 2363 1892 2405 Capitula:
1920 2363 2004 2397 Aeta
2018 2363 2052 2397 δε
2072 2363 2112 2397 'iu

1226 2409 1555 2454 EphefinaSynodo‚
1581 2412 1697 2457 &post
1720 2412 1842 2456 ipsam.
1870 2411 2118 2447 Laodamiam

1224 2460 1446 2508 Tharsensem
1467 2462 1637 2505 Synodum
1650 2487 1661 2504 ‚
1687 2462 1723 2497 in
1744 2473 1807 2506 qua
1827 2463 1970 2506 Ioannes
1995 2460 2111 2496 denuo

1226 2511 1394 2546 damnavit
1424 2511 1591 2554 Cyrillum
1616 2513 1782 2547 innovans
1802 2511 1914 2547 omnia
1932 2512 1988 2547 sua
2008 2511 2109 2547 Gesta

1223 2561 1311 2605 apud
1335 2556 1520 2605 Ephesum.
1547 2563 1602 2597 De
1623 2562 1683 2598 hac
1697 2561 1836 2605 synodo
1847 2563 1986 2596 affirmat
1997 2562 2086 2605 plura
2097 2586 2106 2594 .

1225 2611 1340 2645 Primo
1353 2635 1365 2651 ‚
1390 2611 1480 2654 quod
1504 2611 1668 2654 Cyrillum
1686 2610 1797 2646 denuo
1817 2611 2001 2655 degradari:
2019 2635 2027 2644 .
2053 2612 2118 2646 Se-³

1225 2660 1350 2700 cundo,
1360 2659 1450 2703 quod
1462 2671 1531 2702 non
1542 2660 1647 2694 solum
1658 2660 1764 2703 ipsum
1775 2660 1972 2705 degradarir,
1996 2660 2116 2706 sedet-3

1226 2712 1292 2746 iarn
1313 2710 1434 2754 septem
1456 2710 1539 2744 alios
1550 2734 1562 2750 ‚
1588 2710 1645 2754 qui
1654 2721 1715 2754 pro
1726 2711 1795 2753 ipso
1805 2721 1846 2744 ac
1856 2710 1924 2752 ejus
1935 2709 2109 2753 Ephefinis

1229 2760 1320 2796 Actis
1339 2758 1571 2794 adscenderant
1598 2759 1728 2803 Epheso
1755 2759 2115 2806 constantinopoiimqf

1229 2811 1362 2855 Utique
1370 2809 1490 2853 septem
1500 2809 1616 2854 Ephesi
1622 2821 1668 2844 nae
1676 2808 1803 2853 Synodi
1813 2809 1957 2854 Legatos
1968 2810 2008 2845 ad
2018 2809 2117 2844 Ptine

1229 2862 1336 2906 cipem
1351 2882 1359 2892 -
1386 2859 1516 2903 Septem
1540 2859 1721 2904 Episcopos
1742 2884 1751 2892 .
1777 2859 1822 2894 Et
1846 2858 1967 2895 horum
1989 2860 2113 2903 primus

1230 2921 1296 2947 erat
1308 2908 1467 2944 Arcadius
1475 2933 1486 2949 ,
1511 2909 1667 2944 Celestini
1680 2910 1855 2944 Pontificis
1863 2921 1908 2944 ac
1920 2909 2012 2945 Sedis
2023 2908 2116 2953 Apo*

1231 2961 1347 2996 stolicae
1357 2960 1500 3005 Legatus
1510 2985 1517 2992 .
1544 2959 1689 2996 Proinde
1700 2959 1843 3004 Joannes
1865 2959 1964 2995 etiam
1976 2959 2012 2994 in
2021 2958 2119 2994 hunc

1231 3011 1313 3046 misit
1333 3021 1450 3045 manus
1476 3012 1537 3045 suae
1549 3010 1730 3046 violentia-.-
1758 3010 1827 3045 Cur
1840 3008 2031 3054 Philippus
2046 3008 2119 3044 Ro„

1232 3072 1335 3097 manae
1356 3060 1504 3095 Ecclesia:
1529 3060 1726 3105 Presbytero
1749 3061 1946 3105 pepercerit,
1973 3060 2094 3106 ignoro
2107 3073 2119 3092 .-

1233 3112 1388 3146 Meletius
1407 3110 1504 3146 tertie>
1530 3111 1668 3146 affirmat
1689 3111 1777 3153 quod
1790 3111 1922 3155 profana
1937 3109 2007 3144 haic
2018 3111 2122 3153 Syna-

1232 3173 1320 3208 goga
1328 3162 1428 3196 etiam
1440 3161 1619 3205 synodales
1633 3160 1775 3195 Litteras
1786 3159 1962 3195 confecerit
1980 3155 2118 3203 &quod

1228 3222 1350 3248 ¹omnes
1361 3212 1528 3255 praesentes
1540 3211 1693 3256 Episcopi
1705 3210 1771 3247 illis
1781 3208 2117 3259 subscripserintz'Hn

1234 3263 1351 3298 litterae
1363 3262 1546 3306 perierunt,
1571 3261 1770 3296 autlatent.
1880 3261 1883 3263 ”
2024 3287 2026 3289 .
2074 3257 2097 3285 5⁴

1286 3312 1441 3347 Meletius
1452 3323 1528 3346 eum
1549 3313 1674 3346 summa
1683 3310 1913 3355 indignatione
1923 3304 2111 3345 etiamaffir·

1237 3372 1330 3406 mat,
1353 3361 1443 3408 quod
1463 3362 1604 3407 Joannes
1623 3360 1696 3410 post
1710 3360 1770 3398 ista
1793 3361 1907 3398 omnia
1922 3357 2064 3444 1)ιὲΙὲιὲ
2069 3354 2114 3388 Eo
