2320 3730
33 2652 123 2692 ‘Epist
149 2662 193 2682 12.

597 158 915 210 Senonrs,
951 167 1012 196 ετ
1048 151 1243 198 Norts
1279 151 1670 196 ntu'stnArAE.

210 255 287 283 runt
297 245 330 280 in
344 241 510 288 plerosque
521 241 706 277 orientales
719 240 916 284 Episcopos,
926 239 944 272 a
957 237 1084 282 quibus,

211 296 317 332 Sancti
327 291 446 336 cyrini
459 291 614 335 Capitula
626 291 798 325 admittere
814 289 1065 325 detrectantibus
1075 312 1085 327 ‚

211 348 392 381 clamarunt
413 343 449 376 in
471 341 606 376 Christo
634 342 787 375 Domino
815 340 978 385 praedicari
1004 339 1087 372 duos

209 396 315 435 filios,
343 393 485 437 ideoque
507 392 584 426 illos
606 392 845 426 damnaverunt
868 402 903 424 ut
923 388 1089 423 Nestoria·

209 456 295 478 nos.
335 443 590 477 Theodoretum
615 442 860 484 circumscripto
887 441 973 474 intra
999 440 1087 472 suam

207 494 376 529 civitatem
399 494 502 528 exilio
525 493 690 538 ligarunt,
718 491 799 525 alios
820 499 978 523 vexarunt
991 489 1088 523 variis

207 543 336 585 modis,
364 544 523 578 Irenaeum
540 552 671 583 autem,
698 541 746 575 uti
770 550 885 575 contra
909 539 1013 582 plures
1025 537 1086 571 Ca·

207 606 312 629 nones
324 595 484 628 intrusum
496 617 507 634 ,
534 594 568 627 &
581 593 628 629 uti
640 589 847 628 manifestum
865 589 1065 622 Haereticum
1077 612 1088 628 ,

207 653 361 679 curarunt
381 643 454 687 ejici
486 654 541 687 per
563 642 751 683 Principem
771 664 778 672 .
809 640 852 673 Et
879 638 1013 681 quidem
1034 649 1088 682 per

207 696 390 730 solemnem
405 695 510 739 legem
521 719 528 725 .
557 693 599 727 Et
608 690 694 724 hanc
707 687 896 723 Patriarcha
909 689 1088 728 Dioscorus

206 745 292 789 juffit
312 745 421 779 statim
444 741 623 788 publicari,
649 741 749 774 etiam
772 740 858 783 apud
880 737 1085 774 Monachos.

206 796 262 829 Ex
287 793 338 829 his
360 795 465 829 obiter
475 792 604 826 adverte
620 815 630 829 ‚
657 790 747 833 quod
771 789 982 835 Reverendus
994 789 1089 822 Pater

207 845 348 890 Jacobus
373 842 563 880 Sirmondus
589 840 796 875 Theodoreti
830 839 991 884 Epistolas
1017 849 1088 872 non

207 895 370 940 digesserit
387 893 479 936 juxta
489 892 641 926 ordinem
656 891 810 934 temporis
821 916 828 923 .
858 890 994 924 Etenim
1012 889 1087 932 Epi-

207 945 289 979 stola
306 943 428 978 Irenaeo
451 941 669 977 Celestiacum
691 939 928 976 commendans
952 940 997 973 est
1021 949 1087 972 ma-

205 993 322 1029 nifeste
341 995 429 1038 prior
450 992 528 1033 illa,
555 1004 624 1036 quae
649 1002 809 1026 memorat
824 990 1024 1026 evocatorias
1038 989 1088 1023 lit-

205 1056 290 1080 teras
302 1044 343 1078 ad
357 1042 555 1086 Ephefinnm
578 1042 768 1076 Concilium
793 1053 801 1073 :
830 1041 873 1074 Et
891 1050 1000 1075 tamen
1021 1038 1089 1074 haec

203 1094 252 1128 est
279 1095 367 1127 sexta
405 1090 532 1126 decima
559 1116 570 1132 ,
609 1090 665 1125 illa
702 1102 812 1132 autem
848 1091 894 1126 est
930 1090 1088 1135 trigesima

202 1144 322 1189 quinta
334 1168 342 1175 .

255 1193 319 1228 Ista
330 1194 459 1228 decima
471 1194 558 1228 sexta
570 1192 773 1229 demonstrat
796 1195 930 1237 praefatae
940 1192 1005 1236 legi
1020 1202 1088 1226 non

206 1244 316 1279 statim
334 1243 427 1278 fuisse
446 1243 637 1278 obeditum.
667 1244 800 1277 Etenim
825 1244 939 1286 scripta
951 1243 998 1276 est
1013 1251 1090 1275 toto

205 1305 297 1329 anno
314 1294 386 1338 post
412 1292 615 1337 publicatam
639 1292 744 1337 legem
762 1317 773 1334 ‚
799 1292 983 1327 &Irenaeus
1011 1301 1089 1325 tunc

205 1344 315 1378 adhuc
335 1342 515 1387 occupabat
541 1343 728 1386 Tyriorum
753 1342 956 1377 Cathedram
981 1367 987 1374 .
1016 1342 1089 1375 Nec

205 1394 295 1428 solus
310 1393 464 1436 Irenaeus,
492 1394 547 1427 sed
566 1394 601 1426 ὅτ.
615 1393 683 1436 ejus
700 1390 1090 1431 ConsecratorTheodoe

206 1454 313 1484 retus,
341 1453 456 1488 utpote
465 1443 498 1481 &
511 1444 578 1486 ipse
590 1453 722 1478 notatus
733 1454 789 1487 per
797 1442 1066 1485 consequentiam
1078 1466 1089 1482 ‚

205 1493 383 1528 interceffit
401 1492 555 1527 adversus
572 1493 678 1537 legem
702 1493 736 1529 dc
749 1493 964 1527 recalcitravit
976 1518 983 1526 .
1010 1492 1090 1526 Om-

203 1544 292 1579 nino
304 1552 382 1577 tunc
394 1543 513 1586 scripsit
523 1543 612 1585 supra
620 1541 775 1579 adductas
786 1543 827 1577 ad
840 1544 1017 1580 Domuum
1030 1542 1092 1577 Pa-

204 1592 383 1628 t'riarcham
396 1593 540 1630 litteras:
566 1591 663 1629 Nihil
675 1591 763 1628 enirn
775 1594 851 1628 sunt
862 1592 953 1626 aliud
965 1617 975 1634 ‚
989 1603 1087 1636 quam

207 1644 418 1681 consecrati&
438 1644 469 1680 se
482 1642 590 1679 Irenaei
600 1642 788 1687 Apologia.
817 1642 1003 1693 Bigamiam
1020 1654 1090 1686 put·

205 1704 263 1739 gat
273 1705 329 1737 per
342 1693 511 1737 Majorum
533 1692 690 1738 vestigia,
717 1694 883 1737 exempla,
913 1693 1089 1727 &consue-

206 1743 376 1778 tudinem:
391 1743 498 1782 Sancti
511 1743 607 1778 Pauli
622 1743 775 1786 Apostoli
788 1744 962 1778 Canonem
972 1769 982 1784 ,
993 1746 1088 1776 Unius

205 1800 309 1828 uxoris
320 1800 422 1828 virum
433 1819 446 1836 ‚
472 1795 610 1828 affirmat
621 1806 688 1828 non
702 1794 743 1829 de
756 1794 924 1828 succeffiva
944 1818 955 1834 ‚
981 1793 1035 1828 sed
1047 1793 1089 1827 de

205 1844 276 1879 :sola
299 1844 489 1882 fimultanea
501 1845 644 1888 bigamia
663 1846 726 1879 effe
748 1844 1019 1888 intelligendum.
1046 1843 1089 1876 Et

206 1893 275 1927 haec
301 1895 433 1928 forfitan
458 1894 504 1927 est
530 1895 593 1926 alia
618 1894 702 1927 ratio
726 1916 736 1932 ‚
763 1904 819 1926 cur
844 1894 909 1935 ipse
934 1894 952 1926 a
980 1893 1088 1935 primae

208 1941 390 1977 Phoeniciae
410 1942 581 1986 Episcopis
601 1944 699 1976 fuerit
727 1944 885 1978 invitatus
912 1942 952 1975 ad
980 1943 1091 1975 conse-

207 1993 367 2026 crandum
385 1993 563 2028 Irenaeutn.
590 1992 727 2025 Istorum
754 1992 864 2025 nullus
884 1990 1022 2025 audebat
1047 1991 1090 2024 bi-

207 2053 310 2087 gamo
331 2052 449 2076 manus
471 2042 663 2085 imponere:
691 2042 785 2075 Hinc
808 2041 1016 2075 Theodoreti
1035 2065 1046 2080 ‚
1071 2040 1090 2072 a

208 2102 278 2136 quo
300 2091 443 2129 sciebant
465 2092 576 2127 doceri
597 2092 780 2134 oppofitum
794 2115 804 2131 ,
832 2093 906 2125 sunt
927 2091 971 2125 ufi
992 2091 1087 2125 auda-

207 2143 263 2177 cia
282 2166 292 2174 .
319 2142 376 2177 Est
397 2153 468 2179 non
492 2141 720 2186 improbabilis
743 2141 928 2184 conjectura
951 2166 957 2172 .
985 2141 1088 2175 Porro

207 2191 322 2227 lrenaei
335 2203 389 2235 per
406 2193 606 2228 Dioscorurn
617 2192 794 2235 persecutio
805 2193 868 2226 fuit
881 2192 1068 2225 diuturnior
1082 2217 1088 2223 .

208 2242 346 2276 Etenim
358 2241 595 2276 Theodoretus
617 2243 652 2275 in
675 2242 905 2277 consolatoriis
923 2243 1014 2285 super
1027 2242 1087 2276 Ge-

209 2292 282 2326 neri
303 2303 410 2326 morte
425 2291 542 2327 litteris
562 2292 664 2335 ipsum
679 2292 873 2326 Patriarchae
884 2292 947 2335 Job
958 2303 1088 2335 compa-

209 2351 258 2376 rat
269 2364 280 2380 ‚
304 2340 436 2378 adducit
448 2342 596 2386 quaedam
607 2342 741 2376 Divinae
754 2342 934 2385 Majestatis
956 2342 997 2376 ad
1011 2342 1088 2375 Pro-

209 2391 344 2434 phetam
365 2391 436 2436 post
449 2393 612 2435 superatas
633 2392 834 2428 calamitates
846 2392 941 2426 verba
954 2417 964 2432 ,
990 2391 1088 2426 &ad-

210 2441 339 2483 jungit:
371 2445 444 2474 Haec
467 2441 565 2474 verba
586 2445 735 2474 Pietatem
751 2452 862 2482 quoque
883 2451 966 2473 tuam
987 2442 1087 2472 audire

212 2489 363 2529 arbitror,
390 2500 458 2531 quae
467 2491 575 2523 multos
595 2491 628 2522 Θ
640 2487 771 2531 diversos
796 2489 978 2529 molestarum
988 2500 1087 2522 rerum

211 2545 340 2581 impetus
347 2539 494 2581 pertulit,
520 2550 571 2571 nec
578 2538 672 2581 foliam
691 2539 755 2578 istor
762 2541 883 2573 minime*
899 2540 1082 2580 declinavit,

207 2587 268 2632 fied
281 2589 402 2631 firmum
427 2599 464 2623 at·
479 2586 606 2630 solidum
632 2594 729 2621 animi
751 2587 838 2621 robur
855 2597 925 2630 prae
946 2591 980 2631 se
1002 2590 1088 2622 tulit.

211 2641 317 2682 ,Quam
337 2649 459 2675 cernens
467 2636 565 2681 sacr'ae'·
576 2648 636 2671 tuae
657 2642 765 2671 mentis
771 2637 984 2679 fortitudinem
996 2644 1090 2671 muni-

208 2689 283 2732 ficus
306 2691 449 2722 Dominus
472 2694 613 2722 eximium
636 2687 787 2722 athletam
810 2688 950 2722 occultare
973 2688 1091 2728 noluit,

208 2738 265 2783 sed
285 2741 329 2771 ad
344 2743 511 2772 certamina
521 2740 688 2780 perduxit,
713 2746 748 2772 ut
768 2739 976 2772 venerandum
999 2747 1091 2781 caput

212 2789 331 2823 vidrici
353 2800 457 2823 corona
475 2798 616 2827 exornet,
643 2787 769 2832 aliisque
781 2790 825 2822 ad
836 2790 982 2822 utilitatis
992 2800 1091 2822 exem·

208 2841 295 2881 plum
304 2843 470 2873 certamina
482 2838 579 2877 vestra
587 2847 732 2882 proponat
743 2864 750 2872 .
763 2840 873 2874 Etiam
887 2840 971 2874 infra
986 2839 1092 2882 ipsum

212 2888 351 2932 appellat
372 2888 526 2937 strenuum
551 2894 694 2923 veritatis
719 2891 853 2934 pugilem
882 2914 892 2930 ‚
918 2889 1094 2934 Magistrum

212 2948 383 2972 caeterorum
395 2937 600 2973 athletarum.
628 2939 775 2983 Epistola
791 2941 886 2984 poffit
902 2940 964 2974 esse
976 2940 1092 2982 scripta

213 2988 284 3030 post
306 2987 416 3023 datam
433 2990 539 3033 legem
555 3013 563 3021 .
591 2990 763 3036 Qidquid
774 2990 834 3032 fic,
861 2990 1006 3025 notanda
1019 2991 1093 3024 sunt

215 3037 285 3078 ejus
305 3038 413 3071 finalia
434 3039 550 3073 verba:
578 3043 649 3073 Haec
672 3051 721 3085 ego
742 3041 876 3079 dictavi,
905 3051 970 3074 cum
983 3043 1094 3075 Generi

215 3094 338 3119 mortem
350 3087 420 3121 mihi
429 3094 541 3122 amicus
553 3091 675 3130 quidam
695 3091 734 3124 ab
748 3091 903 3125 Antiochia
914 3091 1089 3134 nuntiaffet,

215 3137 396 3170 Affirmant
417 3138 526 3173 lrenaei
536 3138 700 3175 Generum
723 3142 815 3176 fuiffe
829 3140 1021 3176 Antiochiae
1038 3140 1094 3175 de·

215 3187 361 3219 funfium
374 3211 384 3226 ‚
410 3197 506 3230 atque
517 3189 562 3223 ita
576 3190 708 3224 suadent
723 3190 974 3226 Antiochenum
988 3191 1093 3233 fuisse,

214 3245 272 3282 ἔψῐ
282 3236 365 3271 certe
377 3237 510 3279 Syrum.
530 3239 662 3275 Interim
673 3240 763 3277 nulla
775 3242 957 3278 intercessio
971 3266 981 3282 ‚
1003 3240 1094 3276 nulla

215 3286 428 3321 recalcitratio
454 3312 464 3328 ,
502 3287 591 3322 nulla
617 3291 770 3338 apologia
812 3292 918 3336 ipsum
944 3291 1094 3334 adjuvit.

215 3335 352 3370 Etenim
376 3337 440 3371 fuit
456 3337 591 3381 ejectus.
620 3338 662 3374 Et
676 3351 733 3383 pro
754 3343 824 3385 ipso
837 3342 1073 3378 Beronicianus
1087 3365 1098 3381 ,

216 3397 257 3421 ac
269 3385 388 3423 deinde
405 3387 573 3424 ordinatus
592 3387 656 3425 fuit
666 3386 825 3434 Phot1us,
852 3391 909 3437 qui
921 3391 956 3427 in
968 3391 1097 3437 Epheli-

1894 163 1961 205 69

1149 247 1193 272 no
1215 236 1412 271 Latrocinio
1434 235 1514 270 sedit
1526 237 1708 282 Episcopus
1719 264 1730 283 ‚
1757 240 1792 275 δε
1806 239 1973 279 Dioscoro
1983 243 2028 278 est

1149 287 1187 322 ad
1200 289 1313 324 omnia
1330 296 1524 331 cooperatus
1539 312 1547 319 .

1200 337 1347 384 Qaestio
1358 337 1404 372 est
1417 362 1427 378 ,
1443 339 1554 384 Qare
1566 338 1767 377 Dioscorus,
1785 339 2028 386 Chrysaphius,

1149 387 1317 431 Eutyches
1349 413 1360 429 ,
1401 399 1439 422 ac
1463 399 1518 431 per
1540 388 1626 432 ipsos
1648 389 1797 429 incensus
1819 389 2030 427 Theodosius

1147 438 1268 472 fuerint
1285 439 1429 473 duriores
1455 439 1491 471 in
1516 439 1675 473 Irenaeum
1700 463 1712 480 ,
1737 450 1837 482 quam
1859 440 1894 474 in
1923 443 2029 484 ipsum

1146 487 1399 524 Theodoretum
1411 513 1422 530 ,
1448 487 1541 523 Ibam
1554 489 1751 529 Edeffenum
1764 513 1774 528 ‚
1799 488 1946 533 aliosque
1956 492 2030 534 ipfis

1147 539 1268 574 invisos
1291 539 1477 573 Orientales
1496 539 1676 583 Episcopos
1700 540 1716 571 ἓ
1744 540 1879 575 Etenim
1906 539 2029 583 hosce,

1147 588 1224 623 licet
1235 588 1276 622 ab
1289 589 1473 634 Episcopali
1494 589 1660 635 dignitate
1682 588 1905 634 suspenderint
1928 591 2031 627 &cir-

1146 638 1425 681 cumscripserint,
1453 650 1506 682 per
1527 640 1643 674 laicam
1668 650 1778 675 tamen
1788 640 1954 686 Principis
1965 641 2031 674 vio-

1147 687 1281 722 lentiam
1302 698 1370 721 non
1392 690 1656 734 praesumpserunt
1679 690 1815 734 ejicere,
1842 690 1895 725 sed
1918 690 2032 736 degra-

1147 737 1274 771 dandos
1309 738 1507 772 reservarunt
1537 741 1596 775 suo
1625 739 1791 785 Ephefino
1815 741 2030 776 Latrocinio.

1149 786 1347 831 Respondeo
1368 787 1454 830 ipsos
1474 789 1566 824 fuiffe
1591 800 1757 834 permotos
1767 790 1894 832 duabus
1904 792 2032 836 specia-

1147 837 1231 872 libus
1253 847 1370 871 contra
1391 836 1548 876 Irenaeum
1572 840 1755 876 rationibus
1774 867 1782 875 .
1811 842 1923 881 Prima
1943 842 2032 883 fuit,

1147 886 1238 932 quod
1252 886 1491 922 Theodoretus
1505 911 1516 927 ,
1544 886 1617 921 lbas
1629 912 1641 928 ,
1666 891 1789 935 aliique
1810 884 1913 931 effent
1925 892 2034 938 legiti-

1147 949 1200 972 ma
1219 937 1270 972 via
1289 938 1331 972 ad
1355 938 1590 981 Episcopatum
1613 942 1756 979 promoti
1779 966 1790 979 ‚
1816 953 1850 976 at
1874 941 1953 976 vero
1973 944 2036 977 lre-

1150 999 1236 1023 naeus
1256 998 1324 1023 erat
1347 987 1532 1032 irregularis
1557 1011 1568 1028 ,
1593 987 1628 1021 δε
1650 988 1795 1022 intrusus
1818 1001 1931 1025 contra
1949 992 2034 1026 alios

1148 1050 1291 1074 canones
1309 1064 1320 1080 ‚
1357 1038 1500 1081 ideoque
1527 1037 1578 1071 isti
1601 1049 1671 1072 non
1699 1037 1760 1071 nisi
1789 1049 1844 1081 per
1869 1040 2035 1081 Synodale

1148 1089 1390 1135 degradationis
1400 1087 1561 1134 judicium
1578 1087 1653 1132 ejici
1672 1097 1843 1132 poterant,
1872 1085 1961 1124 hunc
1980 1104 2037 1126 au-

1150 1151 1217 1175 tem
1235 1140 1335 1175 etiam
1361 1151 1416 1184 per
1431 1139 1574 1184 Regiam
1591 1139 1784 1183 potestatem
1797 1138 1926 1172 extrudi
1939 1141 2039 1182 patie-

1150 1190 1244 1228 batur
1268 1200 1346 1225 tunc
1374 1189 1523 1224 Ecclefiae
1551 1189 1587 1223 in
1615 1189 1808 1233 Principem
1836 1191 2040 1224 reverentia.

1151 1242 1328 1279 Praesertim
1350 1238 1439 1283 quod
1452 1240 1599 1274 lrenaeus*
1612 1241 1690 1274 effet
1702 1240 1737 1274 in
1755 1239 1957 1284 Episcopum
1968 1250 2038 1274 eve-

1151 1293 1219 1326 etus
1241 1300 1356 1325 contra
1378 1289 1713 1349 lmperialerqlegem
1734 1314 1748 1332 ‚
1773 1289 1814 1325 ad
1833 1289 2040 1325 evadendum

1150 1341 1206 1386 ipsi
1220 1341 1382 1380 inflidtum
1402 1341 1560 1384 eginum.
1584 1352 1585 1355 ’

1201 1390 1350 1429 Alteram
1377 1391 1539 1429 rationem
1560 1390 1660 1426 docet
1681 1403 1744 1428 nos
1753 1390 1991 1428 Theodoretus
2003 1393 2040 1426 in

1123 1477 1124 1481 ,
1152 1443 1279 1486 praefata
1290 1442 1332 1477 ad
1349 1443 1507 1478 lrenaeum
1531 1441 1678 1486 Epistola
1692 1468 1704 1484 ,
1732 1455 1795 1488 qua
1803 1445 1922 1479 fastam
1933 1441 2042 1487 Ephe-

1151 1493 1210 1529 fini
1232 1492 1379 1527 Concilii
1401 1494 1677 1527 convocationem
1698 1494 1755 1536 ipsi
1779 1494 1942 1538 fignificat
1966 1517 1978 1533 ,
2004 1493 2040 1527 &

1150 1543 1300 1588 adjungit
1323 1542 1364 1577 ab
1386 1543 1446 1577 illo
1473 1554 1543 1577 non
1566 1542 1747 1577 sanandum
1770 1542 1922 1578 Ecclesiae
1940 1541 2042 1576 turbi·
2095 1563 2103 1565 π

1153 1605 1228 1627 nem
1243 1617 1254 1633 ,
1281 1593 1335 1627 sed
1352 1594 1470 1630 vulnus
1483 1592 1672 1630 addendum
1687 1593 1833 1629 vulneri:
1863 1594 1953 1635 ‚Quid
1961 1597 2042 1624 enim

1149 1643 1203 1685 ista.
1221 1641 1392 1686 discrepant
1413 1667 1426 1683 ‚
1453 1642 1741 1686 Homini-param
1765 1653 1803 1675 ac
1825 1641 1916 1677 Dei·
1931 1652 2042 1683 param

1150 1697 1300 1737 Virginem
1309 1692 1451 1731 §unllam
1461 1693 1614 1735 appellare
1626 1709 1641 1732 ,·
1663 1701 1718 1725 aut
1739 1703 1843 1725 vocare
1870 1693 1952 1727 iiiam
1963 1692 2042 1724 Filii

1150 1743 1294 1780 Matrem
1322 1752 1419 1786 atque
1435 1742 1607 1777 Ancillam
1623 1743 1636 1775 ἒ
1661 1745 1708 1775 Et
1717 1744 1828 1780 addere
1837 1746 1967 1775 Matrem
1979 1747 2042 1784 qui-

1150 1796 1218 1831 dem
1239 1794 1290 1837 effe
1308 1803 1341 1826 ut
1365 1793 1494 1827 bominis
1508 1817 1518 1833 ‚
1546 1796 1667 1828 Domini
1691 1792 1778 1835 nostri
1799 1791 1884 1836 Jesu
1908 1792 2044 1834 Christi,

1152 1844 1299 1876 Ancillam
1311 1846 1385 1876 vero
1406 1853 1440 1875 ut
1453 1847 1512 1875 Dei
1521 1866 1531 1881 ,
1556 1843 1773 1885 calumniaeque
1781 1841 1950 1884 occafionem
1957 1841 2045 1884 filen-

1152 1898 1193 1927 tio
1214 1901 1308 1936 tegere
1323 1916 1334 1932 ‚
1361 1893 1395 1924 (θ’
1417 1893 1541 1925 eandem
1563 1890 1746 1934 sententiam
1764 1890 1820 1934 sub
1842 1893 1899 1924 alio
1924 1898 2042 1925 nomine

1145 1941 1298 1987 proferre.
1326 1942 1376 1977 Aci
1384 1940 1446 1974 baec
1457 1942 1536 1975 illud
1544 1946 1636 1974 etiam
1644 1940 1844 1984 [pedandum
1854 1942 1893 1980 est
1906 1967 1917 1982 ‚
1938 1940 2044 1975 borum

1150 1993 1277 2024 alterurn
1286 2001 1435 2024 commune
1458 2001 1563 2023 nomen
1574 1991 1625 2032 effe
1636 2014 1648 2030 ‚
1674 1992 1804 2023 alterum
1816 1996 1950 2034 Virginis
1972 1999 2047 2032 pro·

1147 2046 1265 2083 prium,
1300 2041 1382 2073 &de
1407 2039 1458 2073 hoc
1480 2048 1574 2075 totam
1595 2041 1721 2082 extitisse
1743 2046 1961 2074 contentionem
1973 2052 2043 2084 quae

1150 2096 1267 2124 utinam
1294 2101 1352 2123 non
1364 2089 1469 2133 fuisset
1498 2116 1504 2122 .
1538 2095 1578 2122 Ac
1601 2092 1730 2132 plurimi
1749 2089 1827 2134 sane
1847 2098 2038 2134 antiquorum

1151 2145 1277 2179 Patrum
1301 2140 1501 2184 appellatione
1514 2166 1524 2182 ,
1550 2152 1619 2182 quae
1636 2140 1804 2175 honoratior
1830 2151 1897 2175 erat
1910 2166 1921 2182 ,
1949 2146 2044 2185 Virgi-

1151 2202 1218 2226 nem
1227 2199 1392 2224 ornarunt:
1420 2192 1515 2235 ‚Quod
1538 2191 1736 2225 &Sanctitas
1746 2201 1798 2225 tua
1809 2197 1842 2225 in
1855 2192 1970 2226 duabus
1986 2202 2043 2225 aut

1151 2242 1246 2275 tribus
1258 2240 1442 2274 orationibus
1469 2239 1534 2283 suis
1537 2241 1620 2282 facit
1632 2267 1640 2273 .
1669 2241 1771 2282 Habeo
1781 2240 1844 2285 ipse
1856 2243 2014 2276 nonnullas
2031 2267 2042 2282 ,

1150 2304 1226 2335 quas
1251 2293 1296 2324 ad
1313 2302 1360 2324 me
1374 2293 1479 2324 Pietas
1505 2299 1560 2324 tua
1579 2289 1675 2332 misit,
1700 2298 1734 2329 in
1754 2292 1863 2335 quibus
1880 2294 2042 2335 Dei-para:

1153 2341 1423 2385 Homini-param
1448 2353 1507 2374 non
1528 2341 1683 2383 adiecisti,
1705 2340 1765 2386 sed
1784 2347 1863 2376 vocis
1877 2342 1967 2385 hujus
1973 2341 2044 2385 sen-

1150 2391 1218 2436 sum
1240 2393 1309 2424 aliis
1321 2391 1475 2424 vocabulis
1502 2392 1656 2433 declarasti
1669 2417 1676 2425 .
1703 2395 1858 2436 ,Quoniam
1882 2402 1983 2426 autem
1994 2404 2042 2426 me

1153 2437 1246 2474 etiam
1269 2440 1490 2479 reprehenditis
1516 2463 1528 2479 ,
1555 2441 1642 2482 quasi
1662 2442 1786 2474 sannas
1807 2455 1844 2477 ae
1859 2446 1969 2476 Beatos
1983 2446 2045 2474 Pa-

1154 2499 1214 2522 tres
1224 2489 1386 2525 Diodorum
1407 2487 1633 2522 aecheodorum
1657 2494 1689 2522 in
1701 2490 1910 2534 Magistrorum
1922 2503 2042 2524 numero

1149 2543 1367 2582 praeterierim,
1394 2541 1582 2580 necessarium
1605 2540 1680 2572 duxi
1705 2540 1743 2573 de
1765 2539 1819 2573 hoc
1842 2539 1934 2574 etiam
1941 2550 2042 2583 pauca

1152 2591 1267 2623 dicere.
1297 2590 1433 2622 Primum
1449 2595 1545 2629 enim,
1571 2590 1678 2621 multos
1703 2600 1818 2631 quoque
1842 2592 1915 2623 aiios
1943 2590 2042 2633 omifi,

1153 2641 1187 2674 6·
1201 2637 1293 2680 fama
1313 2637 1478 2678 clariffimos
1502 2661 1510 2671 .
1539 2639 1656 2672 Deinde
1677 2637 1729 2671 boc
1749 2645 1841 2673 etiam
1862 2641 2045 2682 confiderun-

1153 2691 1225 2722 dum
1236 2688 1295 2729 est,
1318 2699 1385 2721 eum
1410 2693 1460 2731 qui
1483 2686 1658 2731 accusatur,
1683 2688 1768 2729 testes
1791 2693 1914 2724 minime
1936 2691 2043 2724 dubios

1151 2740 1309 2782 producere
1329 2747 1484 2781 oportere,
1511 2750 1584 2785 quos
1600 2740 1797 2782 redarguere,
1825 2752 1875 2777 nec
1896 2740 2047 2784 accusato-

1156 2801 1220 2824 rum
1240 2786 1395 2832 quisquam
1410 2789 1509 2831 poffit.
1538 2790 1630 2833 ‚Quod
1644 2789 1674 2831 fi
1693 2791 1738 2824 ad
1759 2789 1951 2830 testimonium
1961 2795 2043 2824 Reus

1155 2841 1220 2874 illos
1244 2848 1347 2880 vocet,
1373 2850 1445 2883 quos
1459 2839 1577 2875 delores
1598 2838 1735 2883 acmsant
1749 2864 1760 2880 ‚
1786 2852 1836 2874 nec
1851 2842 1963 2885 Judex
1978 2840 2042 2884 ipse

1157 2890 1358 2923 admittendos
1376 2895 1518 2931 putavit.
1546 2892 1616 2934 ‚Quo
1638 2900 1736 2924 autem
1749 2891 1828 2924 cultu
1851 2897 1936 2924 viros
1945 2890 2042 2933 prose-

1158 2952 1235 2984 quar
1252 2938 1331 2979 testis
1352 2940 1390 2981 est
1401 2941 1474 2974 liber
1491 2951 1577 2983 quem
1598 2941 1636 2973 de
1661 2942 1722 2974 illis
1746 2939 1913 2983 composui,
1939 2948 1971 2973 in
1984 2953 2040 2983 quo

1156 2990 1310 3030 conflatam
1334 2995 1367 3023 in
1386 2991 1451 3024 illos
1475 2989 1687 3034 accusationem
1700 2992 1842 3024 diluimus
1854 3016 1863 3031 ‚
1891 3001 1942 3024 nec
1956 2995 2042 3024 Accu·

1156 3040 1285 3084 satorum
1304 3047 1472 3082 potentiam
1486 3065 1497 3081 ,
1523 3052 1574 3074 nec
1589 3040 1719 3080 struc‘las
1740 3050 1840 3076 contra
1852 3052 1903 3074 nos
1917 3040 2040 3084 insidias

1150 3091 1360 3133 formidantes
1374 3116 1381 3123 .

1208 3142 1318 3176 Prima
1341 3141 1547 3178 Nestorianae
1569 3140 1665 3185 leprae
1687 3141 1782 3177 radix
1801 3168 1811 3187 ,
1838 3153 1877 3176 ac
1898 3142 2041 3186 palmare

1160 3192 1412 3227 fundamentum
1441 3192 1503 3225 fuit
1530 3191 1687 3238 abnegata
1726 3204 1792 3226 vox
1814 3217 1825 3235 ,
1853 3196 2038 3235 Dei-para.

1162 3243 1243 3276 Eam
1254 3241 1429 3277 Nestorius
1441 3242 1668 3278 adversabatur
1678 3268 1690 3285 ‚
1710 3252 1745 3278 ut
1758 3254 1818 3277 nec
1828 3241 1870 3277 ad
1881 3241 2042 3278 Celestini

1163 3292 1335 3326 Pontificis
1346 3292 1597 3338 degradatorum
1609 3293 1789 3327 Decretum
1800 3318 1811 3335 ‚
1838 3304 1899 3327 nec
1910 3292 1952 3328 ad
1963 3292 2044 3327 ami·

1161 3342 1299 3377 ciffimas
1321 3343 1458 3386 Ioannis
1480 3342 1687 3378 Antiocheni
1712 3341 1906 3379 Patriarchae
1927 3343 2042 3377 Preces

1164 3392 1303 3429 voluerit
1321 3394 1423 3438 ipsam
1440 3392 1633 3436 admittere,
1657 3404 1713 3431 aut
1736 3394 1856 3440 Jauum
1879 3394 1896 3428 a
1919 3393 1984 3425 suis
2007 3390 2043 3428 in

1922 3450 1996 3478 eam
