2320 3730
348 166 416 200 222

273 237 356 274 frio.
383 231 487 270 Pori&
500 233 652 278 superbus
676 233 902 268 &contumax
923 232 1164 267 Haereticorum

270 287 413 331 —spiritus
434 286 557 328 semper
573 284 700 319 accusat
721 283 917 317 Ecclefiam.
945 282 1040 317 Hinc
1064 282 1163 316 etiam

278 334 416 379 ,praesens
433 332 650 369 Haere'fiarcha
672 334 810 368 affirmat
831 332 972 378 Regiam
994 331 1162 369 civitatem

281 387 315 419 ὅ(
327 396 368 418 ex
379 382 614 428 Apollinario;
638 384 725 418 &ex
746 383 889 417 adverso>
904 380 1038 427 penitus·
1053 390 1161 414 errore

275 434 381 476 susque'
399 434 441 473 ad
457 435 550 468 suum
575 431 810 478 Episcopatum
837 443 874 467 ac
897 430 1159 476 praedicationem

275 482 432 519 laborasse
444 497 451 517 ε
478 484 728 519 Sacro-ranetam
740 482 916 527 Virginem
927 480 967 515 ab
978 480 1049 514 aliis
1061 480 1159 516 solius

271 534 368 574 Dei,
394 533 435 568 ab
446 535 520 568 aliis
529 534 629 568 solius
647 532 793 568 hominis
803 532 895 567 fuine
917 530 1074 565 creditam
1096 530 1159 565 Ge·

273 583 429 623 nitricem
443 608 450 616 .
475 584 569 619 Hinc
593 584 797 618 necessariam
819 580 912 616 fuiffe
931 581 1022 614 suam
1041 579 1156 614 doctri-

274 645 351 675 nam
377 636 542 678 &opem,
571 645 640 678 quae
651 634 753 677 ipsam
763 631 946 675 praedicaret
970 627 1156 674 Christi-pa·

268 695 343 720 >ram
358 708 364 715 .
391 685 436 719 Et
446 683 531 719 certe
542 685 661 728 poffint
675 683 742 717 iilic
753 682 845 714 fuisse
858 679 1001 724 quaedarn
1015 680 1155 724 reliquia:

275 734 495 777 Apollinarii.
522 734 626 781 Qod
636 734 724 768 enim
737 729 923 770 Nectarius,
951 729 1065 774 Regiae
1077 731 1154 764 civi·

270 786 350 818 tatis
363 784 562 828 Episcopus3
589 781 728 817 fueritin
741 780 814 823 ipsis
824 778 992 822 ejiciendis
1004 780 1152 824 segnior,

271 834 307 867 in
319 833 406 868 datis
419 835 461 869 ad¹
474 835 577 878 ipsum
589 830 706 870 litteris
718 827 861 874 queritur
873 829 1006 868 Sandius
1025 830 1151 875 Grego-

270 884 337 918 rius
351 881 606 918 Nazianzenus.>
621 880 664 913 Et
674 879 777 913 Sancti
794 879 933 922 ‘Joannis
957 879 1150 923 Chrysosso-

268 934 315 970 mi
341 933 438 967 Zelus
451 932 486 966 iri
498 930 641 964 Arianos
666 929 777 972 potius
788 929 936 973 vigilavit
951 952 962 969 ‚
987 935 1085 974 qu'am
1114 927 1146 964 in

267 981 516 1025 Apollinaristas
526 1004 533 1012 .
556 980 604 1014 'Et
615 979 649 1013 in
661 979 882 1023 synodalibus
894 981 955 1013 suae
966 979 1149 1015 Provinciae

266 1041 326 1074 pro
340 1029 599 1065 Chalcedonenfi
627 1029 784 1065 Concilio
810 1029 850 1064 ad
877 1029 1147 1076 LeonemAugu-

263 1080 349 1115 ssum
376 1080 493 1115 litteris
519 1079 656 1115 Basilius
692 1080 902 1115 Seleucienfis
940 1080 1116 1126 Episcopus
1136 1107 1145 1123 ‚

267 1129 394 1167 Isauria:
416 1129 632 1175 Metropolita
656 1155 666 1176 ,
692 1130 832 1175 scripfit:
861 1132 975 1178 Beatus
1000 1134 1144 1172 cyrillus,

262 1181 335 1214 dum
346 1182 451 1223 apert?
461 1189 560 1215 contra
573 1180 702 1222 Nestorii
723 1179 881 1225 vesaniam
904 1182 1061 1215 dimicaret
1074 1206 1085 1222 ,
1108 1184 1145 1215 (τ

263 1233 361 1264 Beato
374 1231 514 1272 celestino
525 1256 536 1273 ,
556 1235 587 1264 E
588 1231 691 1273 cclefiae
702 1236 898 1264 Romanorum
910 1232 1025 1272 Pastori·
1037 1256 1048 1272 ,
1069 1240 1144 1274 par—

260 1280 354 1323 iiceps
382 1282 449 1325 effer
470 1288 503 1315 in
520 1288 617 1324 priori
640 1285 768 1315 Patrum
788 1281 902 1323 Ephefi
915 1283 1064 1323 Concilio,
1085 1291 1143 1324 pro

259 1329 404 1366 acritatls
427 1332 590 1374 deftnfione
612 1338 765 1365 maximus
784 1331 988 1376 propugnator
1005 1338 1142 1372 emicuit,

259 1383 380 1424 quando
391 1393 447 1415 uno
453 1382 541 1425 fonte
567 1384 600 1416 (a
609 1381 714 1425 iisdem
721 1382 839 1427 stillabis
851 1385 870 1414 ᾶ
877 1381 909 1425 se
920 1381 1090 1425 conscriptis
1109 1384 1144 1417 Θ

258 1428 443 1474 ‘impietatem
455 1432 584 1473 Nestorii
592 1435 717 1476 perculit
728 1457 737 1473 ,
764 1434 798 1467 (tt
811 1441 914 1465 contra
925 1436 1059 1466 Zizania
1071 1441 1142 1475 pra·

253 1477 310 1521 3²ae
322 1485 342 1515 5
343 1482 413 1515 ec‘Jae
426 1481 566 1520 Eutychis
579 1506 590 1522 ,
615 1485 758 1525 quaejam
769 1484 886 1525 quidem
909 1491 978 1516 tunc
992 1488 1142 1526 germina-

257 1532 333 1565 bant
344 1557 355 1573 ‚
382 1531 502 1565 necdum
513 1540 612 1565 tamen
625 1532 803 1565 videbantur
823 1536 925 1574 aperte*
939 1557 950 1574 ‚
969 1527 1081 1575 falcem
1102 1531 1141 1576 se-

256 1580 364 1629 stiones
390 1582 563 1626 apertiffime*
579 1589 773 1623 praeparavit
800 1607 806 1615 .
841 1583 945 1629 Qod
973 1581 1141 1626 Eutyches

256 1631 589 1672 runcOrthodoxus,
616 1632 844 1666 immaculatus
870 1635 903 1666 δε
929 1634 1062 1667 summae
1082 1644 1142 1666 'au-

257 1681 418 1716 storitatis
444 1681 724 1716 Archi-mandrita
741 1683 838 1717 fuerit
854 1705 865 1721 ‚
891 1683 975 1717 infra
1003 1682 1141 1727 patebit.

258 1731 404 1766 Proinde
423 1731 632 1767 Seleucienfis
655 1732 791 1767 Bafilius
807 1733 954 1775 loquitur
964 1732 1006 1768 de
1016 1733 1145 1776 Apolli·

258 1782 345 1817 narii
359 1782 504 1827 reliquiis
515 1807 522 1814 .
550 1783 711 1817 Attamen
726 1782 896 1818 Nestorius
909 1784 990 1826 ipsas
1005 1794 1072 1818 non
1088 1795 1142 1817 no-

257 1842 304 1880 rat
318 1832 351 1866 in
367 1830 454 1868 hisce
466 1833 602 1868 litteris.
630 1833 785 1868 Omnino
795 1833 1144 1882 calumniaturOrtho·

256 1883 384 1917 doxos.
413 1882 502 1916 Nam
529 1883 562 1916 ἀ
577 1881 635 1915 hos
648 1883 776 1916 notavit
787 1883 819 1915 in
835 1882 951 1915 litteris
963 1883 1002 1916 ad
1013 1882 1142 1915 Celesti-

259 1944 338 1968 num
362 1932 583 1972 Pontificem,
604 1927 642 1964 ’ὃς
669 1934 702 1964 in
717 1930 866 1973 plurihuo
886 1927 976 1963 aliis.
1006 1930 1049 1963 Et
1077 1933 1144 1964 suo-

259 1975 332 2018 {um
357 1978 563 2015 Clericorum
587 1981 764 2023 quosdam,
790 1978 876 2012 cette
899 1979 1063 2021 insigniter
1079 1982 1142 2015 Or·

261 2031 430 2066 thodoxos
452 2054 463 2071 ‚
491 2029 681 2074 degradavit
698 2053 708 2069 ‚
735 2029 767 2062 &
791 2028 927 2062 civitate
953 2028 1050 2073 ejecit
1073 2039 1138 2063 tan-

261 2076 361 2125 quam
374 2081 627 2125 Apollinaristas
641 2090 658 2112 .’
758 2101 760 2113 s

273 2134 277 2139 '
313 2131 472 2167 Notanda
486 2132 559 2165 sunt
573 2127 636 2166 haec
648 2130 762 2165 verba:
795 2130 890 2164 Falla
910 2129 946 2170 est
964 2142 1001 2165 ex
1013 2129 1073 2174 ipso
1089 2134 1139 2163 An»

256 2184 316 2226 geli
330 2194 433 2216 votum
438 2187 587 2225 principio
604 2207 610 2213 .
635 2181 805 2216 Nestorius
818 2181 927 2215 statim
942 2181 976 2214 in
998 2182 1059 2215 suae
1071 2193 1141 2224 prae·

261 2228 588 2267 dicationis'exordio
599 2232 722 2275 accepit
733 2232 815 2265 duos
826 2230 1061 2274 potentiffimos
1085 2232 1144 2264 suae

262 2282 468 2326 blasphemiae
483 2283 711 2316 Adversarios:
741 2282 941 2315 Eittraneum
968 2283 1000 2315 ὅ(
1021 2282 1143 2314 Dome-

261 2333 394 2379 sticum.
424 2333 576 2366 Sanstum
590 2332 757 2376 Cyrillum
779 2330 985 2365 Alexandriae
1008 2331 1143 2365 Patriar-

264 2382 360 2428 eham
376 2407 386 2423 ‚
412 2383 468 2426 qui
491 2383 640 2425 Scripta,
665 2382 867 2418 &Sanfium-
887 2381 1060 2422 Pcoclum,
1088 2381 1143 2423 qui

263 2432 339 2466 viva
353 2433 450 2466 etiam
465 2444 544 2467 voce
555 2431 785 2475 Apostolicum
805 2432 927 2478 dogma
946 2430 1123 2464 tuebantur
1134 2453 1142 2461 .

262 2482 331 2516 Hic
354 2483 443 2515 enim
466 2482 483 2515 ὲ
506 2483 617 2524 Regiae
638 2480 782 2514 civitatis
806 2479 905 2512 Clero
927 2491 981 2522 per
997 2479 1142 2512 Nestorii

264 2532 511 2565 Antecefforem
539 2531 715 2563 Sifinniurn
753 2528 939 2571 Cyzicenus
975 2528 1144 2562 ordinatus

263 2581 433 2618 Antistes,
458 2579 539 2612 &ex
555 2578 734 2622 caufisistic
758 2588 823 2609 non
852 2587 1020 2619 receptus,
1049 2578 1143 2611 rediit

265 2625 614 2671 Constantinopolim,
641 2636 737 2669 atque
763 2626 805 2658 ita
826 2624 1144 2669 plurimum'adjuvit

265 2679 464 2713 Ecciefiam.
494 2678 585 2711 Dum
614 2677 703 2709 enim
716 2675 854 2714 Clerus‚
884 2676 1042 2718 prophani
1069 2676 1143 2720 Epi-

266 2729 354 2771 scopi
368 2726 599 2769 Tyrannidem
612 2734 755 2759 metuens
768 2750 777 2765 ‚
794 2725 901 2767 passim
915 2726 1019 2760 sileret
1031 2750 1041 2766 ,
1070 2726 1145 2759 Pro-

267 2777 337 2812 clus
363 2776 428 2810 fere
449 2777 534 2810 solus
548 2800 559 2815 ‚
585 2786 698 2818 utpote
709 2775 753 2809 ob
768 2772 989 2817 Episcopalem
1009 2775 1143 2819 gradum

269 2829 398 2862 securus
411 2825 451 2860 ab
462 2826 529 2868 ejus
541 2824 706 2859 violentiis
718 2849 727 2864 ,
756 2825 858 2867 palam
873 2825 905 2858 &
919 2826 1047 2868 publice
1058 2827 1144 2860 inva-

268 2878 304 2911 fit
316 2875 542 2920 blasphemias.
571 2874 734 2909 Adversus
755 2876 891 2917 primam
906 2875 992 2908 iliius
1017 2875 1143 2909 deviam

270 2928 468 2961 concionem
489 2925 594 2959 statim
617 2925 776 2968 reposuit:
809 2932 916 2965 Neque
935 2924 1067 2963 cbristus
1089 2935 1145 2967 per

267 2976 453 3020 succedentia
479 2981 624 3010 virtutum
650 2981 830 3008 incrementa
848 2973 954 3015 sabla:
988 2974 1025 3014 cst
1048 2978 1144 3007 Deus.

274 3026 350 3066 Abfit
366 3052 372 3058 .
402 3028 507 3060 Veritm
522 3049 532 3065 ,
558 3035 590 3058 ut
598 3023 674 3066 fides
687 3024 780 3063 nostra
797 3025 943 3065 praedicat
959 3048 968 3063 ‚
996 3027 1078 3057 Deus
1090 3025 1145 3066 fa-

273 3075 334 3108 έῖιυ
356 3075 394 3115 est
414 3075 496 3109 bomo
515 3099 522 3105 .
553 3080 659 3116 Neque
694 3075 837 3107 hominem
864 3073 1040 3115 Deificcttum
1059 3098 1068 3112 ,
1090 3073 1147 3117 sed

272 3126 365 3168 Deum
378 3129 566 3158 Inrarnatum
578 3125 762 3166 confitemur.
793 3122 927 3166 Utique
939 3123 1047 3156 statim
1059 3122 1076 3155 ὲ
1090 3124 1145 3165 pri-

269 3185 329 3207 mo
345 3174 522 3217 Virginalis
534 3185 708 3216 conceptus
720 3174 877 3207 exordio.
906 3172 948 3204 Et
962 3173 994 3205 in
1010 3172 1095 3205 libro
1105 3173 1144 3207 ad

275 3224 420 3267 Reginas
431 3224 470 3256 de
482 3224 636 3257 Nestorio
661 3235 698 3257 ac
709 3223 775 3263 ejus
787 3222 908 3256 asseclis
929 3222 1049 3264 scripfit
1072 3223 1145 3255 San·

275 3275 341 3306 &us
355 3273 516 3314 Cyrillus:
546 3273 727 3312 Existimant
741 3272 870 3311 homini,
898 3272 943 3303 ad
966 3271 1091 3311 nostram
1110 3271 1148 3312 fi-

273 3325 470 3356 nuilitudinem
482 3333 518 3354 ex
530 3322 638 3354 sam‘la
650 3326 768 3364 Virgine
779 3329 921 3365 prognata
931 3345 941 3360 ‚
969 3331 1034 3352 cnm
1053 3323 1147 3354 Fllla-

274 3379 360 3405 tionis
374 3397 383 3410 ,
410 3382 473 3404 tum
486 3374 700 3404 Dominarionis
712 3382 824 3412 quoque
829 3373 957 3414 gloriam
966 3379 1021 3410 per
1032 3372 1146 3403 modum

273 3420 423 3464 cujusdam
429 3427 539 3465 grauae
550 3446 562 3462 ‚
588 3432 621 3454 ac
630 3429 685 3463 per
692 3422 851 3465 progressus
862 3419 1002 3463 obvenisse.
1014 3444 1019 3451 .
1046 3420 1088 3454 Et
1101 3421 1145 3455 in·

630 167 671 187 -··
696 150 1035 200 V‘Aiuon‘um
1056 148 1683 208 ‘Parium-Ensromj

1223 228 1294 262 fra:
1320 233 1394 263 Non
1405 230 1531 274 eofbnsu
1539 233 1732 277 adicimus,
1758 244 1814 280 quo
1822 229 1888 275 Hi),
1910 230 1996 280 'quast'
2004 231 2096 274 'trimi-
2151 246 2154 248 ’

1218 290 1289 315 ,rum
1314 281 1498 313 Emmanuel
1514 280 1676 323 secundnm
1691 290 1828 334 granam
1853 287 1971 320 ramim
1994 292 2096 330 Deus,

1221 337 1276 362 aut
1288 330 1387 364 Filius
1400 354 1411 370 ,
1437 338 1491 363 aut
1502 333 1644 371 Dominus
1655 335 1866 376 nominatusfie
1875 360 1887 376 ,
1914 345 1967 371 aut
1974 346 2031 381 per
2048 339 2098 384 as-

1215 377 1311 419 fiduos
1316 380 1480 423 progressus
1508 381 1542 414 Θ
1559 386 1757 424 incrementa,
1778 386 1904 425 perinde
1929 399 1964 422 aec
1982 400 2057 423 unus
2079 392 2096 424 ὃ

1215 441 1306 473 grege
1317 454 1328 470 ‚
1355 429 1499 472 nostrique
1504 429 1609 471 similis
1621 430 1912 475 homofandificatus
1921 461 1933 478 ‚
1958 439 2002 471 ad
2020 441 2098 473 illud

1212 480 1317 523 gloiiae
1338 482 1451 514 culmen
1472 479 1683 524 conscenderit.
1709 482 1748 516 In
1764 482 1859 527 hujus
1881 496 1972 521 novae
1988 489 2094 532 praedi-

1217 530 1360 574 cationis
1369 530 1506 566 exordio
1532 541 1593 565 nec
1603 532 1737 566 Sanctus
1748 532 1914 576 Cyrinus,
1941 546 2000 571 nec
2017 540 2093 574 San-

1216 581 1283 614 &us
1293 579 1428 616 Procius
1438 579 1643 616 crediderunt
1664 580 1834 618 hominem
1858 588 1922 620 effe
1933 585 2017 622 adeo
2039 589 2093 624 ab·

1215 641 1342 673 reptum
1354 656 1366 670 ‚
1393 642 1431 666 ut
1443 632 1662 666 Sacro-sanetae
1674 631 1804 667 unionis
1823 634 2020 678 Mysterium
2042 650 2094 683 pe-

1214 680 1483 724 nitusabjiceret:
1511 682 1730 717 Crediderunt
1754 682 1848 726 abjici
1866 685 1968 721 solam
1987 689 2094 723 Incar-

1214 731 1404 772 nationem,
1432 733 1486 766 seu
1510 732 1603 766 istius
1616 733 1750 767 unionis
1775 734 1949 769 exordium
1965 738 2008 772 ad
2030 740 2093 783 pri·

1213 791 1304 815 mum
1324 791 1519 825 conceptum
1541 782 1728 817 Dominicae
1742 782 1876 818 Carnis.
1905 785 2091 823 Videbatur

1212 829 1302 864 enirn
1327 831 1427 865 solam
1450 842 1587 872 vocem,
1614 836 1748 874 Detpara
1767 857 1778 873 ,
1804 833 1977 876 invadere,
2004 838 2091 872 ided-

1210 891 1274 923 que
1285 881 1535 915 aversarisolum
1549 883 1633 916 istud
1655 881 1844 918 exordium.
1871 885 2091 923 crediderunt

1211 930 1303 964 illum
1315 930 1583 976 pelagianizare,
1608 932 1760 974 atqueita
1782 932 1824 967 ab
1844 935 1916 977 ipso
1926 936 2091 982 dogmati-

1209 980 1272 1014 zari
1282 978 1424 1015 humana
1437 985 1548 1016 merita
1561 1006 1571 1022 ,
1580 981 1698 1026 quibus
1709 982 1909 1018 Dominicus
1919 983 2023 1021 homo
2035 999 2091 1031 per

1210 1034 1388 1076 progressus
1414 1033 1656 1068 &incrementa
1668 1033 1706 1066 ad
1717 1033 1943 1076 Hypostaticae
1953 1036 2090 1071 unionis

1208 1080 1345 1124 gratiam
1358 1083 1489 1117 tandem
1503 1083 1660 1117 veraciter
1681 1083 1883 1125 profecisset.
1910 1086 1959 1119 lta
1979 1087 2090 1122 suade-

1207 1129 1264 1164 bat
1276 1130 1343 1174 ejus
1354 1142 1430 1165 cum
1442 1133 1629 1176 pelagianis
1641 1133 1845 1168 familiaritas
1858 1158 1864 1166 .
1891 1134 1992 1169 Hanc
2008 1148 2088 1182 ergo

1208 1180 1372 1224 peffimam
1385 1182 1426 1216 de
1439 1182 1469 1216 se
1479 1181 1674 1226 opinionem
1685 1180 1782 1216 diluit
1790 1194 1845 1225 per
1857 1184 1951 1219 verba
1961 1188 2090 1229 praesen·

1207 1232 1250 1265 tia
1263 1255 1270 1263 .
1298 1232 1390 1278 Qid
1402 1231 1512 1266 autem
1527 1243 1559 1266 re
1573 1242 1642 1266 vera
1656 1233 1785 1266 senserit
1795 1233 1830 1267 in
1849 1232 1914 1268 hoc
1926 1236 2088 1278 articulo,

1205 1281 1249 1314 est
1264 1281 1583 1327 altiorisindagini57
1610 1281 1704 1316 Hinc
1721 1282 1853 1317 interim
1875 1285 1964 1319 vides
1985 1297 2089 1321 unam

1205 1329 1222 1364 ὲ
1233 1330 1418 1366 rationibus
1430 1355 1441 1372 ,
1467 1332 1513 1366 ob
1525 1342 1602 1375 quas
1613 1333 1748 1366 Sanctus
1759 1332 1896 1367 Procius
1906 1346 1943 1369 ac
1953 1336 2088 1378 quidam

1206 1382 1260 1414 alii
1274 1381 1383 1415 Patres
1403 1383 1535 1415 fiierunt
1551 1382 1683 1415 aversati
1702 1380 1790 1416 hane
1808 1394 1867 1424 pro
1890 1385 2062 1419 olitionem
2075 1399 2087 1418 .-

1206 1429 1338 1471 christus
1355 1430 1393 1470 est
1407 1430 1489 1464 homo
1501 1431 1677 1473 Delficatus‚
1705 1429 1788 1464 Item
1815 1430 1855 1466 ha
1882 1444 1899 1466 c
1911 1446 1923 1466 .-
1939 1437 2088 1467 nomenis

1207 1492 1271 1514 cum
1293 1484 1355 1514 Deo
1366 1487 1433 1514 unio
1447 1480 1485 1521 est
1504 1479 1644 1513 humana
1666 1489 1785 1513 natum
1799 1481 1974 1523 Deificatio.
2003 1482 2088 1518 Ceri·

1206 1532 1334 1565 suerunt
1346 1542 1442 1565 voces
1453 1530 1527 1564 istas
1539 1540 1606 1564 non
1617 1530 1681 1563 effe
1692 1530 1879 1564 sufficientis
1889 1532 2025 1577 energia
2044 1534 2089 1568 ad

1204 1579 1448 1624 exprimendam
1470 1580 1561 1614 istius
1587 1580 1722 1614 unionis
1747 1581 1977 1618 excellentiam
1993 1608 2000 1616 .
2029 1583 2086 1618 Ad

1209 1630 1294 1665 lianc
1315 1631 1560 1674 exprimendam
1579 1631 1710 1665 San-stus
1722 1630 1868 1672 Cyrillus
1885 1632 2019 1667 induxit
2032 1644 2086 1667 vo-

1204 1692 1255 1715 ces
1267 1694 1277 1713 :
1304 1685 1378 1715 Unio
1389 1680 1570 1723 Hypostatlca
1584 1705 1594 1721 ,
1622 1682 1675 1716 seu
1697 1684 1770 1713 Unio
1773 1679 1935 1723 secundam
1953 1682 2086 1725 Hypossa-

1199 1729 1272 1772 fim.
1300 1730 1362 1766 Hae
1381 1742 1521 1776 namque
1536 1731 1641 1775 palam
1657 1730 1837 1775 important
1858 1732 2016 1767 unionem
2039 1734 2085 1768 fa·

1205 1784 1285 1816 &am
1300 1781 1333 1815 in
1348 1782 1452 1826 primo
1465 1782 1587 1826 punsto
1597 1806 1608 1823 ,
1635 1792 1701 1831 quo
1711 1791 1815 1818 creata
1828 1781 1873 1817 est
1883 1807 1894 1825 ,
1921 1783 1956 1818 δε
1968 1783 2085 1819 existe-

1205 1843 1236 1867 re
1248 1833 1347 1876 coepit
1369 1831 1512 1868 humana
1525 1841 1656 1869 natura.

1254 1882 1420 1915 Laudatus
1438 1883 1472 1916 in
1499 1882 1585 1916 hisce
1608 1884 1722 1917 litteris
1746 1885 1868 1918 Comes
1890 1885 2024 1918 Irenoeus
2034 1884 2082 1918 est

1207 1932 1346 1964 summus
1360 1932 1505 1966 Nestorii
1519 1934 1653 1966 sectator
1676 1933 1709 1966 ὃς
1721 1934 1871 1966 assertor.
1900 1933 1979 1975 Ejus
1991 1931 2086 1967 indo·

1207 1981 1248 2013 lcs
1260 1991 1296 2013 ac
1311 1982 1395 2013 varia
1409 1983 1490 2014 Asta
1502 1990 1707 2023 exponentur
1719 1981 1868 2014 inferius.
1892 1981 1995 2016 Porro
2007 1981 2084 2015 Mu¹>

1207 2031 1280 2062 saeus
1294 2031 1356 2063 fuit
1369 2030 1528 2064 Antaradi
1543 2030 1720 2074 Episcopus
1730 2030 1763 2062 in
1777 2032 1880 2073 prima
1892 2032 1917 2064 P
1927 2030 2083 2072 hoenicia,

1207 2079 1307 2112 horno
1318 2080 1458 2123 ejusdem
1473 2082 1646 2114 commatis
1658 2106 1665 2112 .
1681 2080 1766 2129 Qis
1779 2081 1833 2114 hic
1844 2081 1992 2115 laudetur
2003 2081 2084 2115 Hei-

1207 2129 1334 2170 ladius,
1361 2128 1486 2164 videtur
1509 2130 1686 2164 incertum.
1712 2130 1803 2164 Inter
1824 2129 1968 2165 Nestorii
1991 2132 2082 2165 enim

1206 2180 1335 2214 asseclas
1347 2181 1477 2214 fuerunt
1490 2180 1555 2214 duo
1569 2180 1685 2214 eodem
1698 2180 1834 2214 nomine
1847 2195 1858 2214 .·
1872 2180 2083 2216 AlterThar⁴

1206 2230 1296 2263 senfis
1326 2230 1505 2274 Episcopus
1525 2254 1535 2270 ‚
1562 2230 1779 2274 Metropolita
1803 2231 1912 2274 primae
1931 2230 2082 2272 Ciliciae,
2125 2268 2132 2273 ,

1206 2280 1285 2313 alter
1302 2280 1451 2314 Antistes
1465 2279 1680 2314 ptolomaidis
1693 2281 1724 2314 in
1739 2281 1839 2323 prima
1851 2280 1929 2315 item
1952 2279 2083 2315 Phoeni*

1207 2330 1256 2363 cia
1284 2353 1292 2361 .
1317 2330 1459 2373 Joannes
1489 2329 1675 2364 Patriarcha
1698 2331 1792 2374 possit
1816 2330 1856 2365 ad
1878 2330 1966 2364 hunc
1986 2331 2019 2364 &
2040 2330 2082 2365 ad

1207 2379 1390 2419 Musaeum,
1416 2380 1575 2421 quoniam
1600 2379 1743 2422 ejusdem
1766 2379 1969 2420 vainciae,
1996 2391 2085 2414 cotn-

1208 2440 1320 2462 munes
1345 2428 1464 2463 dedisse
1483 2441 1540 2472 pro
1562 2429 1720 2463 Nestorio
1746 2430 1868 2463 litteras
1887 2455 1895 2462 .
1925 2430 2086 2464 Attamen

1207 2478 1293 2521 quod
1305 2479 1404 2512 etiam
1425 2478 1466 2512 ad
1479 2478 1730 2521 Metropolitam
1742 2478 1938 2512 Helladium
1953 2479 2083 2523 scripse·

1207 2529 1247 2562 rit
1259 2552 1270 2567 ,
1297 2527 1405 2562 statim
1415 2526 1605 2562 docebimur
1617 2551 1624 2558 .
1654 2527 1764 2573 Qem
1778 2528 1878 2570 igitur
1898 2527 1952 2561 hic
1965 2528 2087 2562 Nesto-

1206 2577 1270 2609 rius
1283 2577 1411 2616 laudet,
1424 2585 1531 2609 manet
1542 2574 1731 2618 ambiguum
1744 2599 1751 2606 .
1778 2576 1871 2623 Qas
1881 2600 1892 2616 ,
1902 2577 1935 2610 δε
1945 2577 2080 2620 quidem

1207 2626 1381 2669 plurimas,
1408 2621 1514 2659 'Sandii
1539 2625 1658 2668 Cyrilli
1670 2625 1933 2668 praesumptiones
1955 2625 2011 2660 hic
2022 2638 2082 2661 no-

1206 2685 1272 2714 tet,
1300 2674 1377 2716 quid
1389 2673 1477 2715 juvet
1488 2673 1829 2716 curiofistsinquirere?
1855 2677 1938 2709 Sunt
1958 2677 2081 2710 calum-

1208 2726 1267 2758 niae
1278 2748 1285 2755 .
1313 2724 1356 2758 Et
1371 2724 1523 2767 quasdam
1535 2725 1617 2758 infra
1628 2724 1796 2758 audiemus
1809 2749 1816 2756 .
1830 2725 2007 2760 Praesertim
2019 2737 2078 2760 no*

1207 2783 1253 2808 tat
1265 2773 1439 2809 duodecim
1463 2775 1568 2808 Sansti
1583 2773 1701 2817 Cyriili
1725 2773 1876 2818 Capitula
1889 2800 1900 2816 ,
1927 2786 1997 2817 quae
2011 2787 2079 2810 non

1207 2824 1270 2868 ipse
1297 2825 1404 2864 solus,
1431 2825 1482 2858 sed
1505 2823 1686 2866 pluresalii
1700 2826 1892 2859 censuerunt
1912 2826 2080 2862 &clama

1207 2884 1321 2908 verunt
1342 2874 1405 2908 effe
1423 2874 1681 2918 praesumptiones
1697 2874 1895 2917 Apollinarii
1909 2900 1916 2908 .

1255 2923 1367 2966 Hujus
1389 2923 1544 2967 Epistolae
1567 2933 1694 2967 tempus
1719 2924 1840 2959 docent
1868 2924 1935 2959 haec
1961 2925 2079 2960 verbaz

1206 2977 1284 3011 Dum
1297 2972 1379 3006 nobis
1399 2972 1477 3007 banc
1495 2971 1592 3016 ipsam
1618 2975 1760 3011 synodum
1782 2976 1963 3016 donaverit,
1989 2987 2081 3018 quam

1203 3023 1377 3067 speramus.
1406 3023 1582 3056 Affirmant
1601 3025 1663 3057 effe
1685 3024 1834 3068 scriptam
1855 3036 1896 3059 eo
1915 3037 2083 3068 tempore,

1208 3084 1275 3117 quo
1289 3072 1457 3106 Nestorius
1472 3097 1482 3113 ,
1506 3073 1524 3105 ὲ
1537 3073 1690 3107 celestini
1704 3073 1876 3109 Pontificis
1895 3074 2018 3116 judicio
2031 3086 2083 3118 ap.

1209 3122 1538 3166 pellansfieneralem
1551 3121 1723 3166 Synodum
1738 3124 1951 3167 postulaverat
1962 3125 1979 3159 a
1992 3125 2082 3158 Prin·

1208 3173 1278 3215 cipe
1290 3196 1300 3211 ,
1311 3172 1363 3205 sed
1376 3173 1515 3205 necdum
1531 3173 1756 3215 impetraverat
1766 3199 1774 3206 .
1800 3174 1847 3208 lta
1860 3174 1960 3209 videri
1973 3173 2076 3216 poffit.

1209 3222 1331 3255 Verum
1355 3222 1447 3255 Sacra
1471 3222 1623 3266 Dialis,
1649 3234 1711 3264 qua
1728 3223 1906 3267 imperator
1917 3222 2080 3257 Theodo-

1208 3272 1266 3304 fius
1288 3282 1401 3304 omnes
1413 3270 1614 3305 patriarchas
1637 3284 1676 3306 ac
1688 3273 1915 3317 Metropolitas
1931 3273 2080 3307 evocavit

1208 3320 1432 3363 adSynodum
1445 3344 1456 3359 ,
1481 3321 1555 3354 data
1572 3323 1634 3355 fuit
1657 3323 1784 3358 decimo
1810 3322 1906 3357 tertio
1917 3321 2083 3356 calendas

1209 3371 1421 3409 Decembris,
1448 3370 1501 3403 die
1523 3369 1648 3406 decima
1672 3385 1760 3407 nona
1773 3371 1995 3411 Novembris,
2022 3371 2082 3405 sub

1207 3419 1347 3464 ejusdem
1360 3419 1523 3464 Principis
1533 3421 1788 3466 decimotertio,
1814 3423 1911 3456 tertio
1923 3420 2085 3463 Gonsula2

1998 3480 2037 3505 tu
