2320 3730
624 196 945 248 Seno-Lus,
974 205 1036 236 ετ
1071 190 1260 237 Norls
1296 206 1687 244 1LLusrimrffi,

398 366 443 413 C
459 370 502 412 A
517 367 606 414 PU
619 364 659 413 T
698 368 912 415 CXXIII.
947 381 1038 412 ---2
1051 381 1067 413 1
1086 380 1102 411 1

227 502 395 572 Epistola
418 541 432 566 ,
467 506 614 573 inquit
639 541 653 566 ,
688 507 846 560 Joanm's
871 501 1085 553 Antiocheia·
1097 538 1110 562 ,

295 593 410 642 quam
426 574 585 644 scripsit
609 581 745 623 Tauro
778 591 886 642 atque
922 576 1085 623 Patritio
1097 608 1111 633 ,

294 644 519 711 congaudens
546 645 689 713 quidem
721 649 770 692 ez's
809 647 851 694 de
874 643 1110 693 Ordinatione

294 713 420 763 Procli
463 714 853 784 Constantinopolitani
897 712 1073 783 Epistopi
1096 749 1110 775 ,

293 804 428 853 rogans
453 784 544 834 verb
567 806 620 834 eos
645 787 697 832 ad
707 788 832 834 'uvare
854 783 900 852 JZ’
945 800 1108 832 συκίνη-ι

293 857 486 921 obstinatos
517 891 531 916 ,
567 860 632 922 qui
648 805 712 922 fi]
719 858 769 905 ab
791 858 866 926 ejus
889 857 1107 906 communio-

292 944 334 973 ne
346 924 617 994 sejunxerant.

306 1080 417 1115 Itteras
427 1079 689 1126 Magnificentiae
706 1080 814 1115 vestrae
835 1078 1031 1123 suscipiens,
1053 1088 1108 1122 per

329 1141 408 1173 quas
426 1129 555 1175 dignati
576 1131 653 1165 estis
686 1130 889 1166 innotescere
909 1131 1031 1164 fastum
1053 1139 1109 1171 per

217 1181 359 1225 gratiam
380 1181 447 1215 Dei
459 1181 756 1225 Constantinopoli
781 1179 991 1215 Praesulatum
1004 1203 1016 1220 ,
1042 1176 1108 1212 hoc

219 1231 379 1274 gaudium
392 1230 487 1274 plena
509 1231 680 1265 voluntate
693 1231 834 1273 suscepi,
859 1240 989 1273 propter
1011 1229 1105 1262 Bona

219 1290 292 1321 quae
303 1280 459 1314 universis
470 1280 623 1315 Ecclefiis
634 1279 756 1315 Christi
768 1280 890 1324 ubique
900 1281 1007 1315 futura
1019 1279 1103 1314 sunt.

219 1329 325 1378 Qod
345 1330 642 1375 &Magnificentia
665 1330 786 1372 vestra,
813 1330 893 1364 dum
914 1331 1009 1364 Bona
1023 1339 1102 1363 nun·

218 1380 284 1414 ciat
307 1404 317 1420 ,
342 1380 520 1424 designavit
543 1406 550 1413 .
585 1381 710 1416 Scitote
729 1380 890 1425 siquidem
909 1405 921 1423 ‚
947 1379 1101 1423 Magnifi-

219 1429 394 1464 centiffimi
406 1431 569 1472 Domini,
595 1432 672 1475 quia
686 1443 755 1465 non
767 1441 862 1474 parva
881 1428 965 1464 mihi
978 1429 1054 1463 Viri
1067 1429 1104 1462 il-

218 1479 284 1514 lius
296 1479 494 1523 experientia
505 1481 542 1514 sit
553 1504 564 1520 ,
577 1480 631 1515 sed
644 1481 679 1515 &
691 1481 838 1523 quaedam
851 1481 953 1514 multa
966 1479 1085 1514 notitia
1094 1503 1104 1519 ‚

217 1530 253 1563 δε
275 1531 424 1565 noverim
435 1541 534 1573 quam
556 1531 587 1564 se
598 1531 639 1565 ad
654 1531 801 1565 universa
825 1530 1039 1565 accommode
1051 1527 1104 1562 ha-

216 1578 293 1613 beat
306 1604 313 1611 .
339 1579 384 1613 Et
405 1579 611 1613 confidenter
630 1579 710 1613 dico
731 1603 741 1619 ,
769 1579 847 1623 quia
866 1589 987 1622 magna
1010 1578 1104 1622 Deus

217 1624 670 1672 Constantinopolita‘norum
704 1626 844 1663 donavit
881 1628 1028 1662 Ecclesia:
1051 1639 1105 1670 per

217 1676 362 1713 studium
373 1678 513 1713 vestrum
523 1703 533 1719 ,
545 1679 577 1713 ὃ(
589 1690 699 1714 curam
713 1679 789 1712 Deo
802 1678 998 1712 Amiciffimi
1011 1678 1104 1711 Prin-

217 1726 324 1771 cipis,
350 1729 407 1771 qui
427 1724 503 1763 cum
517 1728 601 1765 bene
624 1727 766 1769 viderit,
793 1729 950 1762 velociter
973 1739 1103 1772 quoque

217 1777 395 1813 deliberata
408 1778 607 1823 complevit,
636 1791 677 1814 ne
688 1778 891 1813 ullainvidia
912 1778 1038 1812 bonum
1058 1779 1102 1820 iu-

216 1828 344 1862 dicium
368 1829 522 1863 violaret.
551 1828 614 1863 Sed
626 1830 704 1863 ficut
724 1830 874 1863 effestum
898 1829 941 1862 est
967 1840 1021 1871 per
1033 1827 1103 1860 Ma-

217 1878 447 1922 gnificentiam
461 1876 598 1912 vestram
608 1904 618 1919 ,
646 1879 688 1913 sic
701 1890 783 1923 rogo
796 1887 831 1912 ut
843 1872 993 1912 animatis
1017 1878 1049 1911 &
1063 1878 1103 1911 de

216 1927 350 1961 istarum
360 1938 438 1970 pace
450 1929 589 1971 partium
600 1929 745 1973 cogitare
764 1954 771 1960 .
799 1929 882 1962 Sunt
895 1929 983 1962 enim
1009 1928 1102 1971 pauci

216 1977 353 2021 quidam
376 1979 556 2017 effroenati,
584 1979 642 2022 qui
666 1989 802 2022 pacem,
829 1990 928 2023 quam
943 1979 1034 2012 Deus
1047 1976 1104 2012 do-

215 2027 309 2061 navit
341 2051 353 2068 ,
379 2029 415 2063 &
434 2039 533 2072 quarn
555 2029 627 2072 pius
650 2038 807 2063 executus
831 2029 876 2063 est
898 2030 1102 2072 Imperator,

216 2076 382 2121 propriam
404 2078 562 2112 duxerint
582 2079 741 2112 laelionem
755 2101 766 2118 ‚
791 2078 826 2110 &
846 2079 1016 2120 praeferant
1033 2088 1102 2110 non

214 2127 280 2161 effe
291 2125 349 2160 sub
360 2125 516 2170 Principe
528 2128 619 2170 super
630 2138 730 2162 omne
742 2152 752 2168 ,
782 2126 872 2170 quod
883 2127 1015 2170 expedit
1034 2137 1102 2160 tam

213 2177 294 2216 nbi,
318 2187 417 2219 quam
427 2177 550 2211 cunetis
566 2178 738 2216 Ecclesiis,
765 2175 845 2210 dum
856 2178 940 2211 certe
960 2174 1102 2210 omnino

212 2228 253 2260 sit
273 2227 433 2269 dignum,
458 2236 494 2258 ut
518 2226 697 2267 approbent
710 2225 969 2260 ordinationem
985 2224 1104 2259 Domi—

213 2276 249 2309 ni
263 2275 455 2310 Sanfflffimi
482 2274 634 2318 Episcopi
648 2275 775 2308 Procli.
804 2274 886 2307 Non
910 2274 1102 2317 injuriemur

215 2326 234 2359 ὲ
247 2326 361 2369 paucis
373 2349 384 2366 ‚
410 2335 550 2368 quorum
565 2323 827 2358 inordinabilitas
839 2324 960 2367 ubique
981 2323 1027 2357 est
1041 2323 1104 2357 dif-

214 2377 352 2409 famata.
382 2376 424 2408 Et
448 2373 488 2407 ad
509 2375 668 2409 deteriora
694 2373 772 2408 inde
796 2373 973 2418 proficiunt
989 2396 999 2413 ,
1025 2374 1102 2417 quia

215 2433 305 2456 nunc
319 2425 417 2465 usque
437 2424 471 2456 &
486 2434 544 2458 nos
568 2425 603 2458 δε
619 2434 677 2458 vos
697 2424 783 2457 circa
809 2434 865 2459 eos
886 2423 976 2458 lenes
996 2422 1103 2457 existi-

217 2484 289 2508 mus
301 2497 308 2505 .

414 2626 901 2671 SCHOLION.

216 2770 373 2858 SAnsti
385 2770 495 2805 Procli
517 2771 720 2807 evectionem
739 2774 774 2807 in
787 2772 1098 2818 Constantinopoli-

301 2833 412 2857 tanam
424 2818 623 2856 Cathedram
632 2847 642 2863 ‚
668 2822 795 2865 ejusque
816 2822 953 2858 modurn
966 2836 1004 2858 ac
1016 2835 1096 2858 tem-

78 2877 142 2910 Lib.
168 2889 196 2914 7.
213 2884 272 2917 pus
290 2898 301 2914 ,
327 2871 473 2907 accurate
498 2872 635 2916 exponit
659 2872 804 2907 Socrates
824 2885 832 2905 :
862 2877 1092 2915 Maximianus,

79 2927 197 2958 ‘³²P‘40·
211 2933 276 2957 cum
284 2931 339 2965 per
353 2922 504 2956 biennium
528 2934 562 2956 ac
575 2921 689 2966 menses
702 2928 827 2966 quinque
836 2947 847 2963 ,
874 2924 1029 2966 Ecclesiam
1037 2934 1091 2967 pa-

1876 203 1975 262 285

1175 276 1214 310 lio
1233 277 1360 310 locarent
1370 297 1383 309 .-
1405 278 1445 311 Id
1462 283 1541 311 enim
1561 279 1695 317 celestini
1715 294 1824 327 quoque
1837 287 1976 331 Effiscoln
1986 293 2044 324 Ro.

1174 331 1258 361 mam·
1276 328 1387 360 litterae
1412 351 1423 367 ,
1449 336 1519 361 tunc
1538 328 1683 363 exhibita
1703 332 1910 372 confirmabant
1927 363 1938 379 ,
1964 352 2043 382 quas

1174 378 1222 411 ille
1244 378 1350 416 Cyrillo
1362 377 1555 411 Alexandria·
1565 377 1729 421 Episcopo,
1756 383 1789 414 (⁴5
1804 386 1832 425 J
1835 394 1922 418 oanni
1945 394 2044 423 Antio-

1172 427 1260 460 cheno
1271 451 1282 468 ,
1308 430 1342 461 (ν
1353 427 1431 469 Rufo
1442 427 1675 472 Theffalonicenfi
1692 436 1724 463 in
1746 442 1810 466 eam
1830 445 1891 465 rem
1902 436 2019 478 miserat
2030 465 2043 479 ,

1173 479 1276 511 docens
1286 477 1365 512 nibil
1372 477 1481 518 obstare
1491 504 1501 519 ,
1529 491 1583 522 quo
1594 481 1691 513 minus
1705 486 1731 514 is
1745 505 1756 522 ,
1781 487 1832 523 qui
1852 484 1976 525 aliquus
1987 489 2045 518 Ec-

1173 527 1259 569 clefiae
1271 534 1440 561 nominatus
1448 528 1504 571 fit,
1531 539 1586 563 aut
1602 529 1666 572 ipsa
1686 542 1717 564 re
1737 531 1842 571 existat
1860 533 2043 577 Episcopus,

1173 580 1219 611 ad
1235 579 1325 611 aliam
1350 577 1502 618 Ecclesiam
1522 580 1745 622 transferatur.
1775 582 1888 625 Itaque
1911 583 2047 620 Procius

1174 628 1207 660 in
1230 629 1311 661 Sede
1322 629 1504 672 Episcopali
1517 630 1697 665 collocatus
1720 643 1836 674 corpus
1847 632 2048 667 Maximiani

1167 675 1329 721 sepultura*
1338 680 1475 712 tradidit.
1504 681 1531 713 F
1533 682 1637 715 aetum
1650 681 1682 716 id
1694 682 1739 715 est
1753 682 1919 726 trigesimo
1932 694 2050 727 quarto

1171 738 1259 761 anno
1271 727 1360 761 istius
1371 729 1476 763 saeculi
1488 754 1495 760 .
1522 728 1645 766 Pascha
1659 743 1738 766 tunc
1751 732 1887 767 cadebat
1910 734 1945 768 in
1960 734 2050 768 diem

1170 776 1334 812 decimum
1347 779 1498 819 quintum
1512 781 1635 822 Aprilis
1647 807 1656 822 ‚
1684 780 1822 826 ideoque
1844 783 1922 818 feria
1933 785 2058 828 quinta*

1170 827 1284 861 saneta
1297 836 1367 862 erat
1378 828 1446 861 dies
1460 827 1653 864 duodecima
1665 856 1672 864 .

1219 877 1387 912 Docemur
1398 878 1505 912 varia.
1532 879 1646 913 Primo
1658 905 1668 921 ‚
1691 883 1778 924 quod
1791 883 1824 917 in
1840 884 1987 919 Nestorii
2000 884 2053 919 de*-

1169 927 1294 970 gradati
1316 928 1427 961 locum
1460 928 1639 971 Imperator
1659 930 1867 968 Theodosius
1893 934 2051 970 studuerit

1169 976 1322 1010 Proclum
1346 975 1498 1011 evehere.
1526 979 1618 1013 Hinc
1641 980 1728 1013 enim
1753 982 1793 1014 de
1815 984 1871 1017 ista
1882 985 2053 1019 evectione

1170 1026 1278 1064 scribit
1299 1028 1458 1061 Socrates:
1487 1030 1577 1060 Multi
1597 1031 1717 1071 quidem
1745 1030 1919 1074 Philippum
1941 1059 1951 1073 ‚
1977 1040 2052 1067 eon.

1162 1076 1433 1119 staminopoiitanae
1459 1077 1594 1118 Ecclefiae
1614 1079 1819 1118 Presbyterum
1831 1104 1841 1119 ,
1865 1084 1968 1123 plures
1981 1087 2054 1117 vero

1172 1129 1305 1162 Proetum
1326 1127 1542 1161 nominabant.
1571 1131 1617 1160 Et
1642 1132 1759 1162 omnino
1777 1132 2060 1174 pravaluiffetsen—·

1171 1183 1266 1211 tentia
1282 1189 1399 1219 eorum,
1425 1183 1477 1221 qui
1499 1178 1601 1211 Proclo
1618 1176 1865 1222 suffragabantur
1880 1205 1890 1220 ‚
1918 1179 1973 1222 nisi
1985 1188 2056 1224 qui-

1170 1230 1243 1261 dam
1256 1252 1267 1268 ,
1293 1239 1415 1270 quorum
1425 1233 1560 1261 maxima
1572 1238 1637 1263 erat
1649 1229 1819 1263 authoritas
1833 1254 1844 1270 ,
1870 1230 2034 1275 obstitissent
2044 1257 2056 1274 ,

1169 1277 1360 1319 Ecclest‘astIco
1380 1283 1500 1312 Cimone
1527 1285 1655 1313 vetitum
1681 1282 1730 1322 esse
1756 1282 1886 1315 dicentes
1906 1304 1915 1319 ,
1943 1293 1979 1315 ne
2004 1288 2032 1315 is
2046 1307 2059 1324 ,

1167 1335 1218 1371 qui
1242 1331 1370 1372 alicujus
1391 1332 1539 1362 civitatis
1564 1329 1729 1374 defignatus
1756 1331 1859 1373 fuerat
1871 1330 2034 1374 Episcopus
2047 1357 2058 1373 ,

1167 1380 1213 1411 ad
1226 1380 1319 1413 aliam
1351 1383 1517 1414 Civitatem
1545 1381 1752 1422 transferatur
1773 1407 1780 1414 .
1817 1382 1939 1425 ,Quibus
1961 1381 2061 1416 verbis

1166 1439 1230 1461 cum
1234 1429 1328 1469 fidem
1338 1432 1468 1472 Populus
1478 1432 1725 1474 accommodasset,
1736 1432 1870 1474 deinceps
1881 1437 2058 1475 conquievit.

1168 1478 1304 1514 Procius
1329 1481 1418 1514 enim
1441 1481 1459 1514 a
1483 1481 1629 1515 Nestorii
1644 1482 1857 1517 Antecessore
1871 1484 2057 1525 Cyzicenus

1167 1529 1372 1564 consecratus
1394 1531 1593 1574 Episcopus;
1622 1530 1748 1566 Verum
1771 1532 1812 1566 ab
1834 1532 1900 1565 illis
1924 1543 1993 1566 non
2006 1531 2062 1566 ad-

1167 1578 1277 1612 miffus
1290 1603 1300 1619 ‚
1326 1578 1459 1614 redierat
1474 1580 1803 1623 Constantinopolim
1820 1605 1830 1620 ‚
1857 1582 1890 1614 ὅ(
1905 1581 1974 1613 istic
1988 1592 2061 1614 mo-

1167 1640 1199 1662 re
1211 1629 1309 1671 priori
1320 1639 1429 1673 egerat
1448 1630 1532 1663 inter
1544 1629 1755 1672 Presbyteros
1767 1654 1774 1662 .
1804 1630 1847 1663 Et
1860 1629 1945 1663 certe
1958 1641 2059 1664 mere·

1167 1678 1259 1712 batur
1281 1679 1514 1722 Episcopatum
1535 1703 1541 1711 .
1571 1679 1677 1726 Qod
1696 1679 1787 1714 enim
1821 1678 2061 1724 generosissime

1166 1728 1322 1763 Nestorio
1348 1727 1536 1770 obstiterit,
1563 1729 1608 1763 est
1622 1730 1714 1773 supra
1729 1730 1933 1773 expofitum.
1963 1729 2059 1764 Atta·

1166 1789 1242 1812 men
1263 1780 1392 1822 praefata
1415 1779 1635 1822 quorumdam
1664 1779 1852 1814 lnterceffio
1888 1780 2059 1820 obtinuit,

1167 1838 1264 1871 atque
1283 1829 1330 1862 ita
1354 1828 1472 1861 electus
1484 1829 1546 1864 fuit
1557 1828 1803 1863 Maximianus.
1832 1829 1985 1864 Secundo
1998 1830 2058 1864 do-

1166 1888 1275 1911 cemur
1290 1902 1302 1919 ‚
1329 1876 1418 1922 quod
1441 1878 1485 1912 ob
1503 1878 1599 1912 istam
1620 1878 1880 1913 intercessionem
1893 1878 2058 1914 Theodo-

1166 1929 1228 1961 fius
1248 1928 1267 1961 a
1288 1927 1504 1971 promovendi
1525 1928 1637 1962 Procli
1661 1929 1769 1963 studio
1782 1941 1851 1962 non
1874 1929 2032 1963 destiterit
2047 1954 2054 1960 .

1165 1978 1300 2011 Etenim
1320 1988 1400 2012 mox
1419 1978 1461 2012 ad
1484 1977 1688 2012 Celestinum
1713 1978 1851 2020 scripsit,
1881 1989 2000 2021 rogans
2013 1990 2056 2011 an

1165 2029 1223 2060 iste
1244 2028 1428 2069 Cyzicenus
1451 2026 1665 2070 Episcopatus
1680 2029 1755 2061 effer
1768 2027 1976 2061 translationi
1990 2039 2062 2061 rna—⁰

1164 2076 1243 2109 teria
1259 2099 1269 2116 ,
1296 2076 1444 2119 adeoque
1465 2077 1623 2109 Proclum
1646 2086 1766 2110 arceret
1788 2075 1830 2110 ab
1856 2077 2065 2122 Episcopatu·

1164 2125 1277 2170 Regiae
1297 2125 1469 2160 Civitatis.
1499 2126 1543 2160 Et
1566 2126 1724 2160 Pontifex
1742 2127 1898 2170 rescripsit
1911 2140 1979 2162 non
1993 2129 2052 2162 ob-

1163 2178 1241 2209 effe.
1269 2176 1350 2208 Non
1362 2176 1462 2209 credo
1474 2199 1484 2215 ,
1511 2174 1601 2217 quod
1615 2186 1657 2208 ex
1670 2175 1891 2210 Antiochenis
1905 2178 2056 2211 Canoni-

1165 2224 1225 2257 bus
1243 2223 1433 2264 rescripserit
1444 2245 1455 2255 .
1481 2223 1531 2255 Hi
1541 2223 1631 2256 enim
1642 2223 1783 2257 necdum
1795 2224 2059 2260 admittebantur·

1162 2273 1180 2304 3².
1203 2271 1357 2305 Romana
1379 2271 1522 2306 Ecclesia
1536 2296 1543 2304 .
1572 2271 1718 2307 Proinde
1728 2274 1878 2316 rescripsit
1900 2286 1940 2308 ex
1953 2275 2052 2319 Apo-

1162 2321 1281 2355 stolico
1304 2321 1466 2363 Canone,
1492 2331 1548 2356 aut
1570 2332 1722 2366 perpetua
1748 2323 1884 2359 Parrum
1903 2325 2052 2360 Consue-

1163 2372 1279 2406 tudine
1291 2396 1299 2404 .
1329 2371 1419 2406 Nam
1439 2373 1474 2406 &
1485 2383 1527 2406 ex
1539 2369 1604 2405 hoc
1618 2374 1710 2407 fonte
1721 2371 1853 2408 haustus
1873 2374 1918 2408 est
1931 2375 2050 2410 Antio-

1162 2421 1286 2455 chenus
1304 2422 1423 2456 Canon
1438 2447 1444 2454 .
1474 2422 1517 2456 Et
1530 2423 1622 2456 suum
1638 2422 1842 2467 Rescriptum
1856 2427 2048 2459 communi-

1162 2472 1249 2506 cavit
1263 2472 1382 2506 Sansto
1394 2471 1523 2515 Cyrillo
1537 2497 1547 2512 ,
1575 2473 1896 2515 JoanniPatriarcbae
1918 2475 2052 2509 Antio·

1163 2521 1291 2562 cheno,
1317 2534 1355 2555 ac
1379 2522 1472 2555 Rufo
1494 2521 1775 2557 Thessalonicensi
1795 2521 2050 2567 Archi-Episco-

1162 2583 1204 2616 po
1218 2596 1226 2604 .
1254 2572 1306 2604 Ex
1326 2582 1393 2614 quo
1414 2583 1483 2605 non
1502 2571 1587 2605 vane
1610 2573 1800 2617 colligitur,
1826 2574 1915 2618 quod
1929 2586 2046 2609 omnes

1163 2622 1212 2655 isti
1221 2632 1282 2655 tres
1293 2622 1356 2655 una
1366 2632 1441 2655 cum
1456 2620 1606 2665 Principe
1618 2622 1727 2656 Procli
1742 2624 1972 2668 Episcopatum
1993 2626 2047 2659 de·

1161 2671 1384 2706 fideraverint.
1413 2671 1546 2715 Utpote
1565 2672 1762 2715 aptiffimum
1773 2673 1812 2707 ad
1823 2674 2045 2716 exstirpandas

1160 2722 1363 2758 Nestorianae
1373 2722 1580 2756 turbulentia:
1590 2723 1765 2766 reliquias,
1791 2734 1828 2758 ac
1846 2723 1888 2758 ad
1910 2735 2043 2769 compo·

1156 2773 1299 2806 nendam
1321 2771 1430 2816 Regiae.
1453 2771 1605 2806 Civitatis
1619 2773 1792 2808 Ecclesiam
1804 2800 1811 2806 .

1206 2820 1326 2855 Tertio
1350 2822 1507 2856 docemur
1527 2847 1538 2863 ‚
1565 2823 1653 2866 quod
1677 2824 1875 2857 Maximiani
1909 2823 2038 2857 Elestio

1155 2873 1250 2907 fuerit
1263 2872 1346 2915 passa
1361 2872 1591 2907 turbulentiam
1605 2898 1612 2906 .
1640 2874 1769 2915 Nempe
1780 2872 1869 2906 illam
1882 2895 1892 2911 ‚
1918 2873 1960 2906 de
1974 2884 2037 2916 qua

1154 2924 1242 2957 idem
1253 2923 1418 2957 Socrates:
1447 2927 1597 2956 Caeterum
1613 2922 1673 2963 postt
1697 2922 1895 2964 depofitionem
1906 2923 2037 2964 Nestorii

213 2972 289 3014 cifice*
311 2971 535 3016 administrasset
558 2997 569 3013 ,
589 2971 663 3016 fato
676 2971 802 3013 funi‘lus
826 2973 865 3014 est
888 3000 895 3007 .
923 2978 1004 3008 Erat
1022 2984 1092 3009 tunc
1145 2973 1335 3017 graviffimus
1356 2974 1500 3006 tumultus
1514 2972 1672 3012 Ecclesiam
1697 2973 2033 3015 Constantinopolioccu-

209 3021 381 3065 septimana
385 3024 606 3067 Jejuniorum‚
631 3034 698 3065 qua·
712 3023 828 3063 Festum
838 3023 1091 3068 Pascbaleproxi-
1146 3029 1259 3066 pavit.
1287 3028 1373 3057 Nam
1393 3021 1508 3065 divisus
1530 3021 1567 3061 est
1595 3023 1722 3062 Populus
1749 3023 1782 3055 ob
1793 3028 1914 3056 inanem
1925 3023 2034 3064 &stui-

212 3074 261 3106 me*
272 3074 416 3105 antecedit
429 3085 440 3104 .·
467 3071 600 3116 EJ'usque
613 3071 792 3115 septimana
816 3080 922 3117 quinta
944 3077 1087 3119 agebatur

204 3122 292 3163 feria
311 3147 318 3154 .
347 3123 417 3164 ,Quo
442 3124 563 3164 quidem
584 3129 710 3166 tempore
730 3127 892 3167 Imperator
916 3126 1084 3167 Theodosius

209 3172 374 3214 prudenter
397 3170 464 3204 huic
475 3179 585 3216 negotio
600 3172 752 3216 prospexit
764 3200 771 3206 .
797 3177 920 3209 Etenim
942 3187 978 3211 ne
988 3175 1087 3219 rursus

212 3227 247 3254 in
267 3223 397 3265 eligendo
407 3222 551 3266 Episcopo
573 3223 786 3266 ambigeretur,
811 3236 902 3268 eaque
920 3238 968 3261 res
981 3227 1086 3260 tumul-

213 3279 276 3304 tum
288 3277 321 3304 in
332 3272 455 3314 Ecclesia
476 3279 640 3314 excitaret,
667 3272 773 3317 absque
798 3276 859 3308 ulla
880 3278 1063 3311 cunetatione
1078 3302 1088 3317 ‚

213 3323 341 3354 nondum
364 3323 518 3365 deportato
530 3327 714 3358 Maximiani
725 3332 847 3367 corpore,
858 3326 944 3370 Epis
938 3332 1025 3369 copis,
1035 3334 1086 3370 qui

211 3371 340 3407 aderant
356 3397 367 3414 ,
391 3375 573 3417 mandavit,
597 3383 631 3410 ut
653 3376 785 3410 Proclum
804 3379 836 3409 in
857 3375 1027 3421 Episcopali
1039 3376 1085 3421 so-

1149 3083 1214 3107 tam
1233 3075 1314 3108 illius
1331 3075 1558 3117 garrulitatem.
1587 3073 1695 3105 Clerici
1714 3074 1833 3115 quidem
1844 3084 1946 3107 omnes
1959 3085 2030 3106 com-

1149 3122 1231 3158 mum
1245 3123 1389 3167 stiffi-agio
1411 3134 1475 3157 eum
1495 3121 1795 3156 anathematizarunt
1809 3147 1816 3155 .
1844 3123 1875 3156 E
1899 3123 2030 3167 Populo

1150 3174 1252 3218 plures
1264 3200 1274 3216 ,
1300 3175 1368 3218 ejus
1380 3173 1563 3217 eloquentia
1574 3172 1719 3207 delectati
1732 3196 1742 3212 ‚
1767 3184 1804 3207 ac
1820 3174 1838 3207 ὲ
1853 3173 2030 3208 Dorotheo

1150 3225 1491 3268 Marcianopolitano,
1520 3222 1759 3262 Theodoreto,
1783 3235 1821 3257 ac
1845 3223 1917 3258 aliis
1935 3223 2028 3257 istius

1149 3271 1295 3310 sallionis
1306 3274 1473 3318 Episcopis
1484 3283 1539 3316 per
1551 3273 1672 3307 litteras
1693 3273 1910 3314 inflammati,
1939 3274 2028 3307 nole-

1148 3324 1225 3359 bant
1236 3324 1363 3368 procedi
1377 3324 1415 3358 ad
1430 3324 1505 3357 novi
1519 3322 1671 3367 Episcopi
1693 3325 1884 3358 electionem
1897 3348 1908 3364 ,
1933 3336 1970 3357 ac
1982 3325 2026 3356 se-

1147 3374 1264 3412 ditiose
1283 3374 1474 3420 flagitabant
1496 3373 1555 3407 fibi
1582 3374 1707 3408 restitui
1729 3374 1918 3409 Nestorium
1942 3371 2024 3428 &At

1895 3431 1972 3455 vero
