2320 3730
73 1098 179 1140 Ephes.
210 1109 239 1137 4.

270 254 335 295 est,
363 253 385 285 fi
406 252 467 284 fint
489 248 624 292 quidam
648 249 728 285 tales
751 246 915 285 ullatenus
937 256 1076 286 eorum,
1102 247 1158 290 qui

269 302 375 340 sortiti
397 302 473 334 sunt
486 300 728 335 Sacerdotium.

318 351 410 398 Qa
424 350 502 385 vero
512 351 614 385 multa
626 352 670 385 est
684 349 923 384 confusurratio
936 371 946 387 ,
974 346 1009 379 ὅ(
1022 358 1089 381 non
1104 346 1157 382 de-

267 402 457 446 spicienda,
482 401 585 436 immo
606 400 746 434 &omni
759 398 934 431 reverentia
961 397 1069 442 dignae
1083 398 1155 431 sunt

266 453 410 499 personae
432 451 500 486 haec
521 450 711 486 testantium
736 471 748 487 ,
772 447 930 493 dignetur
957 456 1012 481 tua
1040 447 1155 482 Virtus

265 503 470 547 semetipsam
485 502 559 535 Deo
571 498 870 532 commendandam
895 510 971 532 cura
983 499 1152 532 attentiori

265 552 437 588 intendere
450 576 461 592 ,
488 561 523 583 ut
535 548 755 592 praecipuequi
766 549 801 581 in
814 549 998 592 suspicione
1009 549 1083 581 sunt
1096 547 1141 581 hu

265 603 404 646 jusmodi
433 599 512 634 mali
537 623 549 640 ,
587 597 865 634 anathematizent
890 598 1154 634 contaminatum

264 652 456 688 Nestorium
495 659 626 694 propter
665 649 784 684 multas
821 649 1036 694 blasphemias
1061 649 1150 693 ejus.

262 703 345 738 Non
360 701 450 736 enim
475 698 508 734 id
520 698 649 734 tantum
673 700 784 740 dixit,
813 700 890 744 quia
913 701 1027 734 Sancta
1041 698 1150 744 Virgo

262 765 333 788 non
358 754 435 786 effet
455 750 521 784 Dei
543 750 697 784 Genitrix
721 775 732 792 ‚
758 749 812 785 sed
834 751 867 785 ἀ
892 751 954 785 alia
977 752 1068 794 super
1084 748 1150 784 haec

260 801 433 845 adjiciebat
455 799 619 835 mendacii
633 801 816 845 patrocinii!
839 812 954 837 contra
976 802 1092 835 restam
1116 801 1148 834 &

257 851 491 896 Apostolicam
502 850 733 886 traditionem.
747 852 843 887 Duos
852 853 944 887 enim
957 848 1148 885 nominabat

260 902 412 937 Christos
434 900 538 936 Filios
560 915 571 934 .·
610 901 733 937 Unum
761 902 895 946 quidem
931 902 1082 937 semotim
1106 913 1147 935 ex

259 953 338 987 Deo
359 952 456 988 Patre
478 951 651 994 Verbum,
679 953 815 988 alterum
839 952 919 987 vero
943 963 1051 996 praeter
1072 963 1147 987 eum

258 1004 430 1045 semotim,
459 1002 555 1036 illum
568 1015 610 1038 ex
631 1004 755 1038 semine
770 1001 879 1036 David
892 1028 903 1044 ,
929 1003 1071 1046 &quern
1091 1001 1147 1034 Di·

258 1054 410 1089 vinitatis
421 1054 597 1099 Organum
612 1052 827 1087 nominabat.
860 1053 903 1086 Et
918 1052 1066 1086 dividens
1077 1050 1146 1083 ubi-

257 1115 344 1149 que,
370 1104 502 1148 &quafi
516 1102 641 1137 oblitus
653 1103 746 1135 Beati
765 1101 860 1134 Pauli
874 1102 1037 1135 dicentis:
1064 1104 1146 1133 Unus

256 1158 423 1194 Dominus,
450 1164 512 1186 una
520 1152 600 1192 fides
615 1174 626 1190 ,
647 1162 740 1184 unum
753 1148 931 1193 Baptisma.
961 1149 1041 1184 Non
1056 1151 1144 1184 enim

257 1205 295 1240 in
320 1204 431 1238 Deum
455 1202 488 1235 &
506 1199 677 1236 hominem
706 1200 858 1244 baptizati
884 1202 993 1234 sumus
1015 1225 1026 1241 ,
1053 1209 1089 1234 ut
1110 1201 1143 1234 in

258 1255 345 1289 duos
358 1264 412 1297 per
425 1251 643 1286 differentiam
658 1250 762 1285 Filios
776 1275 786 1292 ,
814 1249 914 1285 sedin
936 1261 1039 1285 unum
1051 1249 1144 1284 Chri-

254 1305 359 1338 stum.
387 1303 424 1337 ld
453 1301 519 1343 est,
547 1301 781 1347 Unigenitum
795 1301 861 1336 Dei
880 1300 1029 1335 Verbum
1052 1300 1144 1334 inhu-

253 1364 427 1389 manatum
450 1352 724 1387 &incarnatum.
754 1351 809 1386 Ut
822 1352 859 1386 fit
873 1352 963 1386 idern
978 1353 1043 1395 ipse
1055 1352 1144 1386 Deus

252 1405 347 1440 simul
369 1404 403 1438 &
421 1402 526 1438 horno
537 1427 544 1437 .
575 1403 629 1438 Ut
642 1414 683 1437 ex
696 1403 773 1436 Deo
787 1402 921 1446 quidem
935 1401 1031 1435 Patre
1055 1403 1144 1446 geni-

249 1465 290 1490 to
302 1456 378 1489 Deo
391 1455 493 1489 unico
504 1478 514 1494 ‚
539 1465 582 1488 ex
594 1454 709 1488 Sancta
725 1451 800 1487 vero
814 1452 956 1498 Virgine
970 1452 1087 1487 eodem
1102 1452 1144 1486 se-

252 1506 402 1540 cundum
427 1515 582 1540 carnem.

307 1556 391 1590 Non
406 1556 509 1600 igitur
523 1555 664 1600 patiatur
687 1553 936 1590 Admirabilitas
958 1562 1014 1588 tua
1030 1575 1041 1593 ‚
1066 1564 1143 1594 eos,

253 1605 312 1649 qui
331 1605 396 1640 alia
418 1607 549 1650 sapiunt
562 1629 573 1646 ,
600 1605 634 1639 δι
647 1606 870 1650 nequidquam
893 1604 1039 1650 garriunt
1053 1602 1141 1637 illic.

251 1656 361 1692 Unus
376 1655 421 1690 est
434 1656 526 1690 enim
538 1679 549 1696 ,
576 1655 657 1689 ficut
679 1656 766 1690 dixit
778 1680 789 1696 ,
813 1656 901 1699 Jesus
916 1654 1065 1689 Christus
1078 1655 1142 1688 Do-

251 1707 365 1742 minus
378 1731 388 1746 ,
414 1707 447 1740 &
461 1705 529 1750 ejus
542 1716 607 1741 una
630 1707 764 1748 persona
777 1720 788 1739 .·
816 1704 1029 1740 Inhumanati
1053 1704 1121 1748 ejus
1133 1729 1142 1744 ‚

251 1758 310 1802 qui
332 1766 447 1790 natura
472 1755 594 1791 &vere
608 1755 653 1789 est
671 1756 793 1790 Filius.
823 1756 976 1791 Eundem
1003 1755 1082 1789 vero
1096 1754 1140 1787 di—

250 1807 358 1841 cimus
371 1804 599 1849 impaffibilem
626 1804 761 1847 quidem
784 1805 847 1839 effe
857 1805 1035 1840 secundum
1048 1804 1142 1838 Divi·

250 1856 390 1892 nitatem
403 1882 413 1898 ,
441 1857 507 1900 pati
521 1855 600 1889 vero
621 1857 751 1899 propria
763 1866 860 1890 carne
874 1855 1050 1890 secundum
1063 1855 1143 1889 Scri-

251 1916 384 1952 pturas.
413 1906 516 1950 Cujus
526 1907 618 1940 enirn
630 1905 800 1950 proprium
823 1905 869 1940 est
884 1917 1004 1950 corpus
1018 1930 1029 1946 ‚
1055 1904 1144 1939 illius

252 1961 316 1993 effe
341 1957 497 1992 dicuntur
528 1957 562 1990 ἀ
591 1968 662 2001 quae
693 1957 784 1991 carni
813 1956 881 2000 ejus
909 1958 1145 2001 contigerunt,

249 2009 427 2052 pastiones.
457 2005 664 2049 lmpaffibilis
683 2018 763 2053 ergo
777 2006 957 2042 secundum
970 2006 1144 2040 Divinita-

249 2067 320 2092 tem
343 2055 513 2090 subfistens
536 2059 571 2088 in
595 2058 724 2098 propria
749 2068 846 2090 carne
867 2056 1000 2097 pertulit
1016 2066 1144 2096 propter

249 2118 335 2148 nos,
361 2106 394 2140 δε
417 2117 477 2149 pro
500 2104 596 2138 nobis
622 2129 629 2136 .
657 2104 711 2139 Sic
735 2104 768 2138 ὅ(
790 2105 939 2138 universa
965 2104 1143 2142 dicuntur,

255 2168 294 2192 ut
315 2156 504 2190 vivificante
523 2154 602 2186 Deo
623 2154 753 2187 unitam
779 2153 838 2186 fibi
860 2164 991 2187 carnem
1017 2153 1051 2186 &
1076 2163 1145 2195 pro-

253 2207 358 2253 priam
372 2203 461 2246 ejus,
488 2201 641 2235 &nosin
654 2202 725 2244 ipso
747 2202 782 2235 &
795 2212 901 2236 morte
921 2202 1147 2244 &corruptio-

252 2268 298 2292 ne
320 2255 464 2300 potiores
484 2250 685 2286 efficiamur.
715 2251 748 2285 Si
777 2250 853 2284 vero
882 2251 916 2285 &
935 2250 1148 2285 anathemati-

254 2316 333 2342 zant
357 2303 492 2349 quidem
515 2313 598 2336 voce
618 2302 801 2346 &lingua,
828 2301 1002 2345 &sapiunt
1025 2301 1148 2342 altera,

257 2355 393 2392 videant
407 2352 604 2397 impendens
613 2351 671 2385 fibi
682 2353 699 2385 a
712 2353 787 2386 Deo
800 2351 982 2395 periculum
995 2377 1005 2392 ,
1031 2352 1065 2384 &
1078 2363 1149 2395 pro-

257 2408 364 2443 latum
386 2404 567 2438 terminum
589 2401 631 2436 ab
653 2402 825 2436 universali
850 2401 1031 2443 Concilio,
1059 2399 1146 2444 quod

259 2460 296 2494 in
309 2455 442 2500 Epheso
452 2462 689 2498 congregatum
701 2452 747 2487 est
760 2478 768 2485 .
796 2451 960 2486 Definivit
971 2452 1060 2486 enim
1076 2477 1086 2493 ,
1114 2460 1149 2486 ut

261 2509 320 2554 qui
340 2518 398 2548 ea,
427 2517 498 2550 quae
529 2505 605 2538 sunt
624 2502 789 2543 Nestorii,
816 2503 998 2546 loquuntur
1018 2512 1074 2536 aut
1099 2503 1151 2536 sa-

262 2560 359 2604 piunt
379 2578 389 2595 ‚
415 2557 478 2589 five
501 2553 654 2597 Episcopi
675 2554 798 2587 fuerint
816 2577 828 2593 ,
853 2553 915 2586 five
946 2552 1066 2587 Clerici
1097 2575 1107 2592 ,
1133 2551 1151 2586 ὲ

264 2606 458 2645 Sacerdotio
470 2604 680 2647 repellantur.
709 2603 764 2637 Ne
777 2601 891 2636 dicant
906 2627 916 2643 ‚
943 2603 1032 2644 quod
1050 2613 1123 2638 earn
1139 2626 1150 2643 ‚

266 2670 340 2703 quae
362 2659 394 2690 in
422 2654 551 2698 Epheso
572 2661 771 2698 congregata
796 2653 864 2694 est,
892 2653 1066 2696 Synodum
1092 2664 1152 2687 ne·-

268 2709 391 2743 sciant:
421 2704 477 2739 Ut
492 2714 559 2737 non
572 2714 629 2736 eos
638 2702 836 2747 abnegemus
860 2702 895 2737 δε
908 2714 969 2739 nos
978 2713 1147 2746 tamquam

268 2758 449 2795 nescientes
469 2753 651 2799 Episcopos
671 2754 750 2788 effe.

726 161 1645 215 VAR10·1<0MJPA”TTRun

1621 265 1630 282 Ι

1438 320 1902 388 εΑΡΠΤὯὸέςρ
1957 362 2097 403 -299

1217 476 1334 522 Hanc
1358 472 1531 540 fiqm'tur
1566 475 1637 524 illa
1660 513 1674 539 ‚
1691 487 1693 490 ’
1712 496 1826 544 quam
1861 485 1920 526 (9⁴
1952 463 2099 534 ireaaeus

1244 543 1373 612 post'n't
1387 581 1401 604 ,
1436 547 1486 593 ab
1520 546 1638 594 eodem
1662 548 1805 612 Cyrillo
1839 551 1891 597 ad
1926 553 2068 616 Aristo-

1285 614 1391 665 laum
1416 615 1635 684 scriptam.
1671 619 1847 687 Epistola
1871 619 2032 689 ejusdem
2092 654 2098 657 >

1368 693 1509 740 Joanni
1555 688 1776 738 Antiocheno
1818 707 1945 739 contra

1505 758 1780 809 Theodoretum
1793 797 1806 809 .

1294 899 1348 932 Go
1371 899 1506 943 quidem
1529 900 1726 937 absterfiffea
1739 903 1770 939 se
1781 903 1940 938 maculam
1952 903 2101 939 Nestorii

1318 961 1437 984 vocum
1451 953 1609 987 novitatis
1621 954 1684 988 una
1695 965 1771 988 curn
1790 953 1862 988 aliis
1885 952 2102 999 Religiofiffi-

1213 998 1273 1032 mis
1294 999 1464 1044 Episcopis
1483 1002 1666 1044 suspicabar
1689 1003 2005 1038 Reverendiffimum
2019 1005 2102 1047 Epi·-

1212 1048 1345 1092 scopum
1381 1050 1636 1087 Theodoretum
1670 1076 1677 1085 .
1715 1054 1899 1087 Credebam
1935 1065 2101 1097 namque,

1210 1099 1298 1140 quod
1312 1098 1482 1141 postquam
1506 1102 1603 1133 semel
1621 1103 1741 1143 scripsit
1760 1104 1794 1136 &
1806 1104 1976 1146 amplexus
1988 1105 2035 1138 est
2050 1115 2107 1148 pa·

1210 1159 1303 1186 cem,
1328 1160 1366 1182 ac
1388 1149 1507 1192 recepit
1528 1149 1546 1182 a
1571 1160 1623 1183 me
1642 1150 1847 1185 salutationis
1871 1163 2003 1195 pacem,
2029 1165 2102 1198 quae

1209 1197 1375 1241 pacationi
1396 1198 1589 1234 videbantur
1609 1200 1761 1241 officere,
1788 1201 1954 1236 abstulerit
1977 1203 2012 1236 &
2034 1203 2103 1246 ipse

1209 1248 1248 1282 de
1281 1249 1394 1284 medio
1411 1273 1418 1280 .
1444 1248 1506 1283 Sed
1533 1247 1615 1283 mihi
1649 1249 1781 1285 tradidit
1804 1252 2111 1287 Reverendiffimus..

1209 1297 1382 1342 Presbyter
1395 1299 1541 1340 Daniel,
1568 1302 1648 1343 quod
1670 1312 1758 1335 nunc
1770 1303 1869 1345 usque
1883 1301 2017 1345 persistit
2031 1326 2039 1335 .
2067 1302 2102 1336 A

1208 1349 1355 1391 plurimis
1378 1350 1466 1383 enim
1478 1350 1631 1385 recedens
1642 1376 1652 1392 ‚
1682 1361 1848 1394 permanet
1865 1353 1972 1386 forsan
1985 1351 2020 1385 in
2033 1350 2101 1395 ejus

1207 1398 1418 1442 blasphemiis
1442 1424 1448 1431 .
1476 1401 1520 1434 Et
1538 1400 1660 1435 clarum
1683 1402 1726 1435 est
1749 1426 1761 1442 ,
1787 1402 1808 1434 fi
1832 1413 1892 1436 nec
1914 1399 2104 1435 anathema-

1208 1449 1319 1483 tizavit
1345 1461 1416 1491 eas,
1443 1452 1523 1492 quod
1541 1462 1644 1496 neque
1666 1451 1798 1495 pertulit
1827 1451 1895 1495 ejus
1926 1450 2108 1499 dejectioni:

1209 1500 1421 1535 subscribere.
1452 1500 1496 1534 Et
1519 1500 1602 1535 mihi
1625 1501 1679 1536 det
1700 1502 1854 1544 fiduciam
1876 1502 2035 1536 Sandiitas
2044 1511 2102 1536 tua

1206 1561 1247 1583 ex
1276 1550 1436 1585 charitate
1447 1551 1595 1586 dicenti.-
1625 1553 1736 1599 Qam
1747 1551 1792 1586 ob
1806 1545 1935 1589 causam
1947 1552 1988 1585 fic
1999 1551 2101 1595 perti·-

1208 1611 1302 1634 naces
1327 1602 1402 1635 sunt
1423 1600 1551 1644 aliqui,
1581 1610 1617 1635 ut
1629 1613 1697 1635 non
1709 1604 1883 1645 sequantur
1895 1601 2100 1645 probabilem

1206 1659 1268 1684 tuae
1292 1650 1530 1695 Religiofitatis
1552 1652 1773 1686 intentionem
1797 1676 1809 1692 ,
1835 1654 1942 1695 neque
1973 1652 2008 1684 in
2031 1650 2103 1691 his,

1206 1711 1276 1742 quae
1298 1712 1375 1734 curn
1396 1700 1486 1735 Orbe
1502 1701 1634 1734 fecisti?
1660 1701 1722 1735 Sed
1743 1701 1830 1744 quafi
1853 1699 1986 1743 quidem
2001 1697 2104 1734 deho-

1208 1761 1360 1785 norantes
1371 1750 1664 1796 congregationem
1687 1751 1749 1785 sint
1763 1774 1774 1791 ,
1800 1751 1846 1784 ita
1858 1750 1947 1794 quod
1963 1749 2101 1794 sibimet-

1206 1801 1280 1843 ipfis
1294 1801 1432 1835 videtur
1455 1801 1674 1837 confirmant.
1702 1802 1745 1835 Et
1763 1801 1785 1834 fi
1805 1813 1844 1836 ea
1858 1824 1869 1841 ,
1896 1799 2102 1858 quaedidici‚

1208 1862 1281 1885 vera
1302 1851 1400 1890 sunt,
1424 1851 1519 1886 debet
1542 1851 1662 1886 intrare
1686 1851 1722 1886 in
1741 1850 2001 1895 experimentum
2027 1858 2091 1884 tuae

1208 1901 1445 1947 Religiofitatis
1453 1902 1642 1938 aculeorum
1650 1901 1815 1948 praedictus
1828 1898 2100 1948 Religiofiffimus

1208 1963 1256 1986 vir
1268 1977 1275 1985 .

1396 2161 1663 2211 CAPUT
1699 2166 1864 2230 ocxr.
1926 2176 2101 2221 ---300

1208 2296 1379 2365 Epistola
1413 2296 1572 2366 ejzfilem
1606 2298 1754 2366 Mosteo
1787 2298 1980 2369 'Epissopo
2014 2304 2100 2347 An-

1578 2370 1708 2418 taradi
1720 2406 1732 2418 .
1918 2420 1920 2422 ,
1961 2423 1965 2425 ,

1298 2494 1353 2528 Go
1372 2494 1506 2538 quidem
1528 2497 1650 2541 semper
1661 2505 1723 2531 tuae
1735 2496 1954 2541 Religiofitati
1968 2494 2104 2531 scribere

1322 2556 1392 2578 non
1406 2547 1498 2579 omifi
1512 2547 1679 2582 &litteras
1690 2547 1730 2581 ab
1741 2559 1777 2581 ea
1796 2546 1929 2581 directas
1939 2546 2083 2589 accipere
2095 2569 2103 2577 .

1217 2594 1302 2641 Qae
1312 2594 1492 2630 vero'mota
1504 2598 1577 2631 sunt
1589 2597 1675 2632 inter
1684 2596 1749 2631 haec
1759 2622 1769 2637 ,
1787 2595 2023 2631 taciturnitatis
2031 2606 2104 2629 cau-

1218 2644 1249 2678 sa
1271 2644 1346 2677 sunt
1367 2645 1449 2678 faeta
1473 2646 1690 2680 mihi&tibi.
1718 2644 1907 2692 Qae&det
1919 2646 2012 2678 Deus
2024 2643 2106 2678 radi-

1216 2693 1299 2728 citus
1318 2692 1451 2734 cadere,
1477 2704 1575 2736 atque
1598 2694 1616 2728 ἐ
1639 2696 1751 2729 medio
1773 2696 1863 2729 fieri.
1890 2694 2022 2729 Volunt
2033 2694 2105 2737 qui-

1217 2743 1293 2778 dam
1315 2744 1441 2787 spinas,
1468 2756 1539 2788 quae
1558 2745 1781 2790 intererigunt
1810 2746 1937 2788 sepem,
1963 2745 2106 2779 &disru-

1220 2794 1366 2838 ptionem
1377 2818 1387 2835 ,
1415 2805 1478 2837 qua
1490 2795 1589 2828 nostri
1602 2795 1732 2829 affectus
1742 2796 1782 2829 ad
1796 2797 1940 2830 invicem
1951 2795 2107 2830 conveni-

1221 2856 1253 2878 re
1276 2855 1344 2878 non
1365 2844 1492 2878 valeant
1508 2868 1516 2877 .
1541 2845 1813 2880 Pet-turbaverunt
1834 2846 1924 2879 enirn
1937 2858 1987 2879 me
1998 2846 2108 2880 omni·

1222 2892 1265 2928 no
1284 2917 1295 2933 ‚
1319 2894 1375 2937 qui
1397 2895 1481 2928 circa
1506 2894 1819 2930 Reverendiffimum
1844 2894 2107 2929 Archi-Mandri-

1221 2955 1288 2979 tam
1309 2944 1496 2979 Maximum
1517 2971 1528 2987 ,
1554 2946 1730 2980 scribentes
1763 2946 1907 2990 quaedam
1929 2970 1940 2987 ‚
1964 2957 2034 2989 quae
2061 2944 2104 2979 ad

1202 2995 1379 3056 'summam
1411 2994 1645 3038 blasphemiam
1672 2997 1837 3040 pertinent
1857 3020 1867 3036 ‚
1891 2997 1924 3030 &
1959 2996 2104 3030 dicentes

1222 3044 1311 3088 quod
1335 3043 1392 3078 illa
1414 3046 1452 3079 ad
1472 3057 1528 3080 eos
1548 3048 1566 3081 a
1588 3057 1644 3082 tua
1668 3046 1895 3091 Religiofitate
1917 3047 1978 3080 sint
2001 3046 2111 3080 dieta.

1223 3095 1365 3138 Oportet
1386 3095 1463 3129 vero
1482 3107 1542 3130 nos
1555 3121 1567 3138 ‚
1592 3107 1629 3131 ut
1639 3098 1717 3132 sicut
1728 3097 1768 3132 ad
1780 3098 1877 3132 corda
1890 3096 2043 3131 scientem
2056 3096 2113 3130 suf

1225 3155 1281 3188 per
1301 3145 1414 3179 omnia
1435 3146 1544 3180 Deum
1563 3147 1604 3181 lic
1614 3147 1692 3191 pure
1704 3148 1916 3188 accedamus,
1941 3148 1976 3182 &
1989 3158 2057 3180 non
2069 3150 2112 3180 ut*

1225 3194 1338 3238 lingua
1359 3195 1489 3236 quidem
1508 3198 1723 3232 confiteamur
1735 3196 2025 3233 contradictionem
2041 3195 2113 3239 pol-*¹

1227 3245 1369 3279 lutorum
1391 3247 1599 3291 Dogmatum
1625 3248 1773 3283 Nestorii
1793 3273 1804 3290 ,
1831 3249 1866 3282 in
1887 3250 1995 3281 anima
2030 3242 2109 3279 ver&

1224 3295 1313 3329 aliud
1328 3294 1517 3330 habeamus.
1545 3298 1589 3331 Et
1601 3297 1667 3333 haec
1680 3298 1784 3333 scribo
1794 3323 1805 3339 ,
1832 3297 1884 3332 his
1895 3298 2025 3341 quidem
2036 3296 2103 3334 <1¹1²

1230 3353 1315 3392 dieta
1335 3349 1408 3385 sunt
1418 3359 1487 3384 non
1500 3347 1594 3383 valde
1602 3349 1734 3385 credens
1744 3373 1757 3392 ,
1769 3348 1771 3350 ’
1783 3348 1836 3384 sed
1845 3342 2114 3427 opinioiignitssss‘*

2002 3402 2057 3426 etl·
