2320 3730
344 160 456 214 ·198

280 246 444 280 Sanffitas
457 253 512 277 tua
538 241 573 277 &
585 239 645 277 hac
658 244 840 279 necessitate
854 244 996 288 superior
1008 243 1086 275 fasta
1105 240 1150 274 est
1162 265 1173 282 ‚
1187 259 1193 306 ι

284 307 355 339 quae
370 294 556 328 Dominum
570 304 680 328 meum
691 293 1010 329 honorandiffimum
1027 315 1038 333 ‚
1051 292 1084 324 &
1096 292 1171 325 Deo

284 344 528 379 Amiciffimum
541 346 736 390 Strategium
759 342 1028 382 Comministrum
1050 341 1170 377 direxit

284 394 326 429 ad
339 405 398 429 nos
408 420 419 439 ‚
447 406 543 440 quem
555 397 650 433 omni
673 394 846 429 festivitate
857 392 1085 435 conspeximus
1097 417 1107 432 ,
1133 390 1170 427 u't

284 445 463 484 Salvatoris
475 446 575 484 nostri
591 444 711 479 Christi
726 443 916 477 Diaconum
928 465 939 481 ‚
967 442 1000 475 &
1020 450 1081 475 tuae
1093 443 1169 477 San-

279 496 400 536 &itsstis
412 495 587 535 dilectione
603 496 781 533 ferventem
796 517 806 533 ,
832 493 864 526 &
877 491 1106 529 omnia'facete
1129 506 1168 529 ac

277 546 346 589 pati
357 546 534 591 eligentem
544 557 602 589 pro
617 554 648 578 te
659 568 669 584 ‚
695 544 751 588 qui
766 542 895 587 pietatis
907 539 1041 576 Athleta
1054 553 1086 576 es
1098 566 1108 582 ,
1132 545 1166 578 δε

279 597 375 631 fortis
397 609 455 641 pro
470 598 589 640 pietate
613 594 783 629 Certator.
811 591 1042 631 Beatificamus
1052 595 1142 630 enim
1156 620 1167 636 ,

275 656 313 685 ut
330 645 412 687 bene
430 646 575 695 novisti,
602 645 750 681 Domine
764 642 840 675 Deo
854 641 1058 681 Amiciffime
1071 668 1081 685 ‚
1109 655 1163 680 tua

276 697 363 731 clara
384 699 548 742 &magna
569 693 763 732 certamina,
791 692 824 726 &
838 691 941 732 fixum
967 695 1163 739 firmumque

275 748 442 782 fortistuae
453 750 568 785 animae
580 744 705 778 sensum
717 766 727 783 ‚
754 742 789 777 &
811 754 869 788 pro
882 744 1073 788 Apostolica
1098 747 1162 781 fide

275 797 406 833 sudores
433 796 467 829 ἀ
480 793 604 828 labores
615 817 626 836 ‚
649 803 747 838 atque
759 792 899 838 pericula
910 819 920 837 ‚
948 807 1003 840 per
1016 807 1087 839 quae
1099 797 1159 832 tibi

272 855 392 880 aeternae
404 870 415 885 ,
442 845 475 886 &
487 846 504 878 a
514 844 726 888 corruptione
742 845 919 889 superiores
929 870 940 886 ‚
965 846 999 879 ὃς
1012 856 1048 880 ut
1071 859 1159 882 com-

271 895 366 939 plexe
378 895 546 935 dicamus,
574 891 782 938 perficientur*
808 895 981 930 Divinitus
1002 897 1085 932 datae
1105 910 1159 933 co-

269 956 357 981 ronae
368 969 379 984 ‚
401 945 434 978 δε
445 946 588 987 Domini
600 944 735 986 charum
748 945 857 989 Caput
870 946 1037 985 ornabunt
1048 972 1055 980 .
1084 949 1158 983 Nos

268 994 357 1030 enirn
371 995 456 1033 circa
467 995 551 1035 nihil
563 995 659 1030 utiles
671 996 820 1037 Ecclefiae
833 997 898 1031 Dei
912 999 1021 1039 sumus
1032 998 1135 1032 effecti
1149 1012 1155 1031 :

267 1045 301 1079 A
315 1045 377 1088 piis
389 1046 478 1086 enim
494 1069 504 1086 ‚
530 1045 742 1090 fidelibusque
754 1047 909 1082 omnibus
922 1072 932 1088 ,
957 1060 995 1083 ac
1008 1049 1096 1092 pleni
1108 1060 1157 1082 ze-

266 1094 291 1131 li
315 1095 476 1130 fervorem
501 1097 537 1130 &
559 1097 645 1140 piam
669 1097 859 1138 Sanstorum
874 1098 1009 1132 Patrum
1032 1099 1155 1131 confes²

266 1145 390 1180 fionem
405 1146 602 1189 spirantibus
612 1168 622 1184 ‚
649 1146 879 1189 circumoperti
892 1147 1088 1190 despicimur
1100 1160 1155 1192 po·

266 1194 352 1235 tius,
379 1207 479 1240 quam
489 1195 704 1240 despiciamus
724 1207 733 1237 3
761 1196 970 1240 &regimur,
998 1209 1096 1242 quam
1107 1210 1155 1233 re-

264 1255 401 1295 gamus.

314 1294 394 1330 Tua
411 1295 486 1330 vero
499 1296 659 1332 Sanstitas
672 1295 706 1330 in
721 1296 787 1340 ipsa
801 1295 934 1333 flamma
944 1297 1084 1333 existens
1097 1323 1107 1339 ,
1118 1299 1152 1333 &

263 1346 348 1381 circa
361 1357 423 1380 tres
437 1347 513 1381 illos
523 1346 804 1387 Adolescentesin
818 1348 930 1382 medio
942 1349 1063 1386 camini
1075 1347 1151 1383 cho-

262 1407 318 1430 ros
329 1408 483 1431 exercens
496 1421 507 1437 ,
533 1408 634 1431 unam
646 1408 866 1442 magnamque
879 1396 991 1434 habuit
1007 1399 1152 1438 consola-

263 1446 389 1480 tionem
405 1471 416 1487 ,
443 1448 550 1486 Sanfii
563 1448 702 1491 Spiritus
714 1458 825 1482 auram
839 1472 850 1488 ‚
877 1459 947 1490 qua:
968 1448 1003 1481 &
1014 1448 1152 1487 flammae

263 1497 426 1540 impetum
437 1498 543 1540 sparsit
558 1521 569 1537 ,
594 1497 628 1530 &
641 1497 708 1540 ejus
719 1499 886 1538 caminum
900 1499 1095 1541 permutavit
1116 1500 1149 1533 in

260 1558 368 1580 rorem
385 1572 391 1579 .
421 1547 463 1581 Et
475 1547 607 1589 quidem
620 1547 661 1582 de
673 1559 736 1582 tuae
747 1547 981 1582 certaminibus
999 1549 1153 1583 Sanctita-

260 1597 303 1633 tis
314 1597 331 1630 a
347 1596 443 1630 nobis
458 1607 548 1631 tanta
561 1598 621 1631 sint
632 1597 736 1632 dieta.
764 1598 897 1642 Superat
908 1600 998 1633 enim
1022 1611 1091 1634 non
1103 1600 1151 1634 so-

259 1645 329 1679 lum
355 1647 517 1682 mensuras
530 1647 707 1690 Epistolae,
735 1647 787 1681 sed
810 1649 843 1682 &
865 1648 1044 1683 maximam
1073 1660 1150 1683 con·

259 1697 472 1739 scriptionem
508 1707 641 1738 tuorum
665 1697 751 1732 bona
789 1699 874 1732 fama
913 1700 1127 1733 certaminum
1139 1725 1146 1732 .

259 1746 363 1792 Qod
389 1746 466 1788 vero
489 1747 530 1781 de
542 1758 622 1792 pace
641 1746 678 1787 fit
698 1758 865 1787 murmur,
893 1749 1148 1793 significavimus

258 1805 322 1830 ruae
334 1796 502 1830 Sandiitati
517 1810 524 1829 ε
554 1797 643 1844 Qia
655 1797 735 1837 dum
747 1798 833 1832 cette
843 1799 986 1832 omnino
1008 1799 1147 1841 proximi

258 1846 368 1880 sumus
379 1870 390 1886 ‚
418 1845 503 1879 nihil
525 1846 566 1881 ad
593 1848 758 1890 integrum
782 1847 958 1888 novimus,
987 1848 1039 1882 sed
1059 1858 1147 1882 tanta

258 1896 397 1936 scimus,
424 1905 545 1938 quanta
574 1895 670 1932 nobis
683 1898 841 1931 nunciant
865 1895 898 1930 hi
915 1922 926 1938 ‚
953 1897 1008 1941 qui
1030 1897 1095 1931 huc
1107 1897 1147 1932 ad

257 1956 320 1984 nos
331 1955 536 1979 revertuntur
547 1945 586 1979 ad
600 1947 739 1989 propria.
766 1947 990 1986 Intentionem
1005 1951 1148 1983 nostram

257 2004 322 2033 tuae
332 1994 539 2036 manifestam
551 1996 689 2029 facimus
707 1996 876 2030 Sancstitati
888 2008 907 2028 :⁷
923 1996 1086 2040 Legentes
1100 1997 1148 2030 lit-

256 2053 342 2083 teras
353 2067 363 2083 ,
390 2055 460 2087 quae
484 2055 572 2078 nunc
592 2054 634 2077 ex
658 2044 816 2088 AEgypto
844 2044 968 2078 diresftae
991 2048 1063 2078 sunt
1078 2068 1089 2084 ,
1114 2047 1148 2078 &

256 2093 370 2129 crebro
381 2090 434 2128 eas
445 2094 530 2138 apud
544 2093 756 2137 nosmetipsos
767 2094 976 2128 discutientes
990 2118 1001 2135 ,
1027 2095 1147 2129 Eccle—

253 2144 383 2179 fiasticae
393 2145 545 2187 doetrinae
564 2143 636 2185 illas
653 2154 872 2188 congruentes
884 2143 1082 2188 reperimus,
1112 2144 1145 2178 &

254 2194 436 2233 contrarias
461 2194 637 2229 duodecim
657 2193 820 2238 Capitulis
845 2217 856 2233 ,
889 2205 960 2237 quae
983 2195 1084 2237 usque
1106 2195 1147 2228 ad

255 2245 392 2292 praesens
403 2242 633 2288 permansimus
644 2253 890 2287 expugnantes.
920 2243 963 2276 Et
983 2243 1147 2278 delibera-

253 2296 363 2328 vimus
375 2318 386 2334 ,
412 2303 448 2334 ut
461 2295 481 2327 fi
496 2294 654 2337 receperit
674 2293 828 2328 Sanffltas
847 2304 902 2328 tua
915 2293 1089 2334 Divinitus
1103 2293 1146 2326 fi-

254 2344 289 2381 bi
300 2345 484 2379 commissas
501 2344 674 2385 Ecclefias‚
701 2343 984 2385 communicemus
1010 2345 1143 2389 quidem

255 2395 432 2440 AEgyptiis
457 2393 909 2438 &Constantinopolitanis‚
934 2395 970 2429 ἀ
993 2395 1065 2428 aliis
1088 2397 1143 2439 qui

252 2456 330 2479 cum
341 2448 388 2480 eis
408 2446 630 2481 militaverant
643 2456 759 2486 contra
773 2457 835 2479 nos
845 2470 856 2486 ‚
882 2445 958 2490 quia
972 2444 1117 2479 nostrum
1133 2470 1144 2486 ,

252 2497 359 2540 magis
389 2494 464 2529 vero
488 2495 726 2539 Apostolorum
749 2520 761 2537 ,
795 2496 932 2540 Dogma
969 2495 1119 2533 confeffis
1135 2507 1141 2527 :

253 2545 297 2579 Ei
311 2544 406 2586 vero,
432 2557 503 2590 quae
514 2545 654 2584 dicitur,
682 2545 891 2579 damnationi
905 2545 1143 2585 Sanstiffimi&

252 2595 329 2630 Deo
348 2595 545 2634 Amiciffimi
559 2595 710 2639 Episcopi
724 2594 871 2633 Nestorii
885 2595 1021 2629 minime
1042 2597 1142 2630 affert-

252 2645 390 2680 tiamus.
419 2646 577 2688 injustum
599 2655 741 2688 namque
751 2643 929 2678 secundum
953 2645 1142 2684 veritatem,

252 2694 379 2732 &clare
400 2695 539 2739 impium
552 2695 758 2739 perspicitur,
784 2695 908 2728 etiamfi
926 2695 1050 2728 eisdem
1073 2693 1140 2728 sub-

251 2744 353 2793 §estus
363 2746 440 2785 esset
450 2742 643 2786 criminibus
656 2770 666 2786 ‚
694 2745 811 2789 quibus
829 2745 863 2779 &
876 2746 978 2786 alter,
1006 2745 1055 2785 illi
1074 2745 1132 2789 qui

250 2795 326 2829 dem
346 2795 473 2836 veniam
485 2795 651 2840 impertire
662 2820 672 2836 ‚
699 2796 776 2836 huic
792 2795 868 2830 vero
882 2795 1031 2837 claudere
1044 2797 1142 2839 poeni·

254 2845 527 2889 tentiaejanuam.
554 2846 668 2881 Multo
689 2845 793 2892 magis
815 2846 991 2890 iniquum,
1017 2847 1050 2884 &
1070 2857 1143 2880 amq

253 2895 339 2938 plius
353 2897 490 2940 impium
507 2920 518 2937 ,
544 2897 590 2930 est
603 2921 614 2939 ‚
642 2896 735 2931 illum
748 2897 804 2941 qui
816 2897 860 2937 est
874 2898 986 2931 insons
1001 2921 1012 2938 ‚
1039 2897 1142 2931 intet-

255 2946 387 2980 feffloni
399 2946 589 2985 contradere
600 2972 607 2979 .
635 2948 722 2989 Sciat
736 2947 836 2991 igitur
848 2948 1006 2988 Sanstitas
1017 2947 1118 2982 vestra
1131 2972 1142 2989 ,

254 2998 330 3039 quia
346 2997 430 3040 prius
441 2998 487 3032 eis
499 3008 567 3031 non
581 2997 902 3038 communicabimus
913 3023 924 3039 ,
950 2998 1009 3037 nist
1023 2997 1140 3031 vestras

255 3047 434 3089 receperitis
454 3049 632 3090 Ecclefias.
662 3048 744 3082 Haec
766 3047 844 3082 vero
857 3059 925 3082 non
949 3060 1014 3093 ego
1028 3047 1139 3087 solus,

255 3094 308 3131 sed
321 3094 435 3138 omnes
446 3099 636 3133 Sanstissimi
649 3098 744 3142 hujus
761 3097 925 3144 Regionis
937 3098 1090 3142 Episcopi
1102 3098 1137 3131 in

255 3153 356 3179 unum
380 3150 615 3186 convenientes
634 3149 751 3188 habito
763 3149 922 3190 Concilio
939 3147 1139 3186 deliberavi:-

254 3202 327 3232 mus
339 3218 346 3226 .

705 158 1041 204 VARIORuM
1077 158 1334 203 PATRUM
1369 157 1700 221 EmsrotAE,

1256 332 1326 366 am
1362 311 1486 382 supra
1521 316 1783 367 ostendimus
1818 357 1833 380 ‚
1879 323 1985 390 quia
2020 322 2115 374 Ness-

1297 385 1450 434 storius
1503 384 1575 436 sua
1638 393 1866 454 Dogmata
1923 393 2116 458 denega-

1297 455 1373 508 bat
1421 494 1433 505 .
1484 461 1543 507 Et
1593 461 1856 527 Orientales
1905 465 2111 535 Episcopi

1293 526 1506 593 judicium
1542 528 1635 582 fieri
1658 530 1910 599 cupiebant
1939 532 1983 584 se
2008 554 2114 604 prae-

1294 597 1415 651 sente
1461 615 1597 667 *atque
1648 601 1856 654 Nestorio
1900 639 1912 653 .
1977 607 2036 656 Et
2081 605 2114 662 fi

1293 667 1450 723 revera
1487 673 1594 726 talia
1628 671 1787 726 sentire
1832 669 2114 725 convinceress

1293 756 1363 789 tur
1397 777 1411 802 ,
1446 759 1545 791 eum
1583 742 1626 796 se
1663 744 2112 800 anathematizaturos

1290 828 1390 861 cum
1429 813 1507 863 tali
1544 818 1633 878 ejus
1670 818 1895 878 Dogmate
1923 820 2112 883 promit.¹

1291 882 1445 935 rebant
1477 920 1490 932 .
1543 888 1646 934 Hoc
1698 888 1816 935 enim
1863 886 2111 940 Alexander

1290 955 1337 1007 in
1386 952 1458 1002 sua
1494 953 1551 1007 ad
1587 958 1806 1008 Acacium
1842 955 1955 1011 dixit
2004 963 2110 1026 Epi-¹

1289 1023 1396 1076 stola
1439 1060 1452 1076 .
1505 1025 1807 1079 Theodoretus
1855 1027 1962 1080 vero
2009 1027 2111 1081 scri-

1288 1092 1353 1147 bit
1394 1112 1405 1149 ;
1432 1095 1557 1159 'Quia
1595 1094 1774 1145 hominem
1807 1133 1821 1159 ‚
1868 1100 1972 1164 cujus
2005 1118 2109 1149 non-2

1276 1164 1415 1229 sumus
1444 1162 1584 1231 judices
1612 1165 1723 1230 fh&
1747 1202 1760 1228 ‚
1795 1167 2004 1220 inauditum
2038 1190 2109 1221 non

1281 1230 1465 1301 possumus
1512 1233 1692 1284 damnare
1726 1230 1750 1283 .’
1806 1240 1956 1291 Nemo
2002 1241 2108 1304 erg&

1280 1304 1550 1353 'Catholicus
1586 1309 1630 1359 &
1664 1300 1816 1361 Deum
1841 1310 2002 1359 timens
2028 1328 2108 1378 po-

1288 1373 1368 1430 test
1394 1373 1722 1430 Theodoretum
1758 1375 1813 1428 de
1847 1376 1932 1432 fide
1965 1381 2108 1450 repre·

1287 1443 1475 1499 bendere
1510 1482 1524 1507 ‚
1571 1462 1671 1498 cum
1722 1447 1910 1497 maxime
1957 1448 2108 1514 audiat

1284 1533 1385 1564 eum
1439 1514 1689 1574 laudantem
1727 1520 1953 1581 Dogmata
2000 1516 2107 1589 Episs

1283 1585 1401 1641 ¹stolae
1434 1622 1448 1647 ,
1491 1604 1590 1653 quae
1625 1587 1728 1642 ante
1766 1591 2001 1644 Unitivam
2036 1591 2107 1643 d-i÷

1230 1660 1233 1662 ’
1284 1657 1398 1712 resta
1435 1655 1497 1706 est
1532 1656 1590 1711 ab
1626 1660 1828 1724 AEgypto
1862 1694 1875 1718 ‚
1911 1675 2106 1716 contrad

1283 1743 1420 1793 quam
1482 1728 1612 1781 multi
1674 1725 1990 1798 Episcoporum
2038 1722 2105 1780 Q

1284 1798 1536 1851 ,rientalium
1573 1797 1688 1853 clare
1723 1796 1921 1848 dixerunt
1947 1835 1961 1859 ,
1997 1803 2103 1868 quia

1282 1866 1547 1933 Apostolicae
1582 1864 1684 1921 fidei
1720 1867 2100 1934 effetus-adversas„

1285 1939 1344 1990 Et
1380 1936 1500 2003 quod
1535 1955 1617 2006 pro
1664 1938 1867 1990 omnibus
1913 1939 1977 1989 est
2023 1958 2106 1990 noe·-

1283 2005 1467 2055 tandum
1506 2008 1539 2065 ,’
1569 2007 1671 2056 ante
1708 2009 1911 2058 Ecclefiae
1945 2024 2105 2077 pacem

1283 2073 1441 2135 legitur
1491 2074 1603 2123 faeta
1636 2112 1649 2122 .
1713 2083 1818 2126 Haec
1855 2095 2002 2128 tamen
2037 2080 2105 2131 di-

1284 2145 1425 2191 ximus
1477 2141 1595 2194 salva
1631 2146 1706 2199 illa
1741 2148 1976 2213 quaestione
2009 2185 2022 2214 ‚
2070 2150 2102 2205 fi

1283 2216 1374 2285 ejus
1409 2211 1505 2268 sunt
1530 2250 1543 2268 2
1759 2217 1767 2221 ’

1412 2357 1901 2411 ScHOL1ou.

1210 2490 1390 2578 HAEc
1404 2492 1551 2537 Epistola
1576 2493 1621 2528 est
1634 2494 1781 2538 ejusdem
1793 2496 1906 2530 formae
1916 2508 1953 2531 ac
1966 2503 2100 2543 tempo*-

1215 2583 1218 2585 ,
1344 2545 1387 2577 ris
1406 2555 1482 2579 cum
1505 2545 1702 2586 praecedente
1723 2570 1731 2577 .
1768 2547 1873 2580 Lucet
1895 2558 1936 2580 ex
1959 2545 2011 2581 his
2034 2560 2100 2583 ver-

1207 2593 1276 2627 bis:
1305 2594 1401 2639 ‚Quod
1421 2594 1492 2631 verr>
1512 2594 1551 2626 de
1566 2600 1642 2633 pace
1660 2592 1697 2636 fit
1719 2606 1852 2628 murmur
1867 2620 1877 2635 ,
1897 2595 2094 2643 fignificamus

1205 2652 1267 2677 tuae
1287 2641 1449 2675 sanmtan·
1464 2666 1471 2672 .
1497 2642 1621 2689 Scripm
1646 2644 1691 2677 est
1716 2643 1880 2687 pendente
1901 2648 1987 2690 pacis
2011 2646 2096 2683 Tra·

1205 2693 1289 2727 &atu
1304 2704 1311 2724 :
1339 2692 1432 2725 Dum
1444 2691 1566 2725 Paulus
1579 2692 1756 2728 Emesenus
1766 2694 1875 2729 adhuc
1885 2694 2004 2731 adesset
2017 2698 2098 2733 San-

1205 2744 1257 2776 ἂο
1269 2741 1400 2785 Cyrillo
1411 2765 1421 2782 ,
1448 2741 1483 2775 ὅ(
1497 2742 1639 2775 Himerii
1665 2755 1702 2777 ac
1713 2745 1855 2783 aliorum
1866 2746 1967 2785 trium
1987 2757 2093 2792 patro-

1209 2804 1288 2827 num
1300 2801 1410 2837 ageret
1420 2816 1427 2824 .
1455 2791 1559 2838 Qod
1581 2792 1670 2825 enim
1682 2793 1802 2829 Paulus
1817 2794 1907 2831 hunc
1918 2797 2092 2835 articulum

1205 2843 1328 2883 fortiter
1339 2853 1377 2877 ac
1387 2840 1513 2881 dudum
1526 2842 1637 2876 urserit
1649 2868 1658 2884 ‚
1685 2843 1773 2879 lucet
1793 2857 1835 2880 ex
1846 2847 1954 2880 Sancti
1971 2847 2091 2890 Cyrilli

1205 2893 1320 2929 litteris
1331 2893 1371 2927 ad
1382 2892 1556 2931 Donatum
1571 2893 1846 2940 Nicopolitanum
1862 2897 2063 2940 Episcopum
2077 2910 2089 2934 .-

1203 2947 1282 2985 sciat
1303 2942 1354 2976 hoc
1365 2953 1475 2985 quoque
1485 2943 1636 2976 Sanc‘litas
1658 2954 1712 2979 tua
1725 2969 1736 2985 ,
1761 2945 2001 2988 Religiofiffimum
2011 2949 2088 2989 Epi-

1199 2993 1316 3038 scopum
1328 2995 1456 3030 Paulum
1474 2998 1558 3026 initio
1574 2995 1739 3039 plurimam
1760 2990 1911 3038 instittffe',
1938 2998 2087 3039 Helladit,

1180 3068 1184 3072 .
1205 3043 1345 3084 Eutherii
1356 3068 1366 3085 ‚
1393 3049 1519 3078 Himerii
1533 3069 1544 3084 ,
1569 3046 1603 3085 (ρ’
1623 3045 1787 3086 Dorothei,
1812 3046 2001 3090 depositorum
2020 3057 2088 3083 cau·

1200 3094 1261 3139 sa,
1281 3093 1443 3136 obnixeque
1463 3094 1588 3141 rogasse?
1614 3105 1648 3128 ut
1669 3108 1739 3138 quae
1749 3105 1850 3129 contra
1870 3096 1947 3140 ipsiu
1968 3098 2086 3131 decreta

1201 3142 1288 3183 'erant
1299 3169 1310 3185 ,
1334 3144 1565 3188 abrogarentur-2
1593 3146 1769 3189 Affirmabat
1781 3148 1970 3189 'enimpacem
1982 3148 2084 3181 Recte*

1192 3195 1305 3238 starum
1323 3196 1414 3234 aliter
1430 3196 1531 3238 perfici
1556 3207 1614 3228 non
1633 3205 1678 3240 pq
1695 3209 1731 3239 e,
1758 3196 1854 3238 nisiid
1863 3197 2084 3240 quoquefuiffet

1199 3245 1365 3286 adjellum.
1393 3247 1458 3288 Ego
1468 3248 1539 3278 verb
1561 3244 1774 3289 respondebam
1794 3245 1892 3289 Ipsum
1909 3259 1972 3281 rem
1984 3248 2081 3280 modis

1198 3296 1332 3329 omnibus
1351 3296 1543 3337 impqffibilem
1567 3303 1667 3331 conari
1681 3322 1691 3338 ,
1714 3308 1746 3330 eo
1766 3299 1846 3340 quod
1856 3309 1909 3330 nos
1922 3299 2001 3334 illud
2007 3306 2080 3330 nun·

1198 3357 1289 3395 quam
1300 3345 1416 3389 essemus
1423 3346 1589 3391 permiffuri
1598 3372 1607 3383 .
1633 3345 1812 3395 Manserunt
1822 3353 1969 3443 ‚itasqgefn
1980 3346 2080 3382 eodem

1876 3409 1889 3432 c
1910 3403 1921 3430 i
1936 3404 2027 3441 mate,
