2320 3730
378 189 473 237 288

307 274 459 309 Ecclefiis
483 298 491 306 .
521 273 566 308 Et
587 270 661 309 sane
678 281 746 309 erat
772 286 846 309 vera
868 274 917 308 via
946 298 952 304 .

307 325 406 357 nullis
429 323 578 369 precibus
596 350 607 366 ‚
645 325 744 359 nullis
767 323 947 359 rationibus
969 345 981 360 ,

302 372 494 409 Patriarchae
506 374 700 418 juss'ionibus
714 373 868 408 volebant
880 370 1083 413 acquiescere
1097 394 1106 402 .
1133 371 1197 404 Se·⁴

737 187 1012 234 vinoun
1042 200 1075 230 M
1109 186 1355 229 -PATRuM
1388 185 1733 250 EntsrroLAE,

987 270 1122 305 Etenim
1140 269 1190 304 illi
1254 270 1426 315 pensatio;
1451 272 1584 314 quando
1605 276 1682 309 vero
1707 274 1830 312 necilli
1849 284 1987 314 nocetur
1997 277 2055 324 qui
2068 278 2129 317 fibi

1018 319 1119 355 nullis
1138 320 1188 354 sui
1254 321 1364 355 noceri
1388 330 1504 364 putat,
1533 322 1636 357 immo
1657 322 1809 360 ediverso
1828 328 1894 370 ipse
1912 329 1985 363 aliis
2008 340 2129 372 nocet,

1252 371 1423 415 quomodo
1444 384 1512 406 non
1526 372 1616 416 quod
1629 372 1742 407 multis
1752 375 1798 408 est
1816 377 1896 411 utile
1906 379 2060 415 Sanctitas
2071 388 2128 416 tua

299 424 414 458 cundo
433 424 587 460 discimus
613 425 702 468 quod
736 424 878 464 Joannes
899 420 992 453 suum
1017 419 1186 455 Clericum
1250 420 1582 457 consuetelucratur?
1607 423 1675 457 Scit
1685 424 1772 457 enim
1783 423 2126 474 Sanctitastua,qu0d

300 473 500 509 clandestine
525 475 668 512 miserit,
696 473 730 505 &
753 468 992 505 clandestinum
1013 472 1076 505 effe
1099 470 1184 514 apud
1249 470 1332 506 bene
1344 472 1384 506 de
1395 473 1467 507 aliis
1480 473 1742 517 dicensinipso,
1769 474 1860 518 quod
1870 475 1915 509 est
1926 479 2127 524 principale,

300 524 629 570 Constantinopolim
661 521 782 565 jusserit
805 547 812 553 .
850 522 951 564 Supra
987 521 1056 554 dixi
1088 522 1183 556 ratio-

292 585 391 610 nem.
421 575 562 613 Tertio,
588 572 787 614 quodillum
812 571 909 615 largis
921 572 1066 605 nummis
1082 582 1181 606 arma-

296 625 358 659 rit.
386 625 488 670 Qod
512 621 600 657 enim
613 622 671 656 sub
692 621 823 666 Magno
834 620 1030 656 Theodosio
1048 621 1181 656 avaritia

293 677 430 720 coeperit
462 684 666 717 corrumpere
686 670 878 707 Romanum
913 672 1088 716 Imperium
1108 697 1119 714 ,
1144 683 1181 707 ac

293 727 409 760 omnia
421 725 578 764 vendere,
595 719 739 756 'deflevit
762 720 889 763 amare,
916 734 954 756 ac
975 722 1054 758 inde
1074 724 1176 766 Impe-

291 777 333 808 rii
350 776 475 817 lapsum
499 773 650 817 praedixit
673 772 807 808 Sanetus
829 771 1039 807 Ambrosius.
1065 773 1115 808 Ita
1141 774 1175 807 in

1046 824 1176 871 Qartd

289 873 443 908 discimus
464 898 475 914 ,
505 873 596 918 quod
618 873 740 909 Verius
765 874 915 909 Clericus
938 874 1174 908 Domitianum

858 935 956 968 atque
978 926 1023 960 ita
1045 925 1172 959 Sacram

517 973 653 1022 Qintd
673 999 684 1015 ,
711 973 801 1018 quod
824 975 1172 1019 Magnificentiffimus

290 824 359 866 ejus
382 824 450 858 vita
481 823 616 858 testatur
637 823 796 858 Paulinus
817 822 990 866 Presbyter
1013 849 1019 856 .

288 923 482 971 quaestorem
507 924 646 968 pecunia
669 928 785 958 emerit
813 949 823 965 ,

288 974 490 1010 obtinuerit.

286 1024 423 1059 Taurus
444 1024 610 1060 Orientali
628 1024 786 1059 Praetorio
810 1024 981 1059 Praefectus
1004 1050 1015 1066 ,
1041 1026 1170 1059 Sacram

282 1085 353 1109 non
399 1074 544 1118 probarit
563 1099 575 1115 ,
614 1072 755 1118 ideoque
792 1075 827 1108 <Sc
852 1075 972 1118 juffetit
1005 1073 1169 1117 suspendi.

281 1124 414 1168 Nempe
436 1124 577 1159 timebat
612 1124 769 1158 Ciliciam
789 1123 831 1157 ab
859 1125 925 1166 ipsit
949 1123 1168 1164 turbandam,

277 1174 420 1218 ideoque
444 1173 636 1218 opulentam
660 1184 699 1207 ac
722 1171 891 1207 liberalem
903 1172 1115 1208 Provinciam
1135 1174 1167 1207 si·

278 1224 427 1258 stendam
437 1223 456 1257 a
474 1222 642 1258 consuetis
653 1223 688 1257 in
701 1222 866 1267 Principis
879 1223 1052 1258 AErarium
1068 1224 1165 1259 colla-

278 1273 437 1308 tionibus.
465 1274 576 1322 Qare
587 1275 681 1309 Sacra
694 1272 762 1307 haec
774 1274 906 1309 videtur
921 1274 1015 1308 fuisse
1025 1286 1084 1318 pro
1098 1275 1165 1309 sola

279 1323 399 1358 Cilicia
412 1349 419 1357 .
449 1325 493 1358 Et
512 1324 614 1369 prima
636 1325 672 1359 &
693 1324 834 1359 secunda
849 1350 856 1357 .
883 1325 928 1359 Et
953 1324 1039 1359 certe
1057 1324 1163 1360 haeut·

273 1383 353 1417 pote
365 1386 421 1420 per
432 1374 653 1410 Theodorum
665 1374 961 1419 Mopsuestiensem
983 1386 1141 1419 corruptae
1153 1401 1162 1416 ‚

272 1432 367 1460 erant
392 1424 623 1470 pertinaciores
642 1437 702 1469 pro
733 1425 891 1461 Nestorio
914 1451 923 1460 .
946 1426 1049 1461 Sexto
1069 1426 1161 1461 disci-

273 1485 373 1515 mus,
402 1474 491 1518 quod
512 1475 579 1510 haec
601 1475 736 1517 videns,
764 1476 850 1511 &ad
870 1475 1111 1510 refundendum
1132 1477 1163 1511 se

271 1524 543 1568 compellendum
562 1526 683 1560 timens
705 1526 742 1559 sit
764 1527 939 1560 conversus
960 1526 1002 1560 ad
1022 1535 1104 1560 artes
1128 1528 1161 1561 δε

271 1574 444 1608 mendacia
458 1601 466 1606 .
494 1577 632 1610 Etenim
654 1574 816 1610 Helladio
837 1575 1015 1611 Tharsenfi
1030 1577 1161 1620 Episco-

268 1635 338 1669 po,
365 1624 474 1667 primae
495 1624 624 1658 Ciliciae
647 1625 937 1670 Metropolitano,
964 1625 1087 1670 scripsit
1108 1628 1161 1661 Sa-

269 1686 361 1709 cram
374 1674 392 1707 ὲ
405 1675 437 1708 se
446 1674 626 1718 suspensam
637 1699 648 1716 ,
675 1675 777 1719 idque
789 1687 830 1710 ex
844 1677 899 1711 sua
911 1687 987 1722 erga
1003 1676 1096 1710 illum
1109 1676 1159 1711 be·

265 1724 460 1760 nevolentia
485 1750 492 1757 .
520 1726 570 1760 At
590 1724 670 1760 vero
691 1725 733 1759 ad
753 1726 915 1769 Ioannem
937 1725 1160 1762 Patriarcham

267 1776 355 1811 misit
368 1777 545 1810 Decanum
559 1800 571 1816 ,
596 1776 747 1818 jactitans
755 1778 886 1811 Sacram
906 1777 923 1810 ὲ
936 1778 966 1811 se
979 1787 1138 1812 retentam
1150 1801 1161 1817 ,

270 1826 307 1859 δε
330 1825 495 1869 spondens
515 1823 745 1869 dirigendam,
772 1826 831 1859 nisi
849 1835 1062 1861 contumaces
1086 1827 1160 1869 Epi-

264 1876 358 1919 scopi
383 1875 494 1909 statim
518 1874 673 1910 redierint
694 1875 735 1909 ad
759 1875 829 1918 ejus
849 1875 1086 1911 obedientiam.
1117 1877 1161 1911 Et

265 1936 304 1961 ut
319 1926 493 1961 mendacia
507 1924 708 1960 cohaererent
719 1925 863 1961 invicem
878 1952 889 1967 ,
915 1929 1015 1962 etiam
1030 1927 1066 1961 in
1077 1927 1164 1962 Cili·

264 1976 355 2009 ciam
374 1976 493 2017 scripsit
514 1974 555 2008 ad
569 1975 753 2018 Episcopos
764 1999 777 2016 ,
801 1986 839 2010 nt
858 1976 976 2021 absque
998 1975 1160 2012 dilatione

262 2024 542 2067 amplecterentur
586 2025 724 2067 Joannis
765 2029 1039 2060 communionem
1066 2052 1074 2058 .
1110 2027 1158 2059 Ita

263 2074 359 2109 enirn
380 2072 524 2107 Palatini
546 2096 558 2113 ,
584 2074 642 2115 qui
666 2072 791 2106 debitas
813 2073 946 2117 Populo
963 2074 982 2108 a
1007 2074 1159 2117 Principe

265 2123 457 2158 sanniones
479 2122 628 2156 vendunt
651 2144 663 2160 ‚
687 2123 932 2159 consueverunt
957 2125 1067 2159 fumos
1084 2134 1158 2171 ven·

265 2172 343 2208 dere
356 2199 362 2206 .
390 2174 435 2208 Et
446 2171 526 2205 hinc
538 2171 690 2205 adversus
701 2171 795 2205 illum
807 2172 970 2208 Meletius
994 2184 1063 2208 non
1076 2172 1159 2208 male

262 2223 393 2268 ‘scripsit
406 2235 417 2255 .·
442 2222 559 2254 omnino
573 2218 779 2263 despiciendus
793 2219 832 2259 est
842 2225 894 2254 vir
911 2223 961 2255 me-
971 2246 979 2257 .

455 2436 718 2490 CAPUT
753 2441 943 2489 CXXV.
1013 2458 1152 2503 —213

271 2581 445 2651 Epistola
469 2618 482 2642 ,
519 2582 667 2648 inquit
692 2586 707 2638 '2
741 2579 809 2626 vel
842 2572 1158 2648 hypotmyaeflicum

338 2645 716 2717 Magizfficentffnzi
740 2649 940 2715 Qaestoris
974 2652 1028 2699 ad
1061 2657 1158 2721 Epi..

329 2720 491 2789 fiopum
526 2725 571 2767 T
573 2717 677 2783 harfi
709 2719 934 2767 Helladium
956 2758 969 2783 ,
1006 2719 1157 2771 hortans

340 2811 423 2842 eum
460 2786 682 2849 Antiocheno
717 2789 896 2858 adjungi.

367 2920 486 2954 Mnem
500 2918 674 2952 Bonorum
695 2916 900 2952 affluentiam
912 2925 974 2952 tuae
985 2917 1152 2953 Sanstitati

392 2970 496 3004 adesse
518 2969 692 3012 perfeetam
703 2967 829 3013 integre
849 2968 974 3008 sciens,
999 2980 1067 3004 non
1079 2969 1155 3004 levi·

270 3031 319 3054 ter
341 3020 471 3065 affligor
483 3045 494 3061 ,
522 3030 560 3053 ea
585 3029 656 3061 quae
668 3029 759 3053 nunc
774 3026 918 3063 aguntur
928 3019 1151 3061 considerans,

272 3081 398 3104 amator
411 3071 499 3114 pacis
513 3069 728 3104 Ecclesiarutn
739 3093 750 3110 ,
776 3068 811 3102 ὅ(
822 3067 906 3103 hanc
917 3069 1002 3102 votis
1012 3069 1046 3102 ὃ(
1056 3080 1153 3113 opere

271 3120 501 3154 sanffiffimam
512 3120 803 3164 inconcussamque
823 3120 1015 3163 conservans
1025 3144 1033 3151 .
1060 3121 1152 3167 Qo·

272 3169 377 3203 modo
386 3181 457 3203 eam
469 3181 570 3213 nuper
581 3169 720 3205 minime
727 3169 911 3213 amplestari
923 3192 935 3210 ,
961 3166 1044 3203 mihi
1057 3169 1153 3205 valde

275 3216 423 3252 mirabile
434 3218 576 3254 videtur.
605 3220 666 3255 Sed
682 3221 715 3255 δε
726 3220 748 3254 fi
761 3221 835 3264 quis
851 3218 1014 3255 concedat
1025 3244 1034 3259 ‚
1062 3221 1150 3264 quod

271 3269 388 3310 finnus
409 3265 512 3302 homo
530 3268 580 3302 his
595 3293 606 3308 ,
628 3281 698 3312 quae
710 3270 791 3314 justa
803 3272 879 3305 sunt
888 3295 901 3311 ,
927 3280 996 3304 non
1006 3269 1128 3305 fruatur
1139 3295 1150 3312 ,

276 3319 309 3353 δε
327 3328 386 3361 pro
410 3317 546 3351 meliore
566 3318 707 3353 utilitate
727 3321 907 3355 multorum
927 3319 1016 3365 quod
1027 3320 1085 3355 uni
1104 3322 1149 3356 est

274 3367 356 3404 urile
378 3367 572 3411 omittatur,
597 3368 776 3405 tolerabilis
798 3368 986 3416 hujusmodi
1001 3369 1041 3412 fit
1063 3382 1151 3407 com-

1247 523 1430 556 commifit:
1460 524 1502 556 Et
1530 523 1715 568 sibimetipsi
1728 534 1874 569 reputate
1894 523 2009 569 debet,
2034 531 2125 572 quod

1244 570 1440 607 aPotestate
1449 571 1590 608 dete-stus
1601 575 1646 609 est
1660 600 1682 607 ..
2066 603 2067 606 ,

1292 623 1336 657 Et
1349 622 1416 657 haec
1428 623 1544 659 melius
1555 624 1572 659 a
1584 635 1637 660 me
1647 626 1742 660 novit
1752 627 1908 661 Sanctitas
1919 634 1976 661 tua
1988 651 1995 659 .
2023 627 2127 674 Rogo

1242 670 1361 716 igitur,
1390 685 1431 707 ne
1453 698 1464 714 ‚
1489 685 1527 710 ut
1550 674 1622 709 dixi
1643 700 1654 716 ,
1680 676 1906 720 multipliciter
1928 688 2126 719 noceamus,

1240 723 1468 759 confusionem
1490 725 1621 770 quidem
1639 726 1846 761 multitudini
1869 727 2063 767 inferentes,
2089 729 2125 764 ἀ

1239 772 1428 812 civitatibus
1449 776 1792 820 indisciplinationem
1812 777 1846 811 δε
1867 776 2122 820 inoptandorum

1239 823 1349 857 multis
1381 824 1597 862 Peslimorum
1620 828 1796 870 provisores
1817 827 2006 862 efficiamini
2029 852 2037 860 .
2065 829 2122 863 Ut

1236 874 1391 908 acceleret
1402 873 1664 911 continud‘t'cum
1677 878 1752 912 Deo
1767 877 1975 913 Amiciffimo
1998 878 2031 912 δε
2042 878 2124 912 San·

1234 923 1371 958 &iffitno
1388 926 1515 968 Joanne
1538 926 1704 971 Episcopo
1729 928 1813 962 inire
1832 928 2057 972 colloquium,
2082 929 2120 963 &

1236 982 1272 1007 ut
1299 976 1448 1018 amplesti
1481 986 1537 1010 tua
1570 977 1729 1016 Sanstitas
1749 978 1947 1022 ejus-‚pacem
1970 989 2121 1012 commu·

1234 1023 1435 1069 nionernque
1456 1027 1584 1061 festinet
1606 1027 1671 1061 una
1694 1039 1771 1061 cum
1793 1029 1911 1062 caeteris
1946 1027 2119 1071 Episcopis

1232 1073 1342 1116 primae
1374 1071 1409 1109 &
1429 1075 1576 1110 secundae
1601 1076 1783 1111 Provinciae
1806 1077 1952 1112 Cilicum
1973 1102 1981 1109 .
2023 1078 2113 1112 Sciat

1230 1123 1323 1157 enim
1334 1124 1460 1158 Divina
1481 1126 1602 1164 virtus,
1629 1127 1719 1170 quod
1741 1128 1923 1161 Decretum
1943 1127 2111 1162 Divinum

1230 1173 1431 1216 completum
1442 1199 1453 1215 ‚
1480 1172 1758 1218 subscriptumque
1772 1175 1891 1215 ,etiarn
1905 1178 2116 1222 promulgan-

1229 1221 1308 1256 dum
1329 1247 1340 1263 ,
1367 1222 1462 1266 hujus
1492 1225 1536 1258 rei
1557 1225 1661 1268 gratia
1682 1225 1816 1259 interim
1837 1226 1957 1261 retinui
1979 1250 1991 1267 ,
2023 1226 2118 1269 quod

1229 1273 1317 1316 spem
1339 1274 1470 1308 suavem
1491 1272 1575 1308 mihi
1597 1275 1653 1318 ipsi
1676 1275 1864 1310 distaverim
1885 1299 1896 1316 ,
1922 1276 2012 1320 quod
2033 1277 2116 1311 meis

1228 1322 1412 1358 hortatibus
1425 1347 1436 1363 ,
1459 1325 1540 1366 quin
1553 1325 1664 1368 potius
1680 1325 1736 1369 ipfi
1749 1326 1874 1360 veritati
1887 1351 1899 1367 ‚
1925 1335 1980 1362 tua
1992 1327 2116 1361 Sancti-

1228 1382 1275 1408 tas
1310 1374 1492 1418 acquiescat
1520 1399 1534 1416 ,
1573 1376 1608 1409 &
1633 1377 1777 1420 corrigat
1802 1387 1872 1419 quae
1897 1375 2117 1411 contristant.

1227 1423 1348 1470 Qaeso
1369 1424 1470 1468 igitur
1492 1425 1756 1470 Religiositatem
1781 1435 1895 1467 tuam,
1920 1435 1958 1460 ut
1967 1425 2116 1461 celeriter

1227 1471 1258 1505 id
1284 1473 1353 1507 fieri
1373 1474 1484 1518 jubeas
1513 1487 1520 1507 ε
1546 1476 1602 1510 Ne
1620 1475 1702 1510 dum
1723 1476 1856 1510 Divinae
1881 1476 1997 1511 litterae
2016 1475 2113 1511 editae

1228 1523 1370 1564 fuerint,
1399 1525 1558 1560 correetio
1581 1525 1763 1570 desperetur
1782 1552 1789 1560 .
1821 1527 1867 1560 Et
1889 1526 2024 1570 quidem
2049 1536 2117 1561 cer-

1226 1582 1297 1607 tum
1309 1574 1355 1607 est
1367 1597 1379 1613 ,
1404 1575 1494 1618 quod
1518 1575 1553 1608 in
1567 1575 1661 1609 nullo
1682 1586 1839 1611 noceatur
1849 1576 2018 1610 Sanffitati
2032 1586 2117 1616 ωε,

1227 1624 1280 1657 cui
1294 1634 1382 1657 nunc
1391 1624 1503 1667 potius
1514 1623 1607 1659 valde
1618 1633 1755 1659 nocetur
1763 1649 1774 1665 ,
1800 1623 1841 1659 eo
1852 1625 1943 1669 quod
1954 1625 2115 1660 utilitates

1228 1670 1408 1708 multorum
1423 1674 1566 1718 proprias
1578 1684 1707 1718 reputet
1718 1698 1730 1715 ,
1755 1676 1790 1709 &
1801 1675 1949 1709 similiter
1960 1674 2115 1718 plurimo·

1227 1734 1298 1757 rum
1319 1725 1390 1759 suas
1401 1724 1499 1758 faciat
1522 1724 1682 1758 laesiones.
1712 1722 1775 1758 Sed
1795 1724 2011 1758 &Divinitas
2029 1724 2115 1759 solet

1228 1773 1346 1808 abillis
1358 1774 1489 1819 exigere
1499 1774 1660 1815 rationes,
1686 1773 1804 1821 quibus
1814 1774 2005 1822 corrigenda
2023 1787 2112 1812 com-

1229 1823 1332 1859 misit.

1437 1982 1925 2029 Sctr0L10N.

1336 2121 1406 2155 AEc
1418 2121 1463 2156 est
1474 2122 1610 2168 epistola
1620 2149 1632 2166 ‚
1650 2135 1714 2168 qua
1734 2124 1948 2160 Domitianus
1960 2125 2110 2172 Qaessor

1360 2171 1521 2206 Helladio
1538 2174 1754 2209 amicabiliter
1784 2175 1926 2209 insinuat
1956 2175 2086 2210 Sacram
2096 2200 2109 2218 ,

1225 2230 1297 2261 quae
1309 2231 1427 2254 omnes
1441 2221 1562 2263 Joanni
1572 2221 1767 2257 Patriarchae
1779 2235 1817 2257 ac
1829 2224 1922 2258 initas
1929 2225 2001 2267 paci
2011 2225 2111 2260 rebel·

1227 2268 1272 2302 les
1290 2267 1469 2313 Episcopus
1480 2294 1492 2311 ‚
1517 2280 1576 2305 aut
1600 2270 1735 2307 obedire
1753 2272 1910 2315 mandat,
1925 2282 1992 2309 -aut
2003 2274 2111 2318 ejici,

1226 2314 1368 2353 omnin&
1377 2322 1539 2355 emanasse
1550 2333 1560 2363 ;
1587 2330 1731 2356 attamen
1742 2323 1761 2356 a
1772 2324 1804 2357 se
1817 2334 1876 2366 pro
1887 2332 2036 2367 tempore
2045 2324 2111 2359 sus-

1227 2367 1324 2413 pendi
1336 2381 1344 2401 :
1372 2368 1418 2403 Et
1429 2381 1494 2413 qna
1507 2370 1612 2415 ipsum
1621 2383 1665 2406 ex
1677 2374 1804 2416 pectore
1812 2370 1961 2407 hortatur
1979 2373 2020 2408 ad
2030 2373 2111 2409 obe·

1226 2418 1384 2454 dientiam
1397 2445 1404 2452 .
1424 2420 1481 2454 An
1494 2431 1536 2454 ex
1547 2429 1618 2455 arte
1626 2432 1727 2465 quam
1738 2425 1830 2467 supra
1841 2424 1860 2457 a
1871 2422 2110 2466 Mopsuestien·

1227 2470 1250 2503 si
1261 2468 1404 2504 Meletio
1413 2468 1600 2506 audivimus
1608 2496 1619 2512 ,
1645 2472 1686 2506 fit
1695 2473 1809 2517 scripta
1820 2498 1832 2514 ‚
1859 2473 1946 2514 certe
1966 2474 2088 2518 ignoro
2097 2485 2108 2507 .·

1227 2520 1362 2554 Etenim
1394 2520 1553 2555 Meletius
1581 2522 1646 2556 fuit
1665 2522 1781 2567 plenus
1801 2524 1850 2557 sui
1887 2522 2112 2559 Antecessoris

1226 2568 1402 2606 Theodori
1411 2570 1552 2605 Seaator
1563 2595 1575 2611 ,
1599 2571 1742 2618 ideoque
1763 2573 1799 2608 &
1823 2573 1937 2616 plenus
1946 2573 2112 2608 Nestoria·

1227 2631 1288 2655 nus
1297 2644 1305 2653 .
1332 2619 1425 2653 Hinc
1438 2619 1506 2661 ejus
1516 2619 1740 2656 testimonium
1752 2622 1798 2656 est
1808 2622 1850 2657 de
1859 2622 2028 2656 temeraria
2047 2623 2110 2657 sus·

1224 2669 1356 2713 picione
1368 2669 1548 2713 suspectum
1565 2670 1601 2704 &
1611 2670 1743 2705 caduca:
1752 2670 1845 2706 fidei.
1874 2671 2050 2720 Qidquid
2067 2673 2108 2708 sit

1223 2719 1412 2755 Domitiani
1434 2718 1622 2754 admonitio
1642 2719 1799 2755 nonfuit
1819 2731 1922 2756 vacua
1934 2745 1943 2754 .
1970 2722 2107 2758 Etenim

1225 2770 1400 2805 Helladius
1411 2769 1487 2803 licet
1497 2779 1554 2813 per
1572 2769 1726 2805 Sanstum
1737 2770 1905 2814 Cyrillum
1928 2771 2106 2808 exclusus&

1225 2820 1310 2856 Pace
1322 2845 1333 2862 ,
1344 2818 1438 2855 rediit
1447 2818 1489 2853 ad
1500 2827 1644 2856 mentem
1657 2845 1668 2862 ,
1683 2820 1717 2855 &
1732 2821 1868 2856 tandem
1878 2822 1923 2856 est
1932 2821 2108 2866 amplexus

1225 2880 1336 2915 pacem
1348 2895 1356 2903 .
1383 2869 1429 2904 Et
1448 2867 1489 2903 ad
1513 2869 1649 2913 Ioannis
1667 2870 1862 2907 Patriarchae
1880 2870 2106 2907 obedientiam

1223 2920 1350 2958 reduxit
1361 2929 1475 2956 omnes
1488 2918 1610 2955 Cilices
1619 2946 1629 2954 .

1755 3124 1791 3156 4»

1512 3131 1584 3218 zie
1740 3151 1807 3212 aa

1879 3418 2054 3464 CAPUT
