2320 3730
600 190 905 245 Sci-rotrrs,
951 206 1012 235 ET
1049 186 1243 235 Nous
1279 205 1672 241 lttusritarffi.

225 274 341 313 multis
362 276 493 311 fuerunt
511 275 732 312 offendiculo.
761 276 953 313 Dorotheus
973 276 1031 311 fibi
1044 275 1104 311 im·

226 329 362 372 primere
393 337 463 360 non
485 326 594 370 potuit
623 329 712 372 quod
735 327 952 364 Antiocheno
985 326 1102 372 Joanni

225 376 303 412 talia
322 375 374 410 vel
386 375 421 410 in
442 385 588 412 mentem
607 379 767 415 venissent
781 404 789 411 .
817 379 910 413 Hinc
934 378 975 412 ad
998 378 1102 420 ipsum

224 425 398 462 destinavit
418 426 648 472 Presbyterum
670 427 887 464 Eustochium
912 451 924 468 ,
949 439 988 461 ac
1009 426 1104 460 Tho-

221 486 312 510 mam
324 476 532 513 Monachum
545 502 553 511 .
583 479 792 526 Qapropter
801 476 869 512 haec
882 476 1027 520 Epistola
1040 476 1103 510 fuit

221 523 339 611 ssrip'ta
350 537 426 585 ante
436 528 579 564 reditum
590 528 684 565 Pauli
697 528 847 563 Emeseni
862 552 873 569 ,
893 539 930 562 ac
944 525 1103 560 Aristolai

261 586 287 610 ri
312 588 370 612 uni
380 602 389 613 .

428 799 470 852 C
491 801 534 843 A
552 796 702 845 PuT
739 799 904 845 cxvl.
941 809 1103 855 ---204

218 935 343 987 Idem
379 935 491 985 hanc
526 933 670 1004 posuit
695 936 935 1001 Epistolam
963 970 976 982 .
1025 937 1105 979 Deo

287 1010 416 1054 Amici
449 1009 536 1053 tmis
553 1038 567 1062 ,
609 1011 670 1049 (θ’
690 1000 944 1069 Samffffmis
970 1007 1107 1051 Domi-

285 1079 342 1123 nis
363 1078 451 1120 meis
471 1108 485 1134 ,
520 1078 580 1119 <9⁴
603 1093 688 1120 cum
726 1079 824 1121 omni
861 1078 1105 1122 reverentia.)

284 1142 515 1194 nominandis
539 1179 553 1202 ,
598 1143 748 1191 Scmffis
786 1144 1105 1208 Com-ministrato-

285 1216 387 1262 ribus
420 1249 434 1274 ,
483 1212 704 1261 Alexandro
738 1219 798 1260 <9¹
833 1212 1063 1262 Theodoreto
1089 1250 1102 1276 ,

285 1282 491 1332 Eutherius
511 1283 706 1332 Gaudere.

316 1427 447 1462 [vinum
469 1427 656 1462 Sanstitatis
677 1426 784 1461 vestrm
810 1428 939 1469 zelum,
966 1428 1023 1472 qui
1037 1426 1109 1462 ubi-

340 1488 402 1520 que
429 1477 576 1522 pervenit
594 1501 605 1517 ,
632 1478 727 1511 nocte
752 1477 871 1522 dieque
897 1478 1081 1522 fulgentem
1094 1501 1105 1518 ,

216 1529 362 1564 clamant
382 1528 449 1571 jam
469 1527 619 1561 universa
641 1537 722 1560 terra
747 1528 780 1560 δε
804 1539 914 1567 mare,
938 1527 956 1560 ὲ
979 1539 1046 1571 quo
1071 1527 1106 1561 δε

215 1589 301 1618 110⁵,
326 1577 422 1611 valde
431 1579 563 1620 segnes,
590 1575 746 1609 stimulati
758 1576 866 1612 firmus
886 1576 926 1609 ad
939 1576 1104 1610 bonorum

216 1626 430 1666 desiderium,
460 1625 582 1669 piaeque
591 1625 804 1659 confeffionis
817 1626 1009 1661 instantiam
1021 1650 1033 1666 ‚
1059 1627 1104 1661 ita

216 1686 256 1712 nt
265 1676 445 1712 audeamus
455 1687 509 1720 per
521 1676 643 1709 litteras
653 1674 837 1718 deprecari,
850 1676 882 1710 &
895 1675 936 1710 de
949 1677 997 1710 eis
1011 1700 1023 1717 ‚
1035 1688 1106 1720 quae

215 1726 347 1772 agenda
360 1728 453 1767 sunt,
479 1735 704 1760 commonere.
731 1725 911 1760 Perclaruit
924 1726 1027 1770 igitur
1039 1726 1104 1762 hoc

215 1779 281 1813 effe
290 1776 410 1821 justum
423 1776 570 1820 praesenti
580 1775 615 1809 in
628 1785 775 1819 tempore
785 1800 795 1815 ‚
823 1785 859 1810 ut
882 1775 1017 1818 adjiciat
1027 1778 1103 1812 San-

215 1828 307 1863 stitas
318 1828 418 1862 vestra
430 1826 551 1861 caeteris
561 1825 810 1860 restitudinibus
822 1826 883 1859 suis
908 1826 941 1859 ὅ(
954 1825 1020 1860 hoc
1042 1826 1106 1860 stu-

216 1877 313 1912 dium
337 1901 349 1918 ,
375 1877 466 1920 quod
488 1887 577 1909 nunc
592 1875 698 1919 exigit
718 1884 846 1918 tempus
857 1899 868 1915 ‚
895 1885 930 1910 ut
956 1875 1105 1920 dirigatis

216 1927 348 1971 aliquos
358 1937 434 1960 cum
446 1926 617 1960 communi
634 1925 694 1959 hac
707 1925 848 1961 formula
858 1949 870 1965 ,
882 1926 915 1960 &
926 1925 1042 1961 litteris
1055 1938 1105 1961 ac·

215 1976 406 2012 commodis
426 1975 467 2010 ad
479 1975 672 2010 Occidentis
692 1985 816 2018 parteS,
842 1975 1037 2011 &excitetis
1062 1976 1104 2011 ad

216 2026 284 2062 hoc
294 2039 353 2072 pro
367 2025 432 2061 fide
442 2035 605 2060 certamen
619 2035 697 2067 eos,
722 2026 781 2068 qui
795 2024 863 2059 illic
887 2027 962 2060 sunt
982 2024 1105 2060 haben-

216 2086 264 2112 tes
285 2077 416 2111 inlitum
438 2076 517 2109 fidei
543 2075 650 2109 zelum
671 2099 678 2106 .
705 2073 829 2108 Timor
851 2074 897 2108 est
918 2074 1034 2115 enim,
1061 2085 1104 2108 ne

214 2125 484 2171 praevenientibus
495 2123 612 2159 litteris
623 2123 787 2164 aliorum,
814 2124 902 2168 quafi
925 2124 1035 2169 unitio
1058 2126 1103 2159 fa-

214 2178 265 2211 &a
275 2176 312 2211 lit
324 2200 335 2217 ‚
360 2177 395 2211 δε
407 2175 501 2209 rebus
515 2173 707 2217 incongruis
728 2173 1010 2209 consentientibus
1027 2174 1106 2209 uni-

214 2226 309 2261 verfis
322 2250 335 2266 ,
360 2225 523 2269 segniores
534 2231 709 2265 appareant
719 2222 762 2256 ad
772 2233 810 2256 ea
823 2247 833 2262 ‚
859 2234 928 2266 quae
938 2222 1027 2257 male
1034 2225 1103 2257 asta

214 2276 294 2310 sunt
309 2298 323 2316 ,
346 2271 595 2318 corrigendum.
623 2272 669 2306 Et
681 2282 743 2305 nos
753 2271 887 2315 quidem
898 2272 985 2314 quali
1009 2271 1043 2305 in
1066 2271 1105 2304 li-

215 2324 277 2360 bro
287 2347 297 2364 ,
322 2335 395 2368 quae
405 2325 478 2358 sunt
489 2322 606 2366 placita
618 2346 629 2363 ,
654 2331 857 2365 exponentes
870 2344 883 2361 ,
910 2318 944 2354 id
956 2319 1002 2354 est
1018 2345 1029 2361 ‚
1039 2330 1104 2366 ego

215 2375 251 2409 ἀ
265 2375 434 2409 Dominus
445 2384 536 2407 meus
552 2383 607 2415 per
618 2372 731 2406 omnia
743 2370 963 2406 Samstiffimus
973 2370 1105 2415 Episco-

216 2435 278 2467 pus
303 2423 500 2462 Helladius,
528 2420 648 2455 horum
670 2421 839 2463 Rescripta
866 2419 973 2454 vestrae
996 2444 1008 2461 ,
1034 2432 1105 2464 quae

217 2471 396 2507 secundnm
407 2472 519 2506 Deum
536 2471 582 2505 est
595 2495 607 2511 ,
632 2468 798 2504 Charitati
811 2469 1008 2504 direximus.
1038 2470 1108 2506 Ve-

216 2523 289 2557 strae
299 2531 409 2557 autem
419 2519 656 2565 Religiofitatis
665 2519 712 2554 est
739 2520 774 2554 &
786 2518 939 2563 probare,
968 2520 1003 2555 &
1033 2531 1106 2564 pro-

216 2573 320 2612 ferre,
345 2572 379 2606 δε
391 2570 434 2604 ad
446 2571 547 2604 finem
560 2569 734 2614 perducere
747 2592 754 2600 .
782 2570 867 2617 Qae
878 2581 956 2604 eum
977 2570 1105 2605 Sancti-

218 2630 287 2656 tate
297 2620 398 2656 vestra
407 2621 455 2655 est
465 2644 477 2660 ‚
489 2619 740 2654 Fraternitatem
750 2629 815 2664 ego
825 2642 837 2660 ‚
855 2619 890 2653 &
901 2619 959 2663 qui
973 2630 1103 2655 mecum

216 2671 313 2714 sunt,
337 2670 530 2707 salutamus.

424 2824 912 2870 ScHoLION.

327 2969 396 3006 AEc
405 2968 555 3015 Epistola
567 2967 613 3004 est
623 2967 760 3004 maximi
773 2970 926 3014 ponderis
934 2996 942 3003 .
968 2969 1098 3006 Laudat

351 3019 440 3055 enim
465 3019 655 3055 Romanam
684 3018 935 3063 appellationem
962 3045 973 3061 ,
1000 3031 1097 3062 quam

215 3067 393 3105 Helladius
408 3068 601 3106 Tharsensis
622 3080 661 3104 ac
681 3067 857 3106 Eutherius
876 3071 1095 3115 Metropolita

216 3117 431 3163 Thyanenfis
450 3131 520 3155 non
541 3120 714 3156 dumtaxat
734 3119 884 3157 adversus
912 3121 1031 3157 initam
1043 3132 1095 3164 pa-

213 3179 289 3205 cem
301 3192 315 3210 ,
339 3169 394 3205 sed
403 3170 501 3204 etiam
514 3168 666 3205 adversus
686 3180 821 3206 omnem
831 3170 1026 3217 Ephefinam
1036 3171 1096 3215 Sy·

214 3219 342 3254 nodum
353 3219 500 3255 fecerunt
512 3219 554 3254 ad
564 3218 708 3256 Xixtum
727 3222 858 3257 tertium
870 3222 1071 3258 Pontificem
1084 3246 1091 3254 .

215 3268 269 3303 Hi
289 3268 356 3305 duo
366 3269 590 3314 Metropolitae
601 3294 613 3311 ,
638 3270 787 3306 viden-ec
807 3272 838 3307 se
847 3273 995 3308 exclusos
1011 3271 1029 3305 a
1042 3283 1095 3315 pa-

213 3329 254 3353 ce
265 3342 276 3359 ,
295 3318 444 3356 viderunt
455 3322 546 3356 suam
564 3318 851 3367 degradationem,
875 3322 974 3368 quam
986 3321 1094 3365 Ephe-

213 3368 283 3406 fina
294 3370 435 3416 fecerat,
460 3370 871 3417 &Constantinopolitanae
892 3371 1092 3409 Maximiani

1165 274 1315 318 Synodus
1326 274 1579 311 confirmaverat
1587 298 1599 315 ,
1625 278 1795 319 probari&
1803 281 1932 319 admitti
1941 283 2041 319 etiam

1164 325 1181 359 a
1195 326 1322 368 Joanne
1344 324 1548 360 Patriarcha:
1574 324 1741 362 Viderunt
1763 329 1849 365 nihil
1870 334 1926 368 fibi
1938 336 2042 378 supet-

1165 375 1248 415 effe,
1277 375 1333 410 nisi
1345 375 1561 418 ejectionem,
1587 375 1924 416 acinfatneexilium.
1950 384 2040 418 Nam

1166 424 1338 460 Eutherius
1370 426 1388 459 a
1408 426 1522 461 Firmo
1545 425 1733 462 Caesareenfi
1759 426 1911 464 Exarcho
1932 432 2043 475 Super.

1163 474 1419 511 ordinationem
1439 477 1651 518 sustinuerat,
1675 478 1709 513 &
1728 476 1901 512 Helladius
1917 490 2044 525 accepe-

1166 536 1212 559 rat
1223 537 1291 559 non
1305 537 1404 561 vanas
1414 526 1520 562 minas
1542 527 1656 563 similis
1673 527 1839 562 violentiae
1851 553 1859 561 .
1887 527 1931 563 Et
1941 530 2046 574 Impe-

1165 585 1249 609 rator
1259 575 1471 611 Theodosius
1482 575 1533 611 his
1543 577 1698 613 omnibus
1708 577 1774 623 jam
1786 576 1917 614 favebat
1929 602 1940 619 ,
1965 579 2045 614 dans

1166 624 1314 660 militaris
1325 626 1530 662 executionis
1539 628 1747 664 affistentiarn
1756 653 1763 661 .
1792 628 1831 663 In
1843 630 1898 665 sua
1911 629 2046 675 quidem

1165 674 1278 715 Sacra,
1305 687 1374 720 quae
1386 674 1581 720 Ephefinam
1601 677 1774 722 Synodurn
1794 679 1913 722 solvit,
1939 679 2048 724 juffio-

1166 734 1206 758 ne
1217 724 1358 759 edixerat
1368 750 1379 766 ,
1407 726 1479 760 latae
1495 728 1530 761 in
1542 728 1729 765 Orientales
1744 729 1926 775 Episcopos
1938 730 2048 775 degra-

1164 771 1307 809 dationis
1327 774 1486 819 justitiam
1506 776 1566 811 fibi
1588 790 1657 813 non
1678 790 1828 824 apparere
1851 792 1861 823 ;
1888 780 1935 814 ast
1956 790 2046 814 nunc

1165 822 1281 868 agebat
1291 825 1404 861 omnia
1417 826 1582 863 contraria
1594 851 1602 861 .
1628 829 1723 865 Hinc
1734 840 1814 877 ergo
1837 829 1887 865 illi
1909 829 2048 873 appella*

1166 884 1283 908 verunt
1304 874 1346 909 ad
1357 875 1498 910 Xixtum
1520 875 1738 913 Pontificem.
1765 880 1850 915 Non
1870 879 2048 915 solummo-

1166 922 1211 958 do
1232 924 1381 959 adversus
1401 936 1514 968 pacem
1527 949 1540 966 ,
1565 926 1619 961 sed
1639 928 1738 963 etiam
1756 928 1908 966 adversus
1931 930 2049 965 omnia

1166 973 1249 1009 Asta
1263 972 1419 1018 Ephefini
1440 974 1586 1010 Concilii
1605 999 1612 1009 .
1640 977 1851 1013 Postularunt
1870 980 1983 1015 omnia
2005 991 2051 1019 re-‚

1166 1025 1292 1060 tractari
1314 1036 1369 1070 pet
1394 1024 1511 1061 Sedem
1531 1025 1788 1072 Apostolicam,
1813 1028 1847 1064 δε
1868 1029 2049 1066 circumdu-

1166 1086 1199 1111 οι
1213 1097 1221 1108 .

1215 1125 1261 1160 Et
1273 1124 1308 1159 in
1318 1122 1380 1161 hac
1393 1121 1540 1170 Epistola
1547 1125 1672 1162 addunt
1682 1126 1769 1162 varia
1779 1152 1788 1162 .
1810 1126 1926 1162 Primo
1936 1152 1947 1170 ,
1958 1130 2050 1171 quod

1167 1174 1235 1211 haec
1247 1176 1302 1210 sua
1329 1175 1507 1220 appellatio
1530 1176 1567 1211 fit
1577 1177 1764 1213 communis
1784 1177 1942 1212 formula.
1970 1179 2052 1212 Hoc

1167 1226 1211 1260 est
1225 1249 1236 1266 ,
1254 1224 1343 1268 quod
1354 1227 1411 1269 ipsi
1425 1225 1612 1262 adhaereant
1623 1227 1678 1262 alii
1691 1227 1790 1271 quam
1801 1227 1906 1272 plures
1920 1228 2054 1272 Episco-

1168 1277 1220 1320 pi.
1247 1275 1422 1318 Secundo,
1447 1277 1538 1320 quod
1562 1277 1809 1318 Occidentales‚
1837 1278 1871 1312 id
1891 1278 1957 1319 est,
1984 1278 2053 1313 Ro-

1168 1336 1265 1361 mana
1280 1326 1425 1360 Ecclesia
1436 1325 1554 1362 habeat
1566 1328 1697 1363 insitum
1713 1328 1790 1364 fidei
1802 1328 1912 1364 zelum
1926 1353 1937 1369 ,
1964 1327 2054 1363 ideo·

1166 1387 1230 1420 que
1239 1376 1326 1420 apud
1343 1376 1445 1420 ipsam
1470 1388 1540 1412 non
1561 1379 1600 1414 fit
1612 1378 1830 1427 diffidendum
1849 1378 1891 1414 de
1910 1378 2053 1424 justitia.

1166 1426 1309 1467 Tertio,
1335 1427 1426 1472 quod
1439 1429 1661 1464 transmittant
1683 1429 1915 1474 appellationis
1933 1428 2054 1464 lustru-

1167 1485 1316 1511 mentum
1337 1501 1351 1517 ‚
1387 1478 1647 1514 examinandum
1670 1503 1681 1519 ‚
1720 1479 1926 1524 probandum
1948 1502 1960 1519 ,
1995 1489 2054 1512 aut

1167 1526 1419 1571 corrigendum.
1446 1528 1580 1575 Qarto*
1602 1553 1613 1570 ,
1640 1527 1897 1563 Theodoretum
1915 1540 1953 1562 ac
1973 1528 2053 1563 Ale·

1167 1575 1329 1610 xandrum
1337 1587 1457 1621 rogant
1468 1601 1479 1617 ,
1507 1586 1543 1611 ut
1554 1577 1640 1612 hanc
1651 1589 1864 1613 communem
1876 1577 2055 1611 formulam

1167 1625 1347 1670 dignentur
1367 1628 1533 1671 proferre,
1558 1627 1645 1661 &ad
1670 1628 1772 1661 finem
1794 1627 1988 1670 perducere:
2015 1630 2055 1660 Ut

1166 1677 1302 1719 dirigant
1315 1678 1431 1719 aliquos
1443 1688 1508 1710 cum
1520 1682 1666 1710 communi
1675 1677 1729 1709 bac
1742 1676 1880 1718 formula
1895 1700 1907 1716 ,
1932 1678 1966 1711 ὑ
1977 1677 2055 1711 ltne-

1166 1731 1209 1759 ris
1223 1727 1413 1760 accommodis
1425 1728 1470 1760 ad
1477 1728 1646 1761 Occidentis
1660 1730 1767 1761 Partes
1784 1752 1795 1769 ‚
1822 1729 1856 1761 ὁ·
1865 1739 1913 1762 eos
1923 1732 2054 1762 excitent

1166 1775 1272 1810 adhoc
1283 1786 1435 1811 certamen
1448 1776 1540 1820 fidei.
1568 1777 1624 1812 Ut
1640 1776 1705 1811 hoc
1724 1777 1869 1812 studium
1892 1776 2055 1821 super-ad·

1166 1825 1247 1860 dant
1268 1832 1384 1860 caeteris
1402 1825 1467 1870 fi⁴¹⁸
1495 1826 1741 1860 reffltudtnibus.
1770 1826 1815 1861 Et
1835 1836 1960 1862 certum
1983 1826 2030 1862 est
2042 1850 2063 1869 „

1166 1873 1256 1919 quod
1276 1877 1311 1910 ἀ
1332 1875 1524 1910 Alexander
1548 1875 1832 1911 &Theodoretus
1853 1877 1919 1911 haec
1940 1877 2061 1912 omnia

1165 1925 1372 1968 expleverint
1385 1949 1394 1957 .
1419 1925 1613 1969 Appellatio
1624 1926 1713 1961 enim
1727 1925 1870 1961 omnino
1882 1928 1946 1962 fuit
1957 1928 2059 1962 trans·

1166 1975 1257 2009 miffa
1270 1975 1439 2016 Romam,
1465 1975 1608 2019 ideoque
1628 1987 1685 2019 per
1706 1976 1785 2009 istos
1807 1976 1892 2009 duos
1916 1975 2063 2011 omnino

1165 2025 1302 2067 probata
1316 2034 1414 2067 atque
1435 2025 1566 2066 adjuta.
1593 2024 1689 2059 Alias
1710 2025 1873 2059 mittenda
1896 2036 1967 2059 non
1989 2027 2060 2060 fue-

1166 2081 1214 2107 rat
1229 2097 1237 2105 .
1263 2072 1308 2107 Et
1326 2072 1406 2107 hinc
1421 2073 1575 2107 discimus
1586 2096 1597 2113 ,
1626 2074 1718 2117 quod
1729 2073 1966 2110 Theodoretus
1985 2087 2063 2110 non2

1167 2121 1378 2158 solummodo
1402 2122 1474 2167 post
1496 2121 1655 2158 inflistam
1679 2122 1738 2158 fibi
1760 2125 1802 2159 ab
1818 2124 1984 2169 Ephesino
1995 2126 2060 2160 La-

1167 2173 1587 2212 trociniodamnationern,
1613 2172 1669 2208 sed
1687 2174 1814 2208 dudum
1828 2186 1921 2209 antea
1933 2176 2057 2211 Roma-

1168 2232 1227 2256 nas
1240 2221 1481 2264 ‚appellationes
1491 2221 1678 2263 probaverit
1691 2244 1704 2262 ‚
1728 2221 1835 2256 immo
1856 2223 1889 2257 ὃς
1903 2224 1978 2266 ipfis
2000 2226 2060 2260 ad·

1168 2269 1292 2303 haeserit
1311 2293 1319 2301 .
1347 2269 1438 2303 Nam
1460 2270 1561 2303 etiam
1584 2269 1620 2303 in
1650 2269 1876 2306 Ecclefiastica
1905 2272 2058 2309 Historia.

1167 2319 1306 2362 sctipfit,
1332 2318 1423 2363 quod
1435 2320 1568 2354 Sanstus
1580 2319 1668 2364 Papa
1685 2321 1790 2367 Julius
1800 2347 1811 2364 ‚
1823 2323 1934 2358 Sancti
1948 2322 2055 2360 Atha-

1169 2369 1250 2403 nafii
1261 2381 1300 2403 ac
1311 2369 1452 2404 aliorum
1464 2370 1687 2406 Orientalium
1700 2371 1938 2416 Episcoporum
1947 2373 2056 2417 appel-

1168 2419 1326 2454 lationem
1345 2419 1547 2460 admittens,
1572 2431 1612 2455 ac
1634 2420 1721 2464 ipsos
1740 2432 1818 2457 ante
1828 2423 2052 2459 Sardicensem

1167 2468 1341 2512 Synodum
1351 2469 1547 2513 revestiens,
1574 2471 1759 2515 processerit
1777 2471 1870 2516 juxta
1887 2474 2052 2511 vetustum

1167 2519 1316 2554 Ecclefiae
1325 2519 1500 2554 Canonem
1511 2544 1519 2552 .
1549 2519 1720 2556 Praesentis
1729 2523 1959 2566 appellationis
1971 2533 2051 2559 tem-

1167 2580 1226 2613 pus
1241 2568 1419 2604 ostendunt
1441 2568 1510 2602 haec
1533 2569 1688 2612 Epistolae
1699 2571 1793 2606 verba
1817 2586 1824 2606 :
1853 2576 1952 2608 Timor·
1972 2581 2051 2609 enlm

1165 2618 1203 2660 est
1213 2643 1224 2659 ‚
1251 2629 1289 2652 ne
1299 2617 1555 2662 praevententtbus
1564 2619 1677 2653 litteris
1690 2622 1814 2655 allorum
1828 2646 1840 2663 ,
1865 2623 1949 2666 quasi
1953 2631 2048 2659 unitio

1158 2668 1291 2712 faHafit
1302 2693 1315 2710 ,
1341 2670 1375 2704 ὢ*
1386 2669 1474 2703 rebus
1487 2674 1654 2714 incongruis
1666 2670 1910 2715 consentientibus
1924 2679 2050 2708 Univer-

1160 2718 1201 2761 fis
1211 2743 1223 2760 ,
1243 2717 1389 2764 segniores
1400 2727 1569 2761 appareant
1580 2722 1669 2754 adea
1678 2733 1769 2766 ,quae
1781 2722 1865 2756 mala
1877 2722 1946 2756 αᾶα
1951 2722 2025 2766 sunt
2037 2748 2050 2765 ,

1163 2771 1387 2814 corrigendum.
1415 2768 1561 2804 Edicunt
1583 2772 1700 2806 fastam
1725 2782 1803 2807 ante
1828 2773 1937 2807 datam
1957 2774 2048 2807 initas

1164 2820 1235 2863 paci
1250 2819 1269 2853 ὸ,
1291 2819 1399 2854 Xixto
1410 2820 1718 2858 confirmationem:
1743 2821 1822 2856 Post
1840 2823 1946 2856 missas
1968 2823 2047 2856 Ro-

1164 2880 1252 2904 mam
1263 2868 1458 2913 relationes,
1472 2870 1593 2915 quibus
1608 2871 1755 2915 Cyrillus
1767 2882 1805 2905 ac
1817 2870 1959 2914 Joannes
1966 2882 2046 2906 con-

1162 2920 1383 2956 firmationem
1403 2920 1660 2965 postulaverant.
1690 2921 1735 2957 Et
1745 2919 1821 2957 sane
1842 2931 1922 2958 tunc
1943 2932 2043 2967 opor-

1160 2979 1245 3006 tuit.

1258 3118 1572 3216 affra&
1584 3118 1895 3219 ruffin&

1815 3420 1989 3459 capu-r
2026 3401 2029 3405 ’
