2320 3730
612 231 1034 290 Senot1xs,r21
1069 229 1261 276 Nous
1297 241 1700 276 ILLUSTRATAE.

207 331 290 356 tunc
298 316 539 360 Presbyterum.
570 315 664 350 Hinc
675 317 763 350 enim
782 317 874 350 suum
887 313 1084 358 Episcopum

207 368 393 406 Rabbulam
419 366 558 408 appellat
585 368 644 399 suae
679 367 820 400 civitatis
859 366 1083 407 Tyrannum.

207 421 294 454 Cum
313 417 383 461 ipso
408 418 510 450 fuerat
537 414 667 459 Ephesi.
699 418 745 450 At
757 415 838 450 faeta
851 425 952 456 pace,
980 411 1085 446 noluit

205 467 327 512 dogma
355 477 411 501 aut
431 468 558 500 causam
583 466 729 501 Nestorii
746 465 904 499 deserere:
932 462 1026 496 Hinc
1052 461 1085 495 ὃ(

205 517 313 562 ipsum
329 516 495 552 Rabbulas
518 517 662 559 punivit.

257 567 410 611 Ejusdem
427 568 472 600 rei
497 567 648 601 meminit
670 566 704 599 in
727 563 817 598 libris
831 570 947 596 contra
968 559 1085 594 Nesto-

205 616 319 653 rianos
331 629 368 651 ac
384 614 612 659 Eutychianos
623 614 783 650 Leontius
793 611 1008 646 scholasticus
1021 611 1086 653 By-

206 668 377 702 zantinus:
408 669 497 709 ,Quid
507 675 577 709 opus
590 665 629 707 est
641 666 731 698 dicere
744 665 781 696 de
793 662 900 695 Sanc‘lo
909 660 1085 700 Rhambuh,

210 715 357 760 Episcopo
379 717 520 760 Edessena
539 741 551 758 ‚
578 721 643 750 vtro
666 738 677 754 ‚
712 723 746 747 ut
767 715 855 754 ajunt
873 737 884 753 ,
912 710 1085 753 Propheta?

205 766 451 808 Cujusfiduciam
477 776 567 808 atque
582 763 810 806 confutationem
830 762 982 805 postquam
997 787 1007 802 ,
1035 765 1085 803 qut·

205 825 280 850 tunc
291 826 379 850 erant
388 822 553 858 impietatis
565 815 708 848 Theodori
730 814 890 848 Senatores
902 838 911 854 ,
934 816 1005 854 pati
1028 820 1086 844 non

204 874 366 909 potuerunt
377 892 388 908 ‚
408 865 471 908 post
480 867 576 899 multa
584 866 718 907 pericula
739 865 822 898 illum
840 864 904 897 dolo
915 861 1087 907 aggrediun-

207 923 281 957 tur,
304 922 358 949 unt
368 926 406 949 ex
417 921 479 955 eis,
506 921 650 958 quiintus
661 923 769 957 erant,
795 920 906 958 negotio
926 909 1063 953 commaffo
1079 935 1085 942 .

207 966 264 1000 De
276 965 393 1005 eodem
415 965 568 999 Rabbula
581 965 689 999 scribit
717 966 750 998 in
764 963 908 998 secundo
929 961 1087 996 Collesta·

208 1025 349 1050 neorum
360 1015 445 1049 libro
455 1014 658 1049 Theodorus
667 1015 786 1048 Lector
797 1026 809 1047 .-
827 1011 980 1045 Rabbulas
993 1008 1087 1053 Edes-

204 1063 299 1107 [enus
313 1063 475 1105 Episcopus
486 1074 578 1097 caecus
591 1073 675 1098 erat.
702 1065 841 1097 Andreas
865 1066 936 1097 vero
959 1059 1088 1104 Samosa-

204 1123 298 1147 tenus
315 1123 380 1146 eum
401 1112 518 1157 accusat
533 1140 543 1155 ,
569 1117 648 1157 quod
666 1125 770 1148 contra
797 1115 950 1147 duodecim
977 1116 1091 1153 Capita

205 1161 382 1197 Theodora}
394 1162 545 1206 scripfiffet
567 1189 574 1196 .
602 1163 802 1198 Theodorus
823 1162 992 1197 manifeste
1010 1161 1091 1206 legit

206 1214 396 1257 praesentem
411 1214 604 1256 Epistolam.
631 1215 796 1258 Loquitur
804 1213 895 1247 enim
908 1224 950 1246 ex
965 1211 1014 1244 his
1025 1211 1093 1253 ejus

206 1262 334 1297 verbis:
360 1262 483 1306 Insuper
509 1265 607 1306 &qua
620 1265 675 1296 tllae
687 1287 698 1303 ,
724 1275 793 1305 quae
808 1260 996 1304 scripsimus.
1026 1261 1092 1302 Cy-

205 1312 415 1347 tiliianorum
441 1312 672 1357 Capitulorum
695 1311 850 1347 refutatio
868 1335 879 1352 ‚
902 1322 972 1354 qua:
989 1309 1093 1343 exstat

1866 249 1882 279 1
1900 249 1954 293 33

1153 317 1220 345 ricir
1246 312 1299 346 vel
1307 311 1649 345 Monacbisdnonnullis
1673 310 1844 356 objiciatur,
1870 320 1950 360 quod
1959 329 2023 351 cum

1151 361 1282 403 Ecclefiae
1303 367 1602 401 communicaverint,
1628 372 1692 394 cum
1713 367 1802 403 impio
1820 366 1950 405 Neston-0
1970 367 2023 401 bu.

1149 410 1249 453 cusque
1255 411 1390 455 sentiant
1403 438 1414 453 ,
1441 411 1489 445 bis
1499 418 1531 445 in
1541 410 1673 452 Ecclefiis
1681 412 1780 453 potius
1796 416 1952 450 audientia
1955 427 2025 459 pro-

1131 477 1134 497 ι
1145 469 1273 502 ponatur
1284 485 1295 501 ‚
1321 463 1445 504 &apud
1460 474 1534 503 vos,
1564 467 1614 504 qui
1625 463 1694 495 illas
1707 467 1807 505 regitis
1821 485 1831 500 ‚
1855 474 1950 497 eorum
1971 469 2025 499 D).

1149 511 1197 544 δῖα
1207 515 1342 546 accurate?
1352 519 1556 547 examinentur
1567 537 1574 543 .
1604 517 1691 545 Nam
1701 511 1859 553 verosimile
1868 512 1907 552 est
1916 525 1963 546 eos
1974 520 2025 556 qut

1149 563 1223 595 tales
1245 562 1379 606 accusare
1405 562 1507 596 volunt
1522 587 1533 603 ‚
1558 561 1640 605 quasi
1647 573 1728 594 nemo
1744 560 1890 605 sermones
1913 564 2027 596 illorum

1148 612 1309 646 admittere
1325 612 1469 655 sustineat
1480 637 1492 654 ‚
1517 614 1601 656 apud
1619 621 1721 646 extera
1733 612 1909 646 Tribunalia
1924 615 2029 657 tumulf

1146 667 1243 694 tua'ri.

1199 709 1410 745 Antiochena
1436 725 1473 747 ac
1497 714 1608 748 omnis
1637 713 1816 749 orientalis
1842 714 1985 748 Ecclesia
2011 713 2030 746 ὲ

1148 760 1242 794 Pauli
1257 762 1486 794 Samosatensis
1501 788 1511 802 ,
1538 765 1609 798 istic
1623 762 1812 799 Patriarchae
1826 789 1836 805 ,
1849 764 1938 807 lapsu
1950 773 2032 797 nun-

1147 820 1246 854 quam
1268 810 1331 844 fuit
1344 808 1440 852 plene
1461 810 1559 844 libera
1583 813 1623 846 ab
1636 814 1702 856 ejus
1723 815 1864 857 Judaicis
1876 812 2029 856 blasphe-

1148 859 1222 894 miis
1236 885 1243 892 .
1270 860 1364 893 Hinc
1391 860 1425 893 &
1451 858 1622 893 Nestorius
1642 865 1748 898 statim
1770 864 1838 898 illic
1862 865 1972 898 nasius
1985 862 2032 896 est

1150 911 1308 954 plurimos
1319 910 1515 944 Senatores.
1546 908 1607 944 Sed
1622 910 1655 943 &
1675 914 1744 953 post
1758 913 1954 957 Ephesinam
1975 913 2035 954 Sy-

1151 960 1295 1001 nodum,
1323 972 1361 994 ac
1386 960 1559 1003 praesertim
1587 958 1657 1002 post
1679 961 1793 995 fastam
1817 964 2036 998 Ecclefiarum

1151 1021 1261 1055 pacem
1272 1009 1404 1054 plurimi
1417 1009 1582 1043 redierunt
1592 1009 1632 1042 ad
1646 1008 1821 1043 Ecclesiam
1832 1034 1843 1049 ‚
1868 1024 1905 1046 ac
1918 1012 2037 1046 Nesto.

1153 1062 1237 1096 rium
1265 1060 1472 1104 abjurarunt.
1503 1058 1656 1102 Episcopi
1681 1059 1848 1092 &Clerici
1871 1062 2040 1096 suutrece-

1155 1113 1200 1156 pti
1213 1113 1247 1145 in
1261 1112 1325 1144 suis
1337 1108 1538 1145 honoribus.
1565 1108 1662 1155 Qin
1677 1108 1711 1142 &
1725 1108 1821 1143 multi
1842 1119 1898 1151 per
1908 1112 2041 1145 consue-

1152 1171 1204 1195 tos
1217 1160 1495 1195 reconciliationis
1508 1160 1588 1193 ritus
1609 1158 1713 1193 redire
1728 1159 1905 1193 noluerunt
1919 1171 1927 1190 :
1953 1159 2041 1206 Qa-

1154 1212 1176 1244 fi
1187 1210 1306 1246 stantes
1325 1223 1363 1245 ac
1374 1211 1568 1244 innocentes
1582 1209 1823 1253 permanserunt
1846 1209 1881 1243 in
1902 1210 1960 1243 suo
1973 1219 2045 1253 gra-

1137 1246 1140 1304 l
1156 1261 1199 1295 du
1214 1285 1225 1301 ,
1252 1262 1465 1304 protestantes
1478 1261 1508 1294 se
1522 1270 1690 1303 nunquam
1704 1259 1797 1295 fuisse
1810 1259 2044 1294 Nestorianos.

1137 1310 1140 1365 l
1160 1311 1202 1344 Et
1230 1311 1271 1344 de
1290 1307 1340 1343 his
1364 1309 1575 1345 Venerabilis
1602 1309 1796 1350 Maximus,
1823 1307 2046 1345 Antiochenae

205 1362 270 1396 :sub
280 1364 430 1397 omnium
442 1363 662 1399 Orientalium
677 1363 915 1406 Episcoporum
937 1360 1072 1394 nomine
1082 1384 1092 1400 ‚
1137 1367 1140 1401 ξ
1159 1360 1308 1395 Eeclefiae
1321 1370 1400 1394 tunc
1410 1360 1583 1395 Diaconus
1594 1361 1626 1394 δε
1639 1359 1926 1394 Archi-Mandrita
1936 1385 1947 1401 ‚
1962 1359 2050 1404 post-

206 1411 257 1446 est
279 1412 420 1446 omnino
442 1423 524 1455 opus
546 1413 779 1447 Samosatensis
800 1410 895 1453 hujus
920 1408 1060 1443 Andreae
1087 1433 1093 1440 .

209 1461 312 1496 Hanc
323 1461 402 1507 ergo
414 1462 482 1505 ipse
493 1463 636 1506 queritur
647 1461 746 1497 etiam
757 1461 850 1497 fuiffe
860 1461 1051 1496 damnatam
1063 1459 1097 1493 &

205 1510 521 1546 anathematizatam
533 1512 551 1545 a
567 1512 719 1546 Rabbula
733 1536 740 1543 .
767 1512 925 1545 Notanda
944 1511 1019 1544 sunt
1031 1521 1096 1543 ver-

209 1560 269 1595 ba:
300 1562 382 1605 ,ραι
389 1559 576 1604 scripsimus.
605 1561 735 1605 Nempe
762 1561 869 1605 &ego
893 1559 1099 1594 &Theodo-

208 1619 316 1646 retus.
344 1608 547 1646 Theodorus
557 1611 671 1645 Lector
683 1610 742 1645 has
762 1610 996 1654 Capitulorum
1018 1609 1098 1642 refu-

213 1662 360 1698 tationes
367 1661 509 1705 appellat
520 1661 674 1705 Capitula
685 1686 692 1693 .
722 1659 848 1695 Eadem
859 1659 900 1693 de
910 1671 944 1693 re
956 1660 997 1694 ad
1009 1659 1101 1702 quin·

216 1721 288 1747 tam
298 1711 471 1755 Synodum
483 1711 571 1746 dixit
593 1711 764 1756 Benignus
773 1734 783 1752 ,
810 1709 976 1744 Heracleae
995 1709 1029 1743 in
1042 1707 1102 1742 Pe-

215 1762 353 1807 lagonia
365 1761 564 1805 Episcopus,
591 1773 629 1796 ac
642 1762 721 1795 Eliae
728 1760 1029 1795 Thessalonicensis
1041 1757 1101 1792 Ar-

212 1810 444 1855 chi-Episcopi
457 1811 622 1853 vicarius,
631 1811 804 1847 ostendens
815 1809 1102 1847 consuetudinem,

214 1872 290 1906 quat
301 1862 484 1895 Haereticos
494 1862 596 1895 etiam
618 1860 688 1902 post
700 1870 838 1894 mortem
859 1860 992 1892 damnat
1003 1883 1014 1897 ‚
1041 1859 1103 1891 effe

218 1910 475 1954 antiquissimam
489 1933 500 1950 ‚
524 1911 559 1944 ἀ
582 1909 799 1954 subjungens:
828 1913 913 1941 Hanc
933 1905 1104 1948 Ecclefiasti-

220 1971 289 1994 cam
309 1961 500 1993 traditionem
523 1958 683 1999 custodiens
724 1960 758 1992 (θ’
779 1957 967 1991 Rbambulas
987 1956 1105 1990 Sanllae

220 2015 369 2043 memoriae
379 2007 542 2051 Episcopus
547 2008 653 2049 fadus
665 2009 820 2050 Edeffenae
830 2012 984 2048 civitatis,
1012 2012 1061 2048 qul
1074 2010 1106 2038 in

219 2058 430 2094 Sacerdotibus
442 2056 629 2101 exsplenduit
641 2083 652 2099 ,
677 2057 856 2091 Theodorum
868 2056 953 2095 istum
974 2053 1105 2097 Mopsue-

216 2109 333 2151 stenum
343 2115 434 2141 ettam
441 2107 637 2150 postmortem
661 2113 695 2139 in
726 2104 850 2146 Ecclesia
872 2103 1108 2138 anathematiza-

218 2163 271 2194 vit
279 2166 400 2200 propter
421 2162 513 2201 impla
522 2160 587 2199 eJ‘us
603 2155 778 2200 conscripta
792 2180 803 2196 ,
825 2154 898 2197 ficut
915 2153 1108 2194 testimonium

218 2209 337 2252 prabet
350 2213 441 2241 etiam
453 2208 587 2248 Epistola
599 2231 610 2247 ,
636 2218 703 2249 quae
714 2205 753 2239 ab
773 2206 829 2239 Iba
844 2206 887 2237 ad
901 2208 1014 2238 Marim
1040 2208 1107 2237 Hae-

222 2264 346 2293 reticum
367 2255 490 2299 Persam
495 2255 610 2299 scripta
621 2256 672 2298 effe
683 2256 803 2289 dicitur.

274 2306 459 2346 Rationes,
485 2317 556 2349 quae
578 2305 770 2340 Rabbulam
792 2313 1047 2349 permoverunt,
1073 2303 1106 2337 il·

222 2356 335 2391 lustrat
357 2357 390 2389 in
407 2356 522 2390 litteris
542 2355 581 2390 ad
597 2356 760 2399 Ioannem
774 2355 963 2390 Antiochiae
974 2355 1109 2389 Patriar—

223 2406 322 2441 cham
335 2407 470 2439 Sanctus
480 2405 643 2447 Cyrillus:
670 2410 815 2446 Optamus
828 2415 860 2437 ut
871 2416 970 2438 omnes
983 2416 1031 2438 res
1040 2403 1111 2446 suas

224 2461 319 2498 agant
354 2477 366 2493 ,
392 2464 485 2494 neque
512 2453 615 2485 turbas
637 2452 771 2494 Ecclefiis
795 2459 922 2485 excitent
942 2475 952 2492 ,
972 2454 1043 2492 jam
1058 2459 1112 2492 per

225 2502 335 2543 christi
338 2508 474 2547 gratiam
487 2526 497 2543 ‚
523 2503 557 2535 cb·
570 2502 727 2535 Doc‘lorum
737 2501 843 2544 ubique
864 2510 1014 2535 terrarum
1036 2506 1109 2545 vigi-

224 2556 351 2588 lantiam
359 2550 484 2595 sedatas
495 2575 502 2582 .
531 2555 682 2584 Caeterum
692 2556 746 2593 qul
756 2562 818 2584 cum
832 2556 867 2584 N
869 2552 966 2591 estorio
976 2553 1034 2593 aliq
1041 2562 1112 2583 uan-

224 2605 263 2636 do
268 2600 422 2645 senserunt
433 2625 444 2641 ,
476 2610 552 2634 nunc
563 2603 635 2634 vero
646 2612 684 2634 ex
695 2606 795 2633 animo
804 2599 994 2642 resipiscentes
1020 2604 1041 2634 ὰ
1062 2612 1114 2633 nu·

223 2660 275 2698 gis
285 2652 368 2684 illius
384 2649 535 2693 discedunt
558 2674 569 2690 ‚
594 2659 742 2693 tantaque
764 2651 918 2683 voluntate
940 2649 1052 2683 rec‘lam
1079 2652 1112 2684 ἐν

223 2709 374 2745 integram
393 2701 486 2743 fidem
497 2700 821 2743 compleaiproponum
834 2724 845 2741 ‚
870 2711 916 2733 eos
934 2700 1055 2741 placide
1064 2697 1113 2742 su·

223 2751 335 2796 scipere
357 2757 464 2792 oportet
495 2776 506 2791 ,
532 2761 584 2784 nec
604 2751 718 2784 illorum
741 2755 873 2793 cuiquam
892 2754 1112 2791 praeteritorum

227 2802 316 2843 culpa
329 2806 491 2834 convitium
500 2798 602 2840 facere
613 2825 620 2832 .
646 2802 726 2834 Illud
735 2809 838 2834 tamen
849 2811 904 2833 vos
916 2824 927 2840 ,
960 2809 1112 2842 tamquam

222 2851 343 2894 fratres
357 2875 367 2890 ,
393 2849 599 2893 &Magisterit
617 2848 708 2892 soem
721 2874 732 2891 ,
757 2848 937 2894 obsecramus
955 2873 965 2891 ,
990 2858 1023 2883 ut
1045 2850 1113 2885 Cle·

227 2906 300 2936 ricis
312 2900 419 2941 vestm
429 2904 616 2942 praecipiatis
629 2924 639 2940 ‚
665 2911 701 2934 ne
710 2901 771 2933 alia
783 2902 942 2943 loquantur
952 2924 963 2940 ,
985 2897 1113 2942 praeser·

227 2956 285 2985 tim
297 2956 328 2984 in
342 2949 473 2991 Ecclefiis
487 2974 497 2989 ,
520 2958 635 2991 praeter
645 2961 681 2983 ea
695 2974 705 2990 ,
730 2962 796 2993 quae
809 2962 884 2984 vera
911 2962 946 2983 ac
963 2949 1090 2992 probata
1102 2973 1113 2990 ‚

226 3002 265 3035 Θ
277 2998 386 3042 ὀιηὶῙὲ
401 2999 508 3033 habere
514 3001 656 3041 judicata
664 2998 740 3043 sunt
751 3025 763 3040 ‚
784 3000 948 3045 sedpottur
969 3009 1005 3033 ut
1024 3000 1112 3033 reblae

227 3049 505 3092 fideiconfeffionem
514 3047 697 3092 sequantur:
726 3053 861 3085 Maxime*
885 3052 956 3084 vero
969 3062 1006 3084 ne
1020 3049 1115 3092 facile

229 3100 275 3133 ad
290 3096 437 3141 sermones
460 3101 497 3132 de
517 3097 657 3142 eiusmodi
677 3100 765 3134 rebus
783 3100 937 3144 prosiliant
950 3126 957 3132 .
987 3102 1079 3144 ,Quod
1092 3098 1118 3140 li

232 3161 295 3193 qua
308 3149 451 3188 neceffltat
459 3155 578 3192 coegerit
593 3173 604 3189 ‚
628 3152 659 3184 eo
670 3152 753 3194 quod
761 3153 853 3194 aliqui
875 3157 909 3184 in
919 3150 1057 3192 Myflerits
1077 3149 1113 3192 fi-

230 3201 282 3234 dei
297 3198 356 3241 sint
379 3198 570 3238 instituendi,
598 3201 676 3234 nullo
702 3203 785 3235 modo
797 3203 833 3235 de
840 3201 902 3244 fide
909 3199 1072 3245 sermonem
1094 3202 1114 3232 ἃ

231 3249 412 3284 reatitudine
429 3246 501 3289 fidet
523 3248 670 3289 defledlere
685 3250 807 3292 finant.
834 3254 920 3295 ,Quia
930 3254 1002 3285 vero
1015 3261 1113 3284 omnes

232 3299 389 3333 turbarum
413 3297 567 3339 occafiones
574 3306 629 3340 per
655 3301 829 3334 Sanffltatts
851 3301 955 3341 vestrae
976 3303 1112 3344 vigilan-

235 3354 314 3383 tiam
331 3345 402 3390 sunt
415 3349 617 3389 praecidendae
631 3372 641 3388 ,
663 3358 821 3392 propterea
843 3363 911 3394 quae
926 3358 959 3385 in
978 3362 1041 3385 rem
1045 3353 1114 3393 fhre

232 3397 421 3445 ¹censebamus
435 3421 445 3438 ‚
472 3397 775 3443 baecperscripfimus.
803 3400 951 3445 siquibus
970 3403 1036 3446 ergo
1047 3401 1113 3436 Cle·

334 3446 438 3490 cbraest.
454 3452 534 3493 Lupi
546 3454 646 3494 Opera
659 3453 693 3483 T.
702 3452 768 3485 Vn.

1160 1409 1259 1443 modo
1271 1408 1455 1445 Patriarcha
1467 1435 1479 1451 ‚
1505 1411 1658 1445 Sanstum
1683 1411 1848 1454 Cyrillum
1862 1410 2049 1445 consuluit.

1140 1448 1142 1468 ⁸
1161 1459 1321 1494 Censebat
1351 1461 1422 1504 ipsis
1442 1462 1508 1496 sine
1520 1462 1672 1496 consueta
1686 1462 1884 1505 poenitentiae
1896 1460 2049 1495 Paratura

1162 1522 1230 1544 non
1254 1512 1568 1546 communicandum
1582 1536 1589 1543 .
1617 1511 1665 1545 At
1687 1512 1821 1545 Sanssus
1835 1510 1982 1554 Cyrillus
2008 1521 2051 1544 ex

1161 1559 1396 1604 dispensatorio
1425 1562 1512 1605 pacis
1534 1572 1646 1595 amore
1671 1562 1796 1595 censuit
1834 1561 2021 1604 oppositum
2043 1583 2050 1590 .

1145 1645 1147 1653 ¹
1162 1610 1297 1644 Interim
1312 1611 1450 1645 istorum
1461 1611 1569 1654 plures
1581 1610 1641 1644 soli
1652 1610 1799 1644 Nestorii
1812 1611 1952 1652 personae
1967 1609 2054 1641 vale-

1163 1660 1314 1694 dixerunt
1326 1685 1336 1701 ,
1364 1672 1432 1694 non
1444 1660 1513 1702 ejus
1524 1659 1700 1694 erroribus.
1727 1660 1822 1706 Qin
1833 1660 1866 1692 &
1878 1657 1918 1692 ab
1930 1657 2004 1702 ipsis
2016 1658 2053 1691 in

1165 1709 1365 1744 solemnibus
1385 1708 1425 1743 ad
1448 1709 1614 1753 Populum
1627 1709 1837 1743 Traftatibus
1862 1719 1929 1743 non
1953 1707 2051 1742 absti-

1164 1769 1307 1794 nuerunt
1321 1784 1328 1791 .
1357 1760 1401 1793 Et
1420 1758 1540 1794 horum
1564 1760 1696 1804 plenam
1718 1759 1955 1793 correstionem
1975 1758 2055 1792 San-

1166 1812 1234 1844 &us
1257 1809 1405 1850 Cyrillus
1427 1809 1566 1843 advertit
1586 1809 1774 1843 difficilem.
1802 1810 1897 1842 Hinc
1918 1807 2055 1842 Patriar-

1167 1858 1236 1893 chae
1247 1858 1492 1900 Joannisuaffl,
1521 1859 1642 1901 utipsis
1663 1858 1791 1892 nullum
1804 1859 1845 1892 de
1863 1858 1951 1892 hisce
1975 1868 2056 1900 quae·

1168 1905 1331 1942 stionibus
1340 1907 1536 1941 Tractatum
1561 1918 1617 1941 aut
1631 1908 1811 1942 sermonem
1832 1908 2054 1951 permitteret:

1169 1958 1317 2000 Excepta
1328 1966 1438 1990 tamen
1451 1954 1651 1991 Catechismi
1678 1967 1733 1990 aut
1744 1957 1854 1992 similis
1877 1957 2058 1990 instrustio-

1171 2007 1221 2040 nis
1246 2006 1434 2040 necessitate
1460 2030 1467 2037 .
1506 2006 1586 2039 Erat
1613 2006 1847 2048 dispensatoria
1874 2004 2058 2040 medicina.

1169 2054 1295 2089 Verum
1322 2055 1433 2097 &ipsa
1448 2065 1515 2087 non
1531 2054 1625 2098 plene
1636 2056 1780 2099 profuit.
1811 2055 1904 2090 Hinc
1917 2055 1957 2090 ad
1968 2056 2058 2090 istius

1171 2104 1274 2138 saeculi
1297 2115 1422 2138 annum
1452 2105 1650 2149 trigesimum
1692 2105 1845 2149 quintum
1881 2106 2060 2150 Imperator

1169 2153 1381 2189 Theodosius
1391 2180 1401 2196 ‚
1427 2165 1587 2197 exoptans
1611 2155 1763 2190 Ecclesiis
1778 2156 1908 2199 plenam
1922 2167 2035 2200 pacem
2048 2181 2060 2198 ,

1171 2215 1287 2239 omnes
1302 2205 1446 2238 Nestorii
1460 2204 1560 2238 libros
1572 2204 1761 2249 rigidiffima
1773 2206 1845 2250 lege
1869 2206 2036 2250 prohibuit
2050 2232 2061 2248 ‚

1172 2254 1385 2288 &damnavit
1407 2253 1447 2289 ad
1461 2253 1555 2299 ignes
1569 2277 1576 2285 .
1606 2255 1650 2288 Et
1665 2255 1895 2288 Nestorianum
1917 2267 2060 2292 errorem

1173 2304 1234 2338 effe
1246 2303 1333 2347 juffit
1344 2303 1466 2337 crimen
1481 2305 1557 2338 laesae
1568 2329 1579 2344 ,
1593 2316 1660 2339 non
1675 2305 1776 2339 solius
1787 2305 1917 2340 Divinae
1929 2330 1940 2346 ‚
1952 2304 2005 2340 sed
2025 2306 2060 2339 ὃς

1175 2354 1323 2387 humanae
1340 2353 1540 2397 Maiestatis.
1570 2355 1613 2388 Et
1634 2364 1713 2389 tunc
1736 2355 1895 2390 damnatae
1917 2355 2061 2400 blasphe-

1176 2404 1248 2436 miae
1261 2404 1383 2436 Osores
1396 2414 1563 2445 coeperunt
1575 2405 1662 2438 illius
1676 2406 1853 2440 Senatores
1879 2418 1946 2440 non
1967 2406 2061 2440 dum·

1175 2461 1263 2485 taxat
1285 2449 1371 2494 apud
1394 2453 1486 2484 suum
1509 2452 1752 2495 Patriarcham‚
1780 2466 1835 2488 aut
1851 2456 2059 2497 Episcopales

1175 2500 1327 2544 synodos
1348 2502 1513 2542 accusare,
1542 2502 1704 2537 sedetiam
1716 2502 1801 2546 apud
1817 2505 1917 2538 Laica
1935 2504 2061 2538 Tribu-

1176 2552 1277 2585 nalia:
1311 2550 1445 2593 Utpote
1467 2551 1591 2585 crimen
1615 2553 1711 2586 mixti
1736 2553 1822 2587 fori.
1849 2554 2061 2601 Qandoque

1174 2612 1215 2635 ex
1243 2601 1300 2644 pio
1322 2601 1417 2639 zelo,
1445 2600 1643 2644 quandoque
1666 2612 1706 2634 ex
1728 2602 1854 2637 invidia
1881 2614 1936 2637 aut
1957 2604 2057 2639 odio.

1174 2650 1266 2684 Hinc
1291 2649 1393 2683 dolosi
1416 2649 1571 2684 haereseos
1590 2651 1760 2686 dilectores
1774 2654 1846 2686 sunt
1857 2655 1999 2688 conversi
2019 2655 2062 2688 ad

1173 2699 1262 2734 aliud
1282 2699 1474 2734 consilium.
1504 2700 1728 2736 Decreverunt
1755 2702 1882 2746 penitus
1893 2712 1999 2738 tacere
2020 2704 2062 2738 de

1175 2750 1332 2785 Nestorio
1353 2775 1360 2782 .
1389 2750 1469 2797 Qo
1493 2760 1604 2785 tamen
1628 2751 1825 2796 persisterent
1840 2753 1873 2787 in
1899 2753 1961 2786 suis
1973 2754 2064 2788 senfi-

1174 2800 1257 2840 bus,
1283 2800 1317 2834 &
1343 2810 1410 2834 tam
1426 2800 1683 2843 Ecclesiasticam
1697 2826 1707 2843 ,
1736 2814 1835 2847 quam
1857 2803 2061 2846 Imperialem

1174 2851 1340 2885 censuram
1357 2861 1394 2885 ac
1405 2862 1538 2885 manum
1551 2850 1723 2887 evaderent
1738 2878 1748 2893 ,
1776 2852 1948 2886 Theodori
1963 2853 2060 2897 Mop-

1176 2900 1353 2935 suestienfis
1365 2912 1464 2945 nuper
1479 2902 1654 2945 Ερὶἰὲορί,
1683 2903 1738 2946 qui
1751 2903 1861 2938 eadem
1875 2902 1998 2945 sapiens
2022 2914 2060 2938 ac

1175 2950 1299 2985 docens
1310 2951 1465 2986 Nestorio
1478 2952 1636 2997 Magister
1649 2952 1754 2987 fuerat
1766 2977 1777 2993 ‚
1804 2952 1904 2987 libros
1923 2953 2057 2987 transtu·

1177 3001 1282 3035 lerunt
1306 3000 1341 3035 in
1365 3002 1468 3036 varias
1487 3002 1634 3047 linguaS,
1661 3013 1698 3035 ac
1712 3013 1766 3045 per
1794 3001 1866 3036 istas
1879 3011 1991 3047 gentes
2001 3002 2062 3037 dis·

1176 3052 1358 3095 perferunt.
1388 3052 1623 3087 Clamaverunt
1645 3050 1703 3085 fibi
1718 3051 1801 3085 nihil
1820 3053 1880 3086 effe
1897 3063 1973 3087 cum
1995 3053 2062 3087 Ne-

1176 3101 1298 3143 storio,
1325 3101 1379 3136 sed
1394 3103 1426 3136 se
1438 3102 1523 3146 sequi
1537 3102 1691 3146 dogmata
1706 3100 1905 3142 Theodori,
1931 3102 1992 3137 viri
2009 3113 2061 3146 pa-

1174 3152 1218 3185 ris
1243 3153 1278 3186 &
1298 3152 1431 3196 aequalis
1445 3153 1574 3196 Magno
1589 3150 1792 3194 Athanasio,
1820 3152 1953 3198 Magno
1976 3152 2061 3187 Basi-

1175 3201 1245 3242 lio,
1273 3202 1437 3247 Gregorio
1459 3202 1695 3241 Nazianzeno,
1723 3202 1756 3235 &
1779 3202 1962 3237 istiusmodi
1985 3202 2060 3237 aliis

1176 3251 1325 3286 Ecclesiae
1337 3251 1537 3296 Gigantibus
1551 3277 1558 3284 .
1591 3251 1634 3286 Et
1646 3252 1828 3294 petulantia
1848 3253 1883 3286 in
1906 3252 1975 3287 dies
1997 3263 2061 3286 cre-

1175 3303 1241 3336 vit.
1269 3301 1363 3336 Hinc
1384 3302 1485 3346 igitur
1515 3301 1708 3344 Rabbulas,
1733 3304 1822 3336 suam
1850 3301 2059 3337 Provinciam

1177 3353 1375 3392 servaturus,
1402 3350 1688 3387 anathematizavit
1710 3350 1883 3387 Theodori
1906 3363 1973 3386 non
2006 3351 2059 3384 so-

1177 3401 1348 3438 lummodo
1371 3401 1547 3448 dogmata,
1574 3401 1626 3439 sed
1647 3403 1881 3446 &personanh
1909 3399 2059 3482 anoda-

1673 3452 1713 3485 M
1949 3449 2008 3483 iter
