2320 3730
338 166 447 212 ‘124
647 182 657 195 ,
690 152 1037 197 vamonuivr
1069 150 1323 195 PATRUM
1356 149 1720 211 Epis‘rotief

268 240 382 286 gorius
403 237 651 273 Nazianzenus.
681 236 894 283 Nicephorus
906 239 1059 275 Calixtus
1079 237 1162 271 affir-
1222 248 1283 271 reae
1307 237 1508 284 Episcopum
1525 243 1776 289 testaturipsum
1792 242 1888 283 fuiss'e
1897 241 2112 282 Macedonia-

266 300 336 325 mat
386 290 480 323 fuisse
517 290 670 323 Sanctum
708 290 908 335 Gregoriurn
952 289 1158 329 Nyffenum-
1222 299 1323 322 num.
1354 288 1423 322 Hic
1442 292 1546 334 igitur
1568 296 1663 336 poffit
1685 296 1722 330 δε
1739 296 1837 332 istum
1857 295 2113 334 erroreminstil·

265 339 413 374 Proinde
445 338 701 375 Antiochenum
726 365 738 381 ,
780 338 1130 382 Hierosolymitanum
1148 360 1160 378 ,
1221 338 1298 373 lasse
1321 338 1530 381 Theodoro,
1556 341 1700 387 itemque
1721 357 1777 388 per
1799 347 1896 383 dolos
1917 349 1952 384 &
1974 345 2112 383 technas

264 387 534 434 Epiphanianum
561 416 571 432 ‚
599 391 1015 434 Constantinopolitanum
1041 411 1052 427 ,
1081 387 1161 420 alia·
1220 389 1632 435 Constantinopolitanam
1655 393 1830 437 Synodum
1846 399 1888 433 ad
1910 398 2043 432 istarum
2056 409 2112 433 vo·

260 451 326 485 que
348 444 462 475 omnia
482 439 671 484 hujusmodi
695 440 854 483 Symbola
880 451 947 473 non
971 439 1045 471 sunt
1067 436 1156 471 aliud
1218 452 1294 474 cum
1316 442 1615 485 praetermiffionem
1637 443 1931 490 circumscripfiffe.
1959 449 2034 484 Nec
2045 448 2111 484 fuit

260 501 361 534 quam
382 491 490 535 ipsum
513 492 711 526 Nicaenum.
741 493 774 525 A
799 488 975 525 substantia
999 487 1156 523 &radice
1217 490 1370 527 difficile.
1400 493 1515 541 Qam
1537 495 1628 529 enim
1655 495 1858 530 miserabiles
1880 497 2034 543 Episcopi
2056 498 2111 534 ad-

259 540 438 576 Nicaenum
464 566 477 583 ‚
513 543 533 576 a
557 541 654 575 variis
687 540 921 585 supplementis
946 538 1156 583 appellantur
1216 542 1341 577 fuerint
1365 543 1419 578 isti
1445 545 1585 588 Synodo
1613 570 1624 586 ‚
1659 556 1722 580 nos
1749 546 1849 583 docet
1875 547 2111 586 Nazianzenus

257 590 537 631 Antiochenam,
563 603 621 627 aut
643 592 707 626 tale
729 593 764 625 <Sc
788 590 872 624 tale.
1216 592 1414 639 Gregorius.
1443 594 1500 629 Est
1512 606 1560 633 tes
1583 595 1705 631 incerta
1719 620 1728 630 .

285 640 579 686 JEpiphanianum
599 642 796 686 Symbolum
818 638 860 672 de
880 638 1001 683 Spiritu
1030 640 1148 676 Sanstu

253 685 324 727 hac
336 693 508 735 profitetur
523 693 609 727 inter
621 701 729 726 caetera
743 702 750 721 :
776 691 804 721 A
816 692 910 724 Patre
917 692 1124 732 procedentem
1135 716 1147 733 ,

253 747 446 785 accipientem
467 744 490 774 ἃ
509 744 591 774 Filio
611 765 618 772 .
647 740 727 774 Hoc
753 739 887 774 forfitan
910 738 1013 775 'novit
1034 741 1149 776 Caroli

251 792 376 836 Magni
395 791 606 834 Imperatoris
628 789 671 824 ad
682 789 830 832 Leonem
856 791 989 826 tertium
1003 791 1148 827 Pontifi-

250 853 325 875 cem
347 841 488 886 Legatio
503 864 514 880 ,
541 839 686 885 ideoque
707 839 752 875 ab·
768 840 838 884 ipso
862 841 1062 885 postulavit,
1089 854 1147 877 cur

249 889 630 933 Constantinopolitana
649 891 821 933 synodus
848 902 916 925 non
943 891 1076 927 dixiflet
1102 893 1144 928 de

247 939 368 984 Spiritu
393 938 538 974 Sansto:
563 943 629 984 ,Qui
649 952 688 975 ex
714 944 807 975 Patre
827 944 961 985 Filioque
976 942 1113 985 p'rocedn
1128 945 1145 980 ἕ

245 990 316 1024 Cur
331 1001 373 1024 ex
388 988 626 1033 Epiphaniam
638 991 805 1034 symbolo
816 994 1022 1036 expunxisset
1035 994 1143 1028 lauda-

1441 911 1708 961 CAPUT
1757 917 1856 965 XL.
1937 918 2103 966 ..-128

243 1048 294 1074 tas
331 1038 544 1084 particulas?
581 1041 626 1075 Et
648 1041 812 1079 »Pontifex
839 1043 904 1078 hoc
931 1044 1142 1079 solummodo

241 1090 431 1135 respondit:
458 1091 540 1124 Sicut
561 1097 620 1125 n'on
640 1093 731 1126 audeo
752 1094 850 1128 dicere
868 1105 927 1127 non
938 1095 1118 1137 bene‘feaffe
1129 1119 1140 1135 ,

233 1139 422 1186 fifeclffent,
448 1140 604 1176 videlicet
629 1142 1013 1187 Constantinopolitanae
1033 1146 1139 1185 Syno-

240 1190 276 1224 di
297 1191 495 1232 Antistites,
520 1196 593 1234 quia
613 1193 714 1233 procul
723 1193 811 1226 dublo
823 1192 899 1234 ficut
910 1202 1043 1235 mter-a,
1069 1206 1138 1237 quae

241 1242 295 1274 vel
317 1239 478 1284 omiserunt
493 1266 505 1282 ,
527 1240 656 1285 scientes
676 1248 797 1286 utique,
825 1244 927 1277 &non
949 1253 1015 1278 tam
1037 1243 1138 1277 huma-

238 1300 282 1325 na
310 1315 322 1332 ,
348 1303 440 1334 quam
464 1294 586 1326 Divina
605 1293 772 1327 illuminate
795 1292 950 1336 sapientia
972 1294 1131 1335 fecerunt,

237 1347 285 1377 eta
305 1352 416 1385 quoque
435 1354 494 1376 non
517 1344 613 1376 audeo
633 1345 729 1377 dicere
752 1343 833 1383 istud
847 1355 895 1377 eos
922 1345 1006 1378 nobis·
1031 1347 1133 1378 mimis

206 1434 211 1437 ¹
237 1392 412 1436 intellexisse
435 1419 443 1427 .
471 1394 661 1436 Perpendiffi’
686 1405 740 1428 cur
766 1392 944 1437 dimiserunt
967 1419 979 1434 ‚
1007 1397 1061 1428 vel
1084 1406 1135 1428 cur

236 1442 387 1484 dimissum
407 1468 419 1483 ‚
446 1454 482 1476 ne
507 1446 589 1477 ultra
615 1450 784 1479 mitteretur
810 1470 821 1485 ,
840 1444 915 1486 ficut
941 1446 976 1478 Θ
1002 1453 1133 1485 caetera,

231 1490 410 1532 prohibuere
437 1516 445 1524 .
473 1493 636 1526 Notanda
663 1495 740 1528 sunt
777 1494 874 1528 verba
902 1507 909 1526 :
939 1493 1132 1537 emiserunt,

234 1539 415 1583 dimiserunt
432 1566 443 1582 ,
471 1542 619 1586 dimissum
640 1566 653 1583 ,
682 1555 718 1577 ne
736 1545 818 1577 ultra
836 1549 1006 1578 mitteretur
1029 1569 1040 1586 ,
1060 1545 1133 1587 sicut

231 1594 271 1623 ὁ·
281 1601 391 1624 caetera
403 1615 413 1631 ,
436 1591 617 1633 prohibuere
626 1617 634 1624 .
666 1593 782 1628 Palam
794 1595 958 1629 affirmant
971 1595 1131 1629 Constan-

233 1640 497 1683 tinopolitanum
510 1641 711 1685 Symbolum
736 1656 776 1678 ex
788 1645 856 1678 alio
876 1645 1026 1689 longiori
1038 1645 1131 1680 fuiss'e

227 1693 413 1726 ‘extractum
435 1692 687 1727 &contractum
699 1705 755 1736 per
769 1694 934 1729 variorum
948 1696 1132 1739 praetermis-

231 1741 378 1775 fionem.
404 1740 510 1776 Porro
533 1743 701 1777 laudatum
722 1743 947 1788 Epiphaniani
976 1746 1130 1788 Symboli

233 1789 502 1828 additamentum
524 1792 679 1827 altiffime
698 1794 821 1829 clamat
832 1796 990 1838 antiquos
1003 1796 1132 1830 Graeco-

231 1852 305 1876 rum
328 1841 441 1876 Patres
456 1843 498 1876 de
523 1843 663 1885 Spiritus
685 1843 793 1878 Sanni
813 1856 855 1877 ex
874 1843 974 1879 Patre
995 1846 1029 1879 &
1043 1846 1132 1880 Filio

232 1891 437 1934 proeeffione
460 1903 528 1926 non
555 1892 720 1927 dubitasse
745 1906 752 1928 ε
792 1892 902 1930 Fuisse
929 1895 1016 1938 apud
1044 1896 1132 1939 ipsos

231 1940 440 1977 immobilem
460 1942 536 1976 fidei
549 1943 746 1977 articulum.
777 1944 866 1978 Nam
893 1945 1045 1988 &ipsum
1059 1946 1130 1979 Ma-

230 2001 317 2037 gnus
339 1989 537 2025 Athanasius
559 1993 698 2026 inseruit
723 1994 780 2026 suo
796 1983 961 2036 Symbolo
976 2019 983 2026 .
1012 1994 1129 2029 Exem-

230 2041 333 2087 plaria
361 2041 431 2084 ipso
462 2041 608 2076 carentia
631 2044 706 2077 sunt
727 2043 842 2077 vitiata
868 2053 923 2086 per
943 2043 1130 2078 Schismati-

232 2103 291 2131 cos
305 2118 312 2126 .

235 2164 238 2169 .
280 2143 412 2179 Primus
423 2143 540 2178 erroris
552 2143 657 2178 fonsa
674 2142 868 2188 quibusdam
890 2152 1021 2188 putatur
1035 2144 1130 2181 fuiffe

228 2193 468 2229 Theodoretus
500 2194 658 2236 Cyrenfis
693 2195 877 2238 Episcopus
903 2219 910 2227 .
939 2195 988 2229 At
1022 2194 1128 2229 male.

228 2245 310 2280 Fuit
322 2243 502 2278 sceleratus
511 2241 718 2278 Theodorus
736 2243 1007 2289 Mopsuestienfis
1020 2245 1130 2279 Eccle-

229 2295 277 2329 fiae
291 2295 327 2328 in
352 2293 491 2338 secunda
503 2294 624 2328 Cilicia
643 2294 826 2339 Episcopus
841 2320 848 2327 .
876 2294 970 2329 Patet
981 2308 1023 2329 ex
1035 2295 1128 2329 scele-

229 2357 301 2380 rato
313 2344 381 2388 ejus
402 2344 588 2388 symbolo,
614 2344 773 2379 damnato
786 2344 1051 2390 perEphesinam
1073 2346 1130 2389 Sy-

228 2391 359 2430 nodum
381 2419 389 2427 .
416 2396 502 2429 Item
524 2407 565 2430 ex
578 2395 767 2438 SymboHs,
795 2398 849 2430 seu
880 2396 1130 2437 professionibus

229 2443 456 2479 Haerefiarchae
467 2443 619 2488 Pelagii,
648 2445 801 2484 celestii,
830 2444 1128 2488 JulianiEclanen-

229 2496 268 2530 fis
282 2495 460 2540 Episcopi,
485 2494 893 2530 acistiusmodialiorurn.
923 2495 1129 2538 Hinamque

229 2557 349 2580 omnes
371 2554 536 2579 venenum
562 2544 716 2580 biberunt
747 2557 790 2578 ex
810 2556 868 2578 ore
904 2555 961 2578 aut
991 2545 1129 2589 Scriptis

230 2594 428 2631 Theodori.
456 2595 552 2629 Hinc
576 2595 709 2637 quaestio
733 2595 778 2628 est
802 2618 812 2633 ‚
839 2593 1013 2637 quomodo
1037 2596 1128 2630 Con-

230 2644 530 2688 stantinopolitana
551 2644 730 2685 synodus,
757 2645 812 2678 cui
826 2643 1053 2684 Theodorus,
1079 2656 1126 2679 ut-

223 2694 312 2742 ³potr!
322 2704 404 2728 tunc
417 2693 557 2727 necdum
571 2693 763 2738 Episcopus,
786 2706 854 2729 non
868 2694 994 2735 adfuit,
1005 2703 1125 2738 ptaeter-

197 2745 357 2781 &miserit
391 2744 466 2778 istas
494 2743 726 2779 Sacratiffirnas
754 2756 852 2779 voces
878 2747 890 2779 ?
924 2745 1124 2786 Praesertim,

233 2793 408 2840 quomodo
430 2794 465 2829 id
484 2793 621 2829 fecerint
643 2794 879 2830 Nazianzenus
889 2806 944 2830 aut
958 2797 1126 2839 Nyffenus

233 2845 418 2891 Gregorius
432 2867 443 2884 ,
468 2854 552 2886 quos
562 2855 688 2880 certum
699 2844 744 2880 est
756 2845 797 2880 de
809 2845 871 2880 isto
891 2846 1030 2881 articulo
1042 2848 1124 2881 tedia

233 2897 372 2940 sapuiffe
384 2896 400 2928 ?
414 2894 616 2938 Respondeo
630 2907 699 2930 non
712 2896 862 2930 constare
875 2920 886 2936 ,
907 2892 997 2939 quod
1009 2896 1125 2931 Theo·

233 2947 333 2981 dorus
355 2957 425 2980 non
448 2945 589 2980 adfuerit
604 2972 616 2994 ζ
639 2945 735 2981 Licet
768 2958 837 2980 non
859 2955 896 2980 ut
920 2947 1100 2991 Episcopus
1114 2972 1124 2989 ,

235 2997 332 3040 poffit
351 3007 428 3031 cum
451 2997 510 3030 suo
523 2996 688 3042 Magistro
698 3009 737 3032 ac
760 2996 937 3031 Tharsensi
949 2997 1123 3041 Metropo-

234 3046 293 3081 lita
309 3047 467 3082 Diodoro
489 3046 625 3081 adfuiffe
637 3072 644 3079 .
672 3048 761 3082 Nam
782 3048 960 3082 &Sanetus
974 3046 1119 3082 Athana-

234 3096 294 3129 ssus
315 3098 477 3139 Nicaenae,
506 3097 579 3132 Ibas
603 3095 794 3142 Ephesinae,
820 3098 876 3132 alii
898 3099 987 3132 docti
999 3098 1122 3132 Clerici

234 3156 311 3179 cum
335 3147 399 3182 suis
422 3148 593 3192 Episcopis
617 3149 794 3183 adfuerunt
804 3149 877 3183 aliis
888 3148 1050 3192 Synodis.
1079 3149 1123 3182 Et

235 3200 307 3229 non
327 3196 394 3229 fine
415 3208 530 3240 opere.
560 3198 697 3234 Interim
721 3201 826 3235 adfuit
837 3200 982 3243 praefatus
994 3196 1124 3233 Diodo-

235 3255 308 3284 rus,
338 3245 357 3278 a
378 3256 445 3288 quo
469 3247 673 3283 Theodorus
694 3251 781 3285 suxit
791 3261 907 3285 omnes
918 3251 988 3284 suas
1005 3259 1122 3284 contra

235 3294 453 3329 Domi-nicam
465 3296 729 3334 lncarnationern
741 3300 972 3346 blasphemias.
992 3300 1034 3333 Et
1046 3299 1122 3333 San-

236 3346 306 3381 stus
329 3344 478 3390 Cyrillus
496 3345 532 3380 in
552 3348 670 3383 litteris
679 3351 720 3385 ad
739 3352 923 3388 Succeffum
934 3350 1122 3386 Dio-Caesa-

1203 1097 1377 1169 Epssola
1427 1097 1656 1150 Theodoreti
1715 1102 1896 1173 Epfiopi
1961 1109 1995 1153 C
1995 1108 2057 1167 yrz'
2089 1142 2104 1167 ,

1273 1189 1390 1237 quam
1415 1168 1576 1239 firl'pfit
1611 1171 1665 1219 ad
1699 1172 1888 1241 Populum
1922 1176 2105 1243 Constan-

1258 1239 1559 1308 ‘tinopolitanum
1581 1277 1596 1301 ,
1624 1259 1695 1311 per
1730 1261 1847 1308 quam
1882 1245 2103 1309 ostenditur,

1269 1316 1358 1377 quia
1393 1330 1463 1361 non
1485 1310 1622 1377 filiam
1650 1311 1762 1380 priits
1796 1319 1856 1360 Φ
1873 1320 1876 1324 ’
1884 1315 2066 1386 Ρρβενὶἰις
2084 1352 2102 1376 ‚

1259 1379 1336 1448 fid
1370 1384 1431 1426 (9⁸
1454 1381 1602 1446 quando
1636 1383 1687 1429 ab
1716 1381 1867 1450 Ephefi)
1903 1384 1957 1431 ad
1980 1384 2103 1433 Chal.

1268 1450 1437 1499 cedonem
1470 1487 1485 1511 ‚
1536 1456 1597 1498 (9·
1629 1450 1658 1499 ἃ,
1692 1450 1922 1502 Chalcedone
1955 1454 2103 1505 redivit

1268 1522 1323 1569 ad
1355 1521 1567 1586 Ecclefiam
1591 1521 1717 1589 fiam
1748 1558 1762 1583 ‚
1797 1521 1952 1593 semper
1975 1520 2101 1590 fidene

1265 1590 1507 1640 Catholicam
1545 1594 1781 1661 praedicavit
1814 1631 1828 1655 ,
1874 1594 1963 1643 licet
1998 1601 2099 1663 Nea-

1253 1663 1416 1727 stom‘um
1448 1662 1630 1712 damnare
1656 1663 1840 1728 distulerit
1863 1701 1878 1726 ‚
1916 1686 1985 1715 non
2018 1672 2098 1716 cre-

1265 1732 1349 1782 dens
1384 1733 1456 1782 illa
1510 1736 1586 1802 ejus
1620 1731 1681 1798 effi
1717 1741 1919 1802 Dogmata
1951 1774 1966 1799 ‚
2017 1757 2098 1805 quae

1263 1809 1325 1850 <9⁴
1359 1802 1436 1872 ipse
1473 1805 1684 1870 Nestor-ius
1732 1806 1940 1875 denegabat
1972 1844 1987 1868 ,
2036 1813 2099 1856 (9⁴

1262 1877 1301 1920 in
1324 1871 1477 1941 Epheso
1505 1895 1555 1922 ex
1581 1878 1897 1944 Qaternionibus
1915 1874 1996 1942 fifh
2021 1878 2098 1947 ejus

1263 1948 1405 1991 nomine
1451 1981 1465 2004 ,
1521 1944 1624 1993 nullo
1668 1945 1766 1993 teste
1799 1947 1971 2013 probata
2018 1966 2098 1996 cre·-

1267 2015 1379 2061 debat
1396 2050 1409 2062 .

1294 2187 1389 2224 Uale
1410 2185 1569 2232 quiddam
1591 2189 1766 2232 patiuntur
1791 2189 1965 2226 &faciunt
1978 2191 2092 2228 avium

1315 2248 1460 2277 matres,
1487 2238 1618 2281 quoties
1640 2238 1738 2273 nidos
1762 2240 1837 2274 suos
1857 2240 2094 2285 depraedandos

1346 2288 1552 2332 adspiciunt.
1580 2289 1775 2324 Anxiantur
1794 2291 1910 2331 enim,
1935 2292 2093 2336 &garm-

1193 2341 1230 2374 1ae
1253 2341 1414 2375 stridunt.
1445 2339 1488 2372 Et
1502 2337 1542 2372 ad
1564 2340 1702 2374 similem
1716 2340 1863 2375 volatum
1886 2351 2017 2376 teneros
2034 2342 2091 2377 ad·

1199 2390 1266 2425 huc
1289 2391 1400 2434 pullos
1420 2387 1618 2430 hortantur,
1646 2403 1681 2423 ut
1706 2390 1958 2433 Aucupantium
1969 2403 2090 2427 manus

1193 2441 1352 2485 effugiant
1372 2463 1381 2472 .
1409 2438 1499 2472 Tale
1522 2438 1648 2482 aliquid
1673 2441 1780 2482 patior
1796 2441 1890 2474 fimul
1917 2442 1952 2476 δε
1976 2442 2090 2483 facio,

1193 2490 1449 2525 lamentationes
1459 2487 1576 2523 vestras
1589 2500 1631 2523 ex
1646 2488 1762 2524 litteris
1775 2490 1910 2525 audiens
1920 2515 1931 2530 ‚
1959 2492 1993 2526 &
2012 2503 2089 2537 qua-

1192 2542 1215 2575 fi
1237 2552 1297 2575 vos
1306 2540 1436 2585 garrule
1448 2537 1620 2572 stridentes
1645 2550 1684 2572 ac
1697 2540 1852 2579 tremule,
1880 2542 2088 2577 mentisocu.

1192 2592 1232 2626 lis
1244 2600 1380 2625 cernens
1391 2614 1398 2620 .
1426 2588 1581 2630 Inspeffis
1598 2587 1738 2629 namque
1749 2587 1824 2630 ipsis
1837 2589 1954 2625 litteris
1966 2615 1977 2631 ,
2004 2603 2085 2627 mox

1190 2639 1432 2682 lachrymarum
1445 2638 1582 2670 cunstos
1594 2635 1749 2671 humores
1760 2638 1901 2682 expendi
1915 2664 1926 2680 ‚
1952 2642 1988 2675 ὅτ.
2001 2642 2082 2676 ficut

1189 2690 1271 2724 dicit
1284 2686 1449 2732 Propheta
1462 2711 1473 2726 ,
1499 2688 1614 2719 Exitus
1629 2699 1775 2729 aquarum
1786 2687 1983 2731 deposuerunt
2005 2693 2079 2725 oculi
2100 2677 2241 2714 Ps²1·¹¹⁸·

1190 2746 1267 2774 mei.
1296 2739 1341 2772 Et
1361 2748 1473 2773 tacens
1489 2736 1583 2770 fimul
1611 2748 1648 2771 ac
1678 2748 1814 2783 gemens
1840 2741 1997 2782 permansi
2011 2741 2082 2776 diu-

1189 2789 1276 2828 tius,-
1305 2789 1384 2823 Hoc
1406 2787 1621 2832 improvisum
1638 2788 1792 2832 cogitans
1803 2789 1952 2831 malum,
1977 2791 2013 2826 &
2035 2791 2083 2826 di-

1190 2842 1344 2875 vifionem
1367 2838 1528 2882 Corporis
1547 2838 1693 2873 Ecclefiae
1716 2863 1728 2880 ,
1753 2839 1787 2873 &
1812 2840 1958 2884 praeliurn
1983 2842 2081 2877 omni

1190 2891 1279 2927 bello
1290 2889 1390 2924 Civili
1412 2889 1553 2923 deterius
1567 2913 1573 2920 .

1237 2942 1319 2976 Non
1333 2939 1423 2974 enim
1436 2939 1478 2974 de
1497 2951 1561 2973 una
1575 2938 1685 2974 Tribu
1701 2939 1934 2975 tantummodo
1947 2942 2056 2976 sumus
2065 2966 2079 2984 ,

1187 2992 1239 3027 sed
1251 2993 1292 3026 de
1302 3001 1396 3025 utero
1408 3001 1477 3024 uno
1491 3002 1497 3021 :
1527 2988 1678 3025 Eundem
1688 2990 1870 3036 gloriantes
1883 2990 2001 3026 habere
2015 3003 2079 3028 nos

1188 3042 1317 3077 Patrem
1329 3042 1482 3076 omnium
1498 3040 1609 3075 Deum
1621 3065 1632 3081 ,
1659 3042 1799 3076 eandem
1809 3041 1956 3076 Matrem
1968 3065 1979 3081 ‚
2006 3043 2079 3077 san·

1185 3093 1355 3131 stiffimum
1370 3093 1511 3126 Fontem
1524 3116 1532 3123 .
1560 3091 1642 3124 Non
1656 3091 1763 3126 solum
1775 3090 1851 3126 vero
1873 3093 1972 3126 unius
1991 3093 2076 3127 uteri

1186 3146 1295 3178 sumus
1317 3168 1327 3185 ,
1366 3142 1419 3176 sed
1455 3144 1488 3176 ὅ(
1511 3142 1610 3175 unius
1633 3141 1766 3187 quoque
1786 3141 1900 3177 Thoti
1920 3154 1928 3175 2
1957 3142 2077 3177 Unius

1185 3195 1325 3234 mensae,
1350 3194 1448 3226 unius
1474 3192 1634 3226 ἀνῐέὶυε.
1663 3193 1707 3228 Et
1719 3192 1791 3227 licet
1803 3191 1948 3228 membra
1969 3193 2075 3227 multa

1184 3246 1279 3279 fimus
1305 3242 1403 3287 atque
1417 3243 1542 3277 diversa
1554 3267 1565 3283 ‚
1591 3254 1695 3278 unum
1706 3252 1818 3278 tamen
1829 3243 1959 3285 Corpus
1975 3242 2075 3278 effici·

1185 3306 1256 3329 mus
1278 3319 1289 3334 ,
1314 3294 1406 3338 juxta
1428 3292 1656 3337 Apostolicam
1677 3294 1858 3329 dostrinam
1879 3293 2070 3328 dicentem:

1183 3350 1239 3380 Vos
1266 3344 1333 3386 estis
1355 3348 1472 3388 Corpus
1491 3342 1604 3386 Christi
1615 3369 1627 3387 ,
1653 3346 1689 3380 &⁶
1707 3343 1846 3383 Membra
1865 3343 1903 3378 de
1916 3343 2072 3427 Mengbso„

2005 3404 2017 3426 1
