2320 3730
963 159 1075 224 (ᾧ)
1115 145 1279 221 (406)
1318 158 1428 224 (aa)

279 341 1003 403 fflmfflfflffi
988 342 2118 406 wsffisfflsffisfflwfflffiff

279 534 1267 618 fflwssvffiffiffiffiffisffi
1268 537 2117 598 Qsffl⁵ffiwffiffiffi

275 707 1047 872 INDEX
1168 666 2116 874 RERUM,

407 983 668 1172 ET
787 985 1971 1128 VERBORUM*
2041 1062 2043 1066 ι

546 1246 757 1333 A

357 1394 492 1484 Bstntgs
512 1395 695 1440 aliquando
721 1396 891 1442 ordinati,
916 1400 969 1437 sed
991 1399 1154 1435 invalide.

411 1458 450 1493 ¹5
481 1473 488 1479 .
511 1460 542 1486 2·

257 1494 394 1530 Abusus
407 1498 580 1533 verborum
594 1501 786 1537 διῃᾶοωω
800 1501 937 1537 Patrum
957 1500 1068 1546 saepius
1091 1501 1153 1536 fuit

309 1549 406 1582 causa
430 1547 574 1583 haerefis.
1042 1562 1119 1601 359-
1133 1564 1153 1588 2

257 1598 381 1631 acacius
396 1600 539 1634 nascitur
548 1606 639 1634 anno
650 1603 730 1649 7321
759 1601 813 1649 56
819 1614 850 1640 2.
878 1603 942 1638 fuit
954 1602 1152 1637 Monachus.

309 1646 388 1685 128·
402 1660 431 1685 2
462 1650 646 1686 Ordinatur
662 1652 843 1696 Episcopus
867 1652 1077 1688 Berrhaeensis
1101 1664 1154 1686 an

305 1709 354 1731 ¹¹0
371 1697 446 1747 378
476 1700 530 1746 56
535 1712 565 1736 2.
596 1700 673 1743 Ejus
689 1703 888 1737 Encornion.
903 1704 976 1737 ibid.
987 1705 1020 1737 <St
1037 1700 1112 1740 128
1121 1714 1150 1738 1

303 1748 338 1781 ὃ·
360 1747 435 1785 128-
450 1761 479 1786 2
510 1749 660 1784 Vocatur
683 1751 795 1795 paffim
821 1753 916 1788 Pater
941 1754 973 1788 ἀ
995 1752 1155 1798 Magister

303 1798 459 1832 omniurn
488 1799 756 1844 Episcoporum.
793 1814 849 1849 75.
870 1814 904 1839 2
957 1803 1154 1846 Composuit

303 1846 443 1882 schisma
459 1848 731 1893 Antiochenum,
761 1851 815 1887 sed
834 1852 902 1899 egit
917 1864 1033 1888 contra
1060 1853 1155 1896 Joan-

303 1909 383 1933 nem
410 1898 709 1944 Chrysostomum.
752 1904 806 1950 56.
835 1915 865 1941 2.
919 1903 1013 1939 Dans
1039 1903 1153 1938 contra

302 1947 395 1983 hunc
418 1948 572 1985 dolosum
596 1952 810 1998 suffragium.
849 1951 923 2000 184
943 1966 974 1991 1·
1011 1954 1154 1988 EXCOm·

302 2000 494 2034 municatus
523 2000 563 2035 ab
584 2002 785 2039 Innocentio
807 2004 897 2048 Papa
924 2030 935 2046 ,
969 2005 1011 2039 ab
1037 2004 1154 2039 eodem

305 2047 831 2089 absolvitur-128-2.C0nsuli
860 2055 975 2096 solitus
996 2055 1015 2088 a
1040 2053 1155 2087 Theo-

306 2098 398 2133 dosio
411 2099 631 2146 Imperatore,
664 2099 718 2136 60
734 2112 766 2139 2.
796 2097 852 2136 Ab
865 2102 984 2138 eodem
1000 2111 1154 2145 rogatur,

304 2158 344 2182 ut
366 2147 593 2181 patriarcham
615 2147 872 2184 Antiochenum
892 2175 903 2190 ‚
944 2152 1091 2192 aliosque
1113 2151 1154 2183 ad

304 2199 417 2231 sanam
441 2207 587 2231 mentem
610 2197 745 2231 reducat
769 2223 776 2230 .
807 2195 883 2235 168.
908 2210 943 2235 2.
995 2199 1155 2233 Statuitur

305 2247 442 2282 tandem
467 2245 631 2282 mediator
655 2248 757 2291 pacis.
793 2259 873 2296 175.
892 2259 922 2284 1.
960 2248 1155 2283 Consulitur

308 2298 408 2332 etiam
433 2298 452 2331 ὲ,
476 2297 559 2332 Sede
582 2297 797 2341 Apostolica.
830 2308 905 2344 129.
926 2309 952 2334 1.
978 2298 1035 2332 Ob
1051 2308 1153 2333 extre-

305 2359 396 2384 mam
419 2358 549 2382 aetatem
572 2359 641 2382 non
664 2349 751 2382 adest
774 2348 936 2383 Concilio
959 2348 1123 2392 Ephesmo
1146 2374 1153 2380 .

308 2398 379 2432 ibid.
407 2399 441 2432 ὠ·
457 2397 512 2434 60.
526 2410 555 2435 2·
585 2397 833 2433 Peritustamen
846 2394 1049 2442 Apollinarii
1069 2399 1150 2444 dog-

311 2449 429 2489 matis,
455 2447 579 2492 judicat
591 2448 699 2483 Sansti
714 2449 833 2493 Cyrilli
848 2445 1006 2493 Capitula
1019 2473 1030 2489 ,
1057 2448 1147 2483 illius

312 2501 377 2534 esse
398 2498 560 2533 erroribus
584 2500 718 2533 referta.
749 2511 803 2547 57.
826 2510 855 2536 1.
894 2498 1013 2546 ScrIbit
1032 2499 1152 2543 episto-

316 2550 385 2584 lam
399 2574 411 2590 ‚
438 2549 640 2583 directricem
653 2549 796 2585 scelerati
817 2549 933 2594 judicii
946 2574 957 2590 ,
981 2559 1052 2592 *quo
1066 2550 1149 2583 dam-

315 2610 413 2635 natur
433 2600 567 2634 Sanstus
591 2599 738 2644 Cyrillus
761 2625 769 2633 .
804 2600 879 2634 ibld.
903 2612 933 2637 2-
959 2601 962 2603 ’
986 2597 1153 2635 Vacillat:

316 2650 421 2686 Nunc
443 2660 553 2683 tuetur
577 2649 768 2685 Nestorium
791 2674 802 2690 ,
836 2660 924 2688 nuuc
947 2650 1055 2683 censet
1078 2661 1154 2685 con-

316 2699 563 2734 demnandum.
592 2701 730 2747 Qare?
754 2700 841 2734 ibid..
853 2701 1010 2734 Movetur
1022 2700 1156 2734 tandem

317 2749 455 2793 epistola
468 2749 574 2782 Sancti
587 2750 707 2791 Cyrilli
721 2776 731 2791 ‚
758 2752 939 2796 agnoscens
956 2751 1070 2785 sanum
1089 2750 1156 2793 ejus

319 2799 546 2834 intellectum.
583 2796 703 2836 186.2.
732 2801 1015 2847 vixitanni8115.
1046 2811 1156 2848 129-1·

271 2854 395 2885 Aeacius
419 2849 643 2883 Melitinenfis
667 2849 867 2893 Episcopus,
894 2850 1064 2888 convincit
1078 2850 1156 2884 ami-

320 2912 397 2935 cum
409 2901 504 2933 suum
516 2898 709 2934 Nestorium
721 2924 733 2940 ,
761 2899 798 2934 in
821 2900 1045 2943 disputatione
1057 2901 1157 2945 priva·

322 2961 375 2985 ta.
404 2961 458 2996 52.
475 2961 504 2986 2.
535 2950 706 2984 Deitatem
730 2948 907 2994 passibilem
932 2951 1080 2994 praedicat
1103 2962 1156 2985 co-

321 3012 389 3035 ram
401 2999 823 3042 ImperatoreTheodosio.
854 2997 908 3047 85⁶
919 3012 950 3037 2·
977 3001 1046 3035 Hic
1070 2998 1155 3036 scan-

323 3050 481 3085 dalizatur
494 3075 502 3082 .
1086 3051 1155 3085 ibid.

273 3098 543 3135 Acclamationes
578 3101 748 3145 populares
785 3101 952 3147 originem
985 3100 1111 3136 ducunt
1138 3102 1156 3135 ὲ

325 3150 476 3192 theatris,
504 3150 582 3185 inde
602 3153 642 3187 ad
655 3152 776 3197 templa
788 3161 1024 3196 pervenerunt,
1051 3152 1157 3193 &alia

325 3199 414 3234 loca.
990 3231 993 3234 .
1041 3213 1157 3250 3.44.2

277 3248 544 3285 Acclamationes
560 3251 727 3286 horrendae
750 3251 871 3296 Populi
893 3278 903 3293 ,
931 3252 986 3286 fibi
1009 3253 1075 3286 vim
1100 3265 1159 3296 pa-

326 3299 459 3341 rantis,
494 3302 536 3335 ad
557 3303 817 3339 conservandum
842 3302 996 3338 rebellem
1028 3303 1159 3347 Episco-

326 3360 406 3395 pum
416 3374 425 3383 .
1085 3354 1159 3388 ibid.

1221 1250 1391 1284 Alexander
1418 1249 1694 1294 Hierapolitanus
1715 1249 1898 1295 Episcopus
1917 1276 1928 1292 ,
1954 1250 2041 1285 male
2060 1251 2111 1285 in-

1270 1301 1405 1334 structus
1426 1301 1468 1335 de
1487 1302 1596 1335 saneti
1620 1300 1741 1345 Cyrilli
1768 1311 1881 1335 mente
1905 1325 1912 1334 .
1970 1299 2047 1338 186.
2078 1312 2110 1338 1·

1269 1350 1373 1384 Hunc
1384 1349 1733 1386 anathematizandum
1744 1351 1917 1386 contendit
1929 1350 2112 1392 mordicus,

1271 1400 1508 1435 restituendum
1519 1401 1598 1435 vero
1609 1402 1820 1436 Nestorium.
1849 1400 1923 1436 ibid.
1953 1401 2021 1436 Cui
2041 1409 2111 1435 tam

1270 1450 1475 1494 pertinaciter
1497 1449 1665 1494 adhaeret,
1691 1462 1728 1486 ut
1751 1461 1862 1496 pacem
1890 1452 2014 1486 recuset
2033 1460 2112 1484 cum

1267 1501 1549 1545 SanctoCyrillo.
1580 1512 1659 1549 194.
1682 1514 1715 1539 2.
1767 1501 1900 1535 Mavult
1914 1502 2051 1536 exilium
2076 1500 2113 1535 &

1268 1561 1432 1592 mortem,
1458 1553 1556 1596 quam
1569 1563 1646 1587 cum
1661 1552 1779 1587 Sancto
1793 1551 1950 1595 Cyrillo,
1970 1550 2005 1584 δε
2020 1550 2112 1585 Actis

1268 1601 1336 1644 ejus
1346 1601 1641 1636 communionem.
1663 1613 1742 1650 253.
1760 1612 1786 1636 1
1815 1602 1951 1642 Durus,
1977 1601 2050 1635 vult
2067 1609 2113 1633 re-

1267 1651 1372 1686 sistere
1391 1651 1494 1693 usque
1514 1650 1555 1686 ad
1583 1651 1967 1698 sanguinem-3101.
2020 1649 2111 1684 Mira

1265 1701 1353 1735 illius
1365 1701 1558 1745 pertinacia.
1597 1709 1684 1746 245-
1712 1711 1745 1736 2
1784 1699 1929 1747 246.1-
1969 1698 2050 1739 260
2079 1709 2114 1735 1

1265 1750 1346 1788 262.
1362 1761 1394 1789 1·
1407 1762 1440 1787 2.
1466 1747 1691 1785 Patriarcham
1705 1751 1822 1789 suum,
1845 1749 2046 1795 dedignatur
2057 1760 2112 1794 ap-

1268 1801 1387 1845 pellare
1411 1800 1611 1845 Episcopum
1626 1825 1633 1834 .
1660 1810 1740 1847 245.
1762 1812 1792 1837 2.
1819 1800 1946 1847 246.1.
1998 1798 2112 1842 Hujus

1269 1852 1392 1886 litteras
1403 1851 1525 1894 aperire
1535 1859 1692 1886 renuente
1701 1875 1713 1892 ,
1741 1850 1898 1896 leguntur
1914 1861 1970 1894 per
1980 1849 2113 1894 tabellaq

1271 1902 1376 1937 rium.
1403 1898 1482 1948 289.
1506 1913 1539 1939 2.
1590 1901 1718 1937 Audita
1740 1899 1858 1935 Aeacii
1880 1900 2111 1941 conversione,

1268 1963 1339 1988 orat
1356 1962 1393 1986 ut
1406 1964 1488 1987 terra
1498 1950 1667 1987 dehiscat
1662 1966 1670 1973 ·
1697 1950 1833 1986 Paratus
1853 1950 1960 1992 mori,
1985 1950 2020 1984 ἀ
2032 1949 2112 1994 Epi-

1270 2005 1405 2048 scopatu
1420 1994 1706 2046 privati-1862·
1738 1999 1814 2049 187
1830 2012 1857 2037 1
1886 2001 1943 2036 Est
1955 2001 2111 2035 omnium

1268 2052 1558 2096 pertinaciffimus.
1589 2063 1669 2100 192.
1684 2064 1713 2089 1·
1741 2053 1794 2086 Ex
1805 2062 1885 2095 pura
1896 2061 2033 2096 peccans
2043 2061 2112 2085 ma-

1267 2101 1358 2134 litia
1387 2099 1463 2147 328.
1478 2113 1507 2136 2
1536 2101 1618 2142 Ejus
1627 2112 1839 2143 pertinaciam
1852 2102 1989 2135 Irenaeus
2001 2099 2109 2140 male,

1269 2149 1325 2184 sed
1348 2150 1514 2193 eleganter
1535 2148 1688 2184 describit
1708 2149 1950 2184 constantiam.
1979 2160 2057 2197 333
2079 2160 2108 2186 1-

1271 2198 1351 2241 Ejus
1362 2198 1575 2242 querimoniae
1590 2223 1597 2230 .
1626 2197 1705 2244 326.
1724 2209 1752 2233 1.
1782 2208 1902 2245 329.1.
1928 2198 2110 2233 Lamenta-

1269 2257 1350 2288 mr,
1373 2248 1507 2286 Deum,
1533 2248 1648 2292 utique
1662 2248 1785 2291 passum
1808 2249 2022 2283 &mortuum
2034 2260 2111 2292 prae·

1269 2297 1392 2332 dicari.
1425 2295 1507 2345 328-
1523 2309 1551 2334 1·
1601 2298 1807 2332 Metuensne
1821 2299 1875 2332 sua
1886 2300 2044 2333 correctio
2066 2298 2108 2333 ad

1270 2348 1460 2382 Romanam
1473 2346 1650 2382 Ecclesiam
1673 2348 1856 2391 perveniat
1887 2359 2012 2396 1951.
2042 2351 2109 2392 Ap-

1270 2397 1371 2442 pellat
1382 2396 1545 2432 Romam.
1577 2409 1620 2445 27
1625 2395 1654 2434 8.
1671 2409 1699 2433 1.
1752 2399 1833 2432 Νοη
1853 2399 2107 2433 auditur.1bid.

1271 2449 1403 2491 Separat
1416 2449 1447 2482 se
1472 2409 1657 2482 akomZna
1673 2448 1830 2482 Ecclesia.
1858 2449 1938 2496 264.
1954 2460 1982 2485 1.
2012 2448 2109 2486 Para-

1279 2508 1332 2532 tus
1357 2499 1395 2532 in
1417 2499 1472 2534 sua
1494 2496 1600 2532 haeresi
1620 2499 1730 2533 vivere
1748 2523 1758 2539 ‚
1785 2497 1821 2532 &
1845 2510 1904 2542 pro
1925 2499 1981 2533 illa
2004 2499 2087 2532 mori
2101 2521 2110 2530 .

1272 2545 1350 2597 328.
1373 2560 1404 2585 2.
1456 2547 1561 2582 Nulla
1581 2547 1708 2582 ratione
1727 2548 1903 2592 acquiescit
1926 2572 1938 2589 ,
1964 2548 2111 2591 repetitis

1270 2598 1419 2643 precibus
1433 2597 1616 2632 amiciffimi
1637 2599 1683 2632 sui
1696 2597 1864 2643 quondam
1875 2597 2082 2633 Theodoreti
2097 2624 2106 2631 .

1272 2648 1347 2682 ibid.
1400 2648 1526 2682 Finalis
1547 2648 1614 2691 ejus
1634 2650 1846 2682 contumacia
1866 2672 1873 2679 .
1913 2658 1990 2696 343.
2015 2655 2045 2684 1⁴.
2073 2650 2110 2682 (5

1271 2708 1351 2745 342.
1365 2709 1395 2734 2.
1423 2696 1513 2732 Mira
1524 2697 1689 2731 alacritate
1700 2699 1868 2740 expediare
1889 2698 1976 2731 visus
1999 2698 2044 2732 est
2055 2697 2110 2732 de·

1271 2748 1469 2790 positionem
1488 2746 1703 2791 Episcopatus
1716 2771 1724 2779 .
1750 2747 1822 2780 ibid.
1874 2746 1934 2782 Sed
1955 2746 2110 2783 flacceffit

1271 2798 1329 2832 illa
1339 2795 1555 2843 generositas,
1580 2807 1674 2843 rogat
1693 2796 1776 2832 clam
1788 2797 1880 2841 ejici.
1906 2797 1979 2831 ibid.
2012 2797 2111 2841 Eiici-

1272 2857 1345 2883 tur.
1372 2857 1484 2895 3432.
1509 2845 1550 2882 In
1562 2845 1753 2883 Famothim
1766 2847 1910 2893 AEgypti
1925 2847 2107 2883 metallum.

1273 2907 1294 2944 3
1380 2910 1425 2937 Ζ..
1952 2917 1957 2923 ·

1225 2908 1427 2983 Αἱεέαζιάτὶα
1439 2946 1534 2983 Sedes
1544 2947 1788 2983 SanffiMarci.
1818 2955 1938 2996 1531*
1988 2947 2109 2983 Nesto·

1273 2999 1492 3043 riitempore,
1517 2997 1682 3042 symbolo
1693 2998 1834 3033 Nicaeno
1861 2997 2010 3033 utebatur
2030 3010 2113 3037 cum.

1273 3049 1523 3084 additamentis.
1541 3057 1631 3093 123·
1656 3060 1681 3084 1-

1225 3099 1441 3135 Alexandrini
1464 3098 1659 3135 Patriarchae
1679 3099 1853 3134 austoritas
1875 3099 1908 3133 in
1934 3100 2009 3137 suos
2024 3123 2035 3140 ,
2060 3108 2110 3132 et-

1274 3151 1339 3184 iam
1354 3149 1533 3193 Episcopos
1548 3175 1555 3182 .
1585 3149 1664 3185 106.
1675 3161 1705 3186 2.
1734 3150 1810 3183 Erat
1823 3149 2006 3192 despotica.
2032 3148 2106 3183 ibid.

1275 3200 1379 3247 Qod
1396 3200 1631 3243 improperatur
1651 3201 1769 3234 Sancto
1782 3200 1913 3243 Cyrillo
1928 3223 1939 3238 ,
1965 3198 1982 3231 a
2005 3200 2109 3243 Lega-

1274 3252 1315 3283 tis
1330 3249 1556 3290 Nestorianis,
1585 3259 1664 3295 107.
1678 3261 1709 3287 2.
1761 3250 1906 3294 Regium
1918 3248 2036 3283 statum
2056 3249 2109 3282 ha-

1274 3300 1371 3334 bebat
1391 3325 1402 3341 ,
1429 3311 1496 3334 non
1522 3300 1711 3335 inferiorem
1735 3300 1881 3334 Romani
1914 3299 2107 3333 pontificis.

1275 3362 1296 3399 7
1305 3361 1334 3399 3·
1349 3361 1377 3388 1·
1403 3350 1541 3396 Sepeliri
1553 3350 1676 3387 solebat
1691 3350 1710 3384 a
1721 3350 1913 3391 successore,
1941 3349 2012 3394 post
2024 3357 2106 3381 mor·

1990 3406 2057 3430 tem
