2320 3730
616 198 924 252 Seuerus,
961 208 1023 240 ετ
1057 192 1249 242 Νοτιε
1286 193 1675 241 utus-ritant.

405 362 665 416 CAPUT
699 366 906 414 CLXIV.
957 369 1099 420 -252

216 499 391 552 Epistola,
420 504 542 558 inquit
555 532 568 552 ‚
597 504 748 545 Helladii
775 505 821 546 ad
848 509 916 546 Deo
943 496 1100 552 Amicis-

270 557 398 609 fimum
426 559 629 614 Epiftopum
654 561 923 607 Alexandrum,
952 571 1018 614 qua
1046 561 1103 598 in·-

277 616 425 666 dicavit‚
452 619 541 672 quod
560 615 699 671 secundi
725 619 858 672 quidem
877 618 996 658 Cilices
1017 627 1106 655 com-

276 680 522 716 municaverint
542 703 555 723 ,
589 676 806 727 compellatur
834 674 917 714 verb
963 672 1001 714 ό·
1029 668 1101 725 ιῬΙὲ

276 733 319 771 ab
356 738 447 773 omni
474 735 571 773 Clero
589 759 602 779 ,
639 731 678 772 &⁴
704 730 876 784 Eptstopis
915 733 1104 772 Provincia

270 784 361 839 fita,
388 791 598 832 Antiocheno
622 789 800 843 conjungi,
829 789 1010 829 dicentibus
1032 786 1104 840 fibi

274 845 423 898 praefatis
451 874 464 893 ‚
503 860 544 886 ne
590 846 751 886 deteriora
788 847 879 886 mala
916 849 1105 894 contingant

277 904 350 950 his,
377 902 496 957 quibus
523 916 613 944 nunc
637 905 828 944 coarfiatur
855 901 1018 955 Ecclesia.

223 1028 533 1111 COnvenientia
542 1026 678 1069 quidem
697 1025 746 1062 tui
757 1023 944 1073 Apostolici
967 1026 1106 1070 propoli-

333 1078 359 1110 ti
381 1076 509 1116 &zeli,
532 1087 632 1121 quem
641 1087 701 1120 pro
710 1076 833 1121 pietate
844 1077 931 1123 geris
952 1077 970 1110 a
988 1076 1107 1120 princi-

218 1126 279 1171 pio
289 1127 391 1170 usque
401 1124 443 1161 ad
452 1125 550 1161 finem
563 1150 576 1167 ‚
599 1126 705 1160 &ista
715 1127 793 1161 sunt
803 1137 873 1171 quae
884 1137 988 1170 nuper
1009 1126 1108 1161 nobis

221 1187 281 1220 per
289 1177 368 1212 Deo
379 1175 622 1210 Amicissimum
633 1175 834 1220 Episcopum
845 1176 1022 1210 Meletiurn
1045 1186 1108 1210 tuae

223 1225 411 1261 Sanstitatis
431 1227 576 1270 porrecta
601 1227 677 1260 sunt
695 1226 820 1270 Scripta
839 1250 848 1258 .
877 1227 954 1270 Ego
974 1224 1050 1259 vero
1073 1226 1107 1259 ἀ

223 1287 296 1320 quae
307 1276 427 1319 scriplit
437 1299 449 1316 ,
473 1274 510 1310 ὃς
520 1286 591 1320 quat
602 1274 732 1310 locutus
743 1276 814 1311 sum
824 1274 1106 1311 Reverendiffimo

222 1324 275 1359 illi
296 1325 488 1370 &optImm
515 1324 653 1360 minime
668 1324 870 1368 obliviscor,
895 1326 930 1360 δε
943 1336 1034 1361 nunc
1045 1334 1108 1359 tuae

226 1374 306 1410 Deo
328 1373 537 1410 Amabilitati
559 1373 626 1410 hzc
645 1375 712 1419 ipsa
733 1375 904 1420 fignifico.
933 1375 1108 1423 Quoniam

224 1423 306 1459 dum
317 1424 421 1460 multa
431 1436 469 1460 ac
479 1424 609 1468 peffima
619 1435 734 1460 contra
756 1425 932 1461 Ecclesiam
943 1425 1010 1460 Dei
1022 1424 1108 1460 mala

224 1474 416 1515 versantur,
440 1474 482 1510 ad
493 1474 640 1510 medium
663 1473 862 1510 venditionIs
883 1475 1108 1520 &emptionis

223 1526 365 1569 praesunt
378 1523 553 1565 homines,
578 1535 674 1568 prava
684 1525 880 1566 sentientes,
904 1526 1109 1560 &indiscre-

225 1575 275 1615 ri,
301 1573 406 1608 &alia
428 1573 622 1616 inoptabilia
643 1574 678 1607 dc
700 1573 856 1613 vitanda,
882 1584 1024 1617 quorum
1049 1584 1110 1608 nec

226 1632 384 1658 numerus
401 1622 505 1666 potest
524 1621 676 1666 explicari
699 1647 710 1663 ,
736 1622 816 1667 quid
842 1632 940 1668 agam
973 1623 1111 1667 reperire

225 1684 300 1709 non
318 1673 414 1708 valeo
435 1697 443 1704 .
470 1672 562 1706 Nam
580 1672 744 1717 quiescere
763 1671 897 1718 quidem
909 1698 922 1716 ,
947 1673 982 1708 δε
1002 1684 1111 1709 meam

227 1722 334 1758 solius
355 1721 527 1757 observare
554 1723 701 1757 animam
723 1746 737 1762 ,
767 1721 891 1758 aestimo
915 1723 1112 1767 amplecten-

229 1772 312 1808 dum
324 1796 337 1814 ,
362 1773 443 1806 ficut
453 1771 543 1806 testis
553 1772 598 1806 est
608 1772 811 1808 conscientia
822 1784 894 1808 mea
908 1787 920 1806 .·
947 1773 991 1807 Et
1001 1773 1113 1808 multis

229 1833 340 1858 emere
351 1822 451 1858 velim
462 1847 473 1864 ‚
490 1830 527 1855 ut
537 1821 556 1855 ὲ
567 1821 729 1866 principio
740 1823 888 1865 usquead
897 1824 1001 1862 ,finem
1011 1834 1113 1868 aequa-

228 1871 255 1906 li
271 1881 378 1907 uterer
400 1871 491 1914 vita,
517 1870 602 1906 nihil
620 1883 679 1916 pro
699 1872 860 1907 commiffi
870 1872 1047 1908 Ministerii
1060 1884 1113 1908 ne-

231 1922 375 1963 ceffitate
395 1920 562 1963 relaxans,
587 1933 694 1967 neque
714 1923 849 1958 meliore
861 1923 948 1958 velut
962 1923 1007 1958 ita
1019 1924 1113 1959 dixe-

228 1971 292 2007 rim
314 1995 326 2013 ,
350 1972 597 2009 conversatione
620 1972 746 2017 praelata
766 1999 773 2006 .
805 1972 866 2008 Sed
892 1974 915 2008 fi
937 1972 1114 2018 prodidero

229 2020 376 2062 iterum,
400 2021 516 2065 quibus
539 2033 608 2057 non
633 2033 764 2066 oportet
782 2048 794 2064 ,
821 2023 1000 2059 Ecclesiam
1025 2025 1113 2063 Dei,

230 2071 266 2106 ἀ
285 2070 484 2106 fidelissimos
503 2071 628 2105 Christi
650 2072 799 2115 Populos
818 2097 830 2112 ,
856 2074 968 2106 nescio
995 2083 1038 2107 an
1062 2071 1113 2106 vel

228 2131 327 2165 parva
340 2118 422 2154 mihi
435 2120 659 2155 satisfactionis
673 2121 830 2164 particula
854 2121 889 2155 in
901 2121 1113 2165 diem'judicii

228 2170 431 2213 relinquatur
449 2195 458 2202 .
484 2169 591 2204 Unde
610 2180 745 2204 omnem
765 2171 862 2204 fimul
886 2171 1090 2205 securitatem
1103 2195 1114 2210 ,

228 2229 432 2262 omnemque
450 2219 565 2261 pariter
575 2228 685 2252 curam
705 2219 823 2260 jastans
835 2220 869 2252 in
882 2219 1033 2253 omnium
1044 2220 1113 2253 Do·

227 2269 380 2308 minum,
406 2267 442 2301 in
453 2268 559 2311 ipsum
576 2266 685 2301 solum
700 2267 856 2301 confido:
883 2267 1047 2311 Praecipue
1069 2268 1116 2301 vi-

227 2318 313 2354 dens
322 2342 334 2359 ,
360 2316 451 2361 quod
462 2317 574 2351 omnis
593 2317 702 2351 noster
714 2318 789 2352 Deo
801 2316 1025 2352 Amiciffimus
1035 2316 1115 2352 Cle·-

228 2380 304 2410 rus,
330 2365 440 2402 &fere
460 2368 567 2401 cuncti
588 2367 774 2401 sauaiffimi
796 2367 950 2412 Episcopi
971 2367 1113 2410 compel-

230 2419 307 2453 lunt
318 2427 379 2450 nos
398 2416 437 2450 ad
447 2416 712 2460 conjunstionem
725 2417 902 2460 prospicere
912 2441 921 2449 .
949 2416 994 2452 Et
1005 2418 1115 2451 secun-

230 2467 267 2501 di
277 2466 412 2510 quidem
423 2465 565 2506 Cilices,
591 2466 682 2510 quod
704 2466 739 2500 ὃ(
753 2476 787 2500 tu
798 2466 876 2501 Deo
889 2465 1094 2501 Amiciffime
1104 2489 1116 2507 ‚

231 2516 300 2561 jam
321 2516 458 2550 fortaffis
481 2515 620 2557 audisti,
646 2516 852 2559 &pacificati
871 2517 946 2551 sunt
958 2539 969 2556 ,
994 2517 1030 2551 &
1043 2517 1114 2551 An-

230 2564 382 2601 tiocheni
401 2565 544 2609 amplexi
568 2566 858 2601 communionem.
889 2567 936 2601 Et
946 2565 1031 2611 apud
1053 2577 1113 2601 nos

230 2625 384 2660 peragere
402 2614 552 2659 haecipsa
571 2614 745 2650 festinant.
772 2617 850 2661 Ego
874 2616 953 2650 vero
979 2617 1113 2651 remansi

229 2676 308 2699 cum
319 2663 450 2699 duobus
459 2664 538 2699 Deo
555 2662 770 2698 Amiciffimis
780 2665 951 2709 Episcopis
961 2666 1090 2701 tantum
1098 2691 1110 2708 ,

231 2725 304 2750 non
315 2714 426 2750 minor
435 2714 531 2756 zelo,
554 2723 594 2750 ut
604 2713 743 2749 arbitror
753 2738 765 2756 ,
791 2715 921 2758 pietatis
934 2715 952 2750 a
967 2724 1023 2751 tua
1034 2718 1114 2751 San·

232 2765 363 2805 nitate,
388 2762 572 2798 deliberans
593 2762 660 2798 una
679 2775 756 2799 cum
776 2766 847 2805 eis,
873 2777 980 2810 neque
1002 2775 1114 2810 praeter

232 2813 379 2849 Domini
389 2812 513 2848 Christi
523 2813 627 2847 facere
637 2812 838 2850 voluntatem
849 2840 861 2857 ,
886 2826 989 2860 neque
1002 2816 1112 2851 Eccle-

231 2864 312 2899 liam
334 2862 401 2897 Dei
425 2886 438 2904 ,
461 2862 496 2897 &
514 2861 717 2898 fideliffimos
743 2863 779 2897 &
797 2875 959 2901 amatores
987 2865 1112 2902 Christi

231 2912 383 2958 Populos
402 2913 554 2958 prodere.
581 2912 668 2948 Tuae
689 2912 726 2947 fit
735 2915 914 2959 orationis,
941 2917 1088 2952 Domine
1101 2941 1112 2958 ,

233 2962 321 3002 mihi
338 2962 380 2998 de
399 2963 528 3008 reliquo
549 2987 562 3005 ,
586 2972 624 2998 ut
649 2963 734 2998 ficut
751 2963 898 3003 defiderii
921 2967 1025 3004 nostri
1043 2968 1088 3003 est
1100 2992 1111 3010 ,

232 3012 282 3048 ita
294 3010 362 3047 hac
375 3012 430 3057 pia
440 3013 600 3061 dirigatur
609 3014 753 3049 intentio
763 3039 771 3054 2

431 3166 911 3217 Senorrou.

227 3306 408 3399 HAEc
418 3311 555 3357 epistola
571 3312 618 3350 est
628 3314 778 3351 Helladii
794 3313 999 3363 Rescriptum
1011 3317 1052 3354 ad
1062 3319 1107 3354 su·

360 3372 416 3404 pra
425 3372 621 3400 memoratas
631 3364 813 3403 Alexandri
821 3366 943 3405 litteras
953 3393 962 3402 .
980 3368 1018 3404 N
1018 3377 1109 3406 otau-

325 3410 437 3455 cbrm.
446 3415 524 3457 Lupa
531 3416 630 3458 opera
638 3416 741 3449 RVH.

1160 273 1200 309 da
1212 274 1288 310 sunt
1299 272 1367 310 haec
1377 272 1490 310 verba:
1516 276 1598 320 ,ραι
1610 283 1701 318 nuper
1711 277 1791 312 nobis
1796 285 1853 322 per
1862 279 2041 326 Episcopum

1162 325 1311 360 Meletium
1336 334 1396 359 tuae
1417 324 1594 359 Sanffltaetis
1605 325 1820 370 porreaeaesune
1833 332 1965 373 Scrlptae.
1994 332 2040 369 Et

1162 373 1247 410 haec:
1275 379 1322 410 Et
1331 386 1399 418 quae
1409 375 1520 408 locutus
1525 372 1593 418 sum
1604 377 1849 416 Reverendiffimo
1860 381 1903 413 1111
1926 382 2044 426 &opn-

1162 436 1223 458 mo.
1250 424 1395 461 Edicunt
1415 423 1593 460 Meletium
1603 435 1672 460 non
1685 425 1780 460 fuisse
1791 436 1982 467 contentum
1990 431 2043 468 A-
2065 428 2069 433 ’

1163 474 1310 511 lexandri
1322 476 1444 511 litteras
1453 475 1668 511 transmittere
1678 499 1690 517 ,
1705 475 1761 522 sed
1770 477 1926 514 acceffiffe
1938 475 2046 514 Thar-.

1164 525 1233 559 sum
1244 550 1255 567 ,
1281 526 1316 561 ὅτ.
1328 526 1439 570 ‘multa
1462 525 1611 562 locutum
1622 525 1665 561 ad
1675 526 1922 570 pervertendum
1934 527 2045 563 Hella-

1164 575 1254 610 dium
1265 600 1273 608 .
1299 575 1392 611 Hinc
1403 574 1578 611 Helladius
1588 575 1744 621 rescripfit
1754 600 1762 609 .
1791 576 1948 612 Attamen
1960 586 2048 613 man·

1164 625 1200 659 fit
1211 627 1385 670 propensus
1395 626 1430 660 in
1441 637 1570 671 pacem.
1597 626 1642 661 Et
1653 624 1709 661 dat
1721 626 1824 661 varias
1836 628 1899 662 suae
1912 638 2049 663 conver-

1164 675 1262 709 sionis
1286 676 1428 710 rationes
1445 701 1453 707 .
1480 675 1595 711 Primd
1617 700 1630 717 ,
1656 677 1745 721 quod
1768 677 1837 721 ejus
1857 676 2050 723 degradatio

1165 724 1272 760 fuiffet
1284 725 1398 770 injuria
1412 726 1556 761 Ecclefiae
1564 752 1576 769 ‚
1603 735 1718 771 utpote
1726 726 1817 763 illam
1824 726 2001 765 devolvens
2012 727 2052 762 in.

1165 773 1341 820 indignum
1352 775 1483 811 forlitan
1499 776 1717 812 Succefforem
1732 801 1740 810 .
1769 776 1923 813 Secundo
1933 802 1944 819 ‚
1959 776 2052 821 quod

1166 834 1281 859 omnes
1291 825 1360 869 ejus
1372 825 1515 865 Clerici,
1539 837 1578 861 ac
1589 826 1734 872 plerique
1744 827 2051 871 Comprovinciales

1167 875 1320 919 Episcopi
1331 875 1435 919 ipsum
1446 875 1487 910 ad
1500 886 1613 919 pacem
1626 877 1862 921 compellerent
1871 902 1880 911 .
1907 876 2054 916 Tertio,

1167 925 1254 970 quod
1276 925 1432 960 Secundae
1453 924 1582 960 Ciliciae
1596 925 1868 971 ,Episcopieffent
1878 939 1948 963 non
1960 927 2055 970 dum-

1167 976 1257 1012 taxat
1276 974 1422 1018 amplexi
1441 985 1553 1019 pacem
1573 986 1610 1009 ac
1630 975 1767 1018 Ioannis
1775 976 1973 1013 Patriarchae
1983 987 2055 1022 gra-

1168 1026 1249 1059 tiam
1262 1049 1274 1066 ,
1298 1024 1353 1059 sed
1362 1024 1462 1060 etiam
1472 1023 1587 1058 eadem
1600 1026 1656 1058 sua
1677 1026 1774 1060 Sensa
1784 1036 1823 1061 ac
1833 1037 1930 1071 opera
1941 1037 2058 1071 poten-

1167 1086 1216 1110 ter
1227 1073 1401 1110 suaderent
1413 1074 1582 1117 Episcopis
1598 1072 1718 1108 Primae
1736 1072 1879 1109 Ciliciae.
1906 1075 2058 1123 Qrto,

1167 1124 1257 1169 quod
1268 1135 1384 1159 omnes
1395 1123 1460 1166 jam
1473 1123 1606 1166 persuasi
1619 1123 1721 1157 essent
1731 1124 1878 1167 exceptis
1891 1124 1923 1158 se
1932 1135 1969 1158 ac
1982 1126 2063 1159 duo-

1170 1176 1246 1210 bus.
1274 1172 1432 1220 Qintd,
1457 1171 1548 1218 quod
1568 1172 1636 1216 ipse
1658 1183 1735 1207 cum
1759 1172 1826 1213 illis
1840 1173 1917 1208 esset
1926 1173 2063 1218 quidem

1170 1225 1251 1260 boni
1273 1224 1355 1264 zeli,
1382 1222 1436 1258 sed
1451 1233 1519 1257 non
1543 1223 1647 1267 pofl‘et
1658 1221 1837 1258 Ecclesiam
1855 1232 1910 1258 aut
1922 1223 1989 1258 Dei
1999 1220 2067 1258 Ρο-

1171 1274 1264 1318 pulos
1283 1273 1431 1317 perdere.
1458 1271 1597 1317 Propter
1616 1271 1684 1308 haec
1707 1273 1740 1308 δε
1761 1272 1827 1308 alia
1839 1295 1853 1314 ‚
1877 1273 1987 1308 censet
2004 1272 2066 1307 dis-

1173 1323 1356 1369 pensatorie
1375 1322 1579 1359 tolerandam
1590 1333 1703 1367 pacem
1713 1347 1734 1364 2.
1749 1322 1784 1358 &
1794 1322 2068 1359 condescenden«

1172 1373 1252 1410 dum
1265 1399 1273 1408 .

1221 1423 1370 1472 Qaestio
1380 1423 1427 1460 est
1438 1447 1452 1467 ‚
1475 1423 1649 1468 quomodo
1670 1422 1848 1461 Helladius
1861 1425 2006 1471 potuerit
2018 1423 2069 1459 in-

1173 1485 1258 1511 trate
1278 1485 1416 1519 pacem,
1441 1474 1477 1509 ὅ(
1493 1474 1652 1518 aJoanne
1673 1474 1862 1521 Patriarcha
1883 1475 2016 1520 admitti
2030 1475 2066 1508 in

1173 1525 1278 1571 gratia
1291 1524 1309 1557 ἓ
1335 1524 1439 1559 Ratio
1463 1523 1639 1559 dubitandi
1660 1525 1707 1560 est
1728 1536 1799 1561 non
1823 1524 1976 1560 modica.
2002 1524 2068 1558 Et-⁴.

1173 1575 1262 1610 enim
1285 1573 1352 1617 ipse
1375 1574 1421 1608 est
1444 1584 1530 1608 unus
1549 1573 1688 1609 istorum
1703 1581 1866 1617 quatuor,
1893 1574 2066 1615 quosSan-

1174 1627 1242 1660 &us
1263 1622 1410 1669 Cyrillus
1431 1623 1570 1659 exclusit
1591 1623 1615 1658 a,v
1634 1619 2067 1666 paee,.quosimmobiliter

1175 1674 1247 1710 fixit
1258 1674 1292 1708 in
1304 1672 1427 1708 inflista
1438 1673 1512 1715 ipfis
1523 1682 1580 1715 per
1600 1670 1796 1714 Ephefinam
1807 1694 1820 1713 ,
1845 1671 1881 1706 δε
1902 1670 2068 1706 Constan-

1175 1723 1431 1768 tinopolitanam
1451 1719 1649 1756 Patriarchae
1674 1721 1876 1756 Maximiani
1894 1720 2068 1764 Synodum

1175 1773 1430 1820 degradatIone:
1457 1772 1503 1806 Et
1523 1781 1582 1815 pro
1604 1770 1725 1813 quibus
1737 1771 1844 1807 nullas
1861 1771 1958 1807 Pauli
1973 1771 2072 1807 Eme-⁷

1176 1825 1245 1859 seni
1264 1823 1419 1868 Episcopi
1440 1829 1550 1865 preces
1572 1821 1680 1856 voluit
1695 1820 1869 1858 admittere
1882 1848 1890 1855 .
1918 1821 2071 1866 Respon-

1176 1874 1241 1909 deo
1259 1897 1270 1915 ‚
1309 1871 1396 1908 hanc
1417 1871 1557 1917 gratiam
1575 1871 1756 1916 proveniffe
1781 1871 1799 1906 a
1824 1872 1922 1907 Xisto
1945 1871 2069 1906 Tertio

1178 1924 1366 1965 Pomffice,
1391 1922 1425 1957 &
1447 1919 1488 1956 ab
1512 1919 1768 1967 Appellatione,
1793 1934 1892 1967 quam
1911 1920 2070 1965 adipsum

1177 1976 1438 2019 interposuerunt
1463 1971 1661 2013 Helladius,
1691 1971 1890 2010 Eutherius,
1916 1971 2068 2014 &plures

1175 2025 1233 2058 alii
1255 2025 1344 2058 istius
1368 2022 1578 2057 Rebellionis
1610 2021 1766 2065 Episcopi
1790 2046 1798 2054 .
1823 2020 1951 2057 Omnia
1978 2019 2071 2057 istius

1178 2072 1419 2117 Appellationis
1438 2070 1605 2106 Postulata
1623 2070 1741 2109 'Xissus
1763 2071 1916 2107 exaudite
1937 2082 2005 2106 non
2018 2084 2070 2115 po.

1177 2123 1240 2157 tuit
1254 2137 1266 2158 .·
1293 2120 1474 2156 Exaudivit
1494 2129 1604 2155 tamen
1616 2122 1726 2163 aliqua
1739 2145 1748 2154 .
1773 2121 1945 2157 Praefatam
1961 2122 2071 2157 Sansti

1178 2169 1299 2215 Cyrilli
1318 2171 1473 2204 duritiam
1486 2170 1709 2203 circumduxit
1720 2193 1732 2209 ,
1752 2168 1771 2202 ὲ
1785 2181 1862 2213 pace
1870 2170 2007 2208 exclusit
2022 2174 2069 2207 so-

1179 2222 1246 2253 lum
1270 2217 1486 2256 Nestorium,
1513 2217 1639 2251 cunetis
1658 2217 1731 2252 aliis
1741 2218 2069 2263 Degradatisresera-

1179 2269 1225 2303 vit
1236 2273 1424 2312 reparaturae
1433 2266 1544 2312 gratiae
1552 2265 1686 2310 januam
1708 2266 1893 2305 dummodo
1905 2271 2069 2314 aperirent,

1178 2318 1293 2353 oculos
1314 2341 1328 2359 ,
1353 2327 1392 2352 ac
1412 2317 1608 2361 poeniterent
1628 2343 1636 2351 .
1662 2317 1708 2354 Et
1733 2318 1910 2360 Helladius
1938 2323 2067 2367 aperuit

1178 2368 1310 2404 oculos.
1764 2395 1767 2400 ‚
1971 2368 1987 2397 ”.

1362 2590 1632 2641 CAPUT
1666 2595 1849 2646 CLXV.
1889 2613 2049 2661 ...253

1177 2726 1327 2778 Epistola
1346 2755 1358 2775 ‚
1387 2730 1508 2785 inquit
1529 2757 1548 2780 ‚b
1569 2737 1637 2774 Deo
1663 2734 1871 2789 ,Amiciffimi
1896 2736 2057 2789 Episcopi

1231 2785 1434 2826 Alexandri
1462 2814 1475 2834 ,
1512 2801 1609 2841 quam
1646 2791 1827 2845 Tharsenfi
1860 2792 2052 2846 rql'crtpfit,

1231 2846 1430 2895 vituperans
1457 2846 1587 2898 quidem
1613 2852 1743 2901 Scripta
1770 2847 1876 2901 ipsius
1894 2877 1907 2897 ‚
1935 2851 2050 2890 admo·-

1231 2912 1310 2938 nens
1338 2903 1420 2940 verb
1447 2916 1544 2949 eum,
1572 2918 1611 2944 ne
1634 2903 1792 2958 desereret
1819 2921 1877 2953 ea,
1905 2922 1972 2960 quae
1992 2905 2049 2959 J?-

1230 2958 1298 2995 mel
1325 2964 1392 2998 Deo
1412 2960 1597 3001 amabiliter
1617 2961 1811 3017 judicaffl’t.

1211 3064 1370 3101 Udicium
1380 3067 1512 3111 quidem
1537 3066 1580 3103 de
1592 3070 1730 3113 talibus,
1754 3072 1834 3107 Deo
1845 3069 2048 3108 Amiciffime

1234 3115 1399 3157 Domine,
1431 3128 1494 3153 tua:
1504 3117 1550 3152 est
1561 3131 1615 3163 per
1624 3123 1736 3157 omnia
1749 3123 1827 3158 Deo
1837 3121 2047 3158 Amabilitati

1230 3170 1451 3210 conveniens,
1479 3180 1535 3213 per
1545 3180 1662 3206 omnes
1680 3171 1841 3216 spiritales
1854 3172 1974 3207 viventi
1985 3173 2049 3206 vir-

1171 3225 1276 3253 tutes.
1305 3218 1380 3263 Ego
1403 3227 1513 3253 autem
1533 3230 1641 3265 rogo,
1667 3230 1705 3256 ut
1723 3220 1807 3257 illud
1827 3219 1939 3258 mente
1947 3222 2047 3266 perci-

1170 3267 1239 3311 piat
1249 3266 1327 3303 Deo
1347 3267 1496 3308 amabilis
1507 3268 1632 3306 Anima
1657 3280 1710 3307 tua
1721 3297 1733 3314 ,
1760 3272 1849 3316 quod
1862 3271 1982 3317 ubique
1991 3282 2046 3317 per

1170 3317 1295 3353 Orbem
1314 3328 1460 3363 tempore
1471 3319 1533 3354 isto
1551 3320 1680 3365 publica
1698 3323 1842 3357 exeritur
1859 3323 1992 3359 audacia
2004 3321 2046 3355 ab

1170 3367 1403 3414 aegrotantibus
1411 3380 1447 3406 ea
1458 3367 1563 3407 haerefi
1574 3397 1586 3414 ,
1613 3383 1683 3417 quae
1693 3383 1797 3415 nuper
1811 3373 1939 3407 emersit
1947 3394 1963 3414 ,
1986 3379 2045 3406 aut

1691 3421 1724 3456 E
1746 3431 1766 3458 e
1960 3418 1995 3455 ei
