2320 3730
359 198 453 260 30‘0

280 436 333 473 rit
352 435 436 472 duos
457 435 697 472 abominabiles
720 432 806 466 viros
822 454 834 470 ,
860 439 1044 473 operatores
1065 429 1175 464 omnis

280 484 447 521 lascivias
467 484 596 529 Nempe
621 481 835 518 Athanasium
867 491 904 514 ac
925 479 1153 514 Marinianum
1166 505 1173 512 .

280 532 446 573 Neutrum
472 546 578 572 tamen
593 532 749 577 imposuit
775 529 981 564 Dolichiensi
1009 530 1172 564 Ecclefiae.

278 586 373 622 Huic
385 589 475 624 enim
499 583 657 627 imposuit
671 581 901 623 Presbyterum
915 604 927 621 ‚
953 580 1021 625 ejus
1042 591 1178 616 oecono·

278 647 372 677 mum
384 663 395 679 ,
423 637 530 671 virum
552 634 717 678 integrum
735 656 742 664 .

291 684 295 689 ”
329 687 508 723 Decimum
518 683 735 720 accusationis
749 691 846 726 caput
856 682 963 728 tangit
977 682 1080 726 ipsam
1092 682 1174 717 Hie-

274 736 466 782 *rapolitanae
491 733 647 770 Civitatis
666 732 961 777 Metropolitanam
975 732 1149 767 Ecclesiam
1165 757 1172 764 .

272 787 420 833 Joannes
431 784 559 820 acceffit
570 783 780 827 Hierapolim
795 783 971 828 dispiciens
981 783 1080 817 etiam
1094 782 1174 816 Ale·

275 834 443 869 xandrum
467 830 720 882 Metropolitam
739 834 936 876 extrudere‚'
957 834 992 868 ὅ(
1013 833 1089 868 dare
1116 832 1171 876 ipsi

274 885 498 920 successorem
511 910 524 927 ‚
548 894 647 929 atque
670 884 716 919 ita
738 894 854 919 omnes
867 884 1018 919 reducere
1031 883 1071 918 ad
1083 884 1171 918 suam

265 936 548 970 'communionem
568 946 608 970 ac
619 934 843 970 obedientiam
856 961 863 967 .
891 935 939 970 At
965 934 1059 968 iilum
1071 932 1171 967 deter-

270 983 340 1020 f'uit
350 985 473 1032 Populi
483 985 519 1020 in
535 983 760 1020 Alexandrum
770 985 1020 1029 pertinacissima
1032 984 1172 1018 benevo—

269 1034 396 1071 lentia.
425 1035 520 1070 Hinc
534 1035 668 1071 intravit
686 1036 796 1070 nescio
809 1035 900 1079 quod
914 1033 1171 1077 Hierapolitanae

273 1083 444 1121 Parochiae
470 1085 643 1130 Oppidum
670 1109 682 1125 ,
707 1086 741 1119 δε
767 1085 843 1119 istic
868 1085 904 1117 in
932 1085 1040 1117 Sancti
1069 1081 1170 1125 Sergii

268 1134 433 1180 Martyris
461 1134 604 1169 Ecclesia
628 1131 756 1168 novum
785 1133 1020 1175 Episcopatum
1044 1130 1171 1172 erexit,

264 1183 310 1219 δι’
331 1183 693 1226 consecravit‘primum
712 1181 933 1226 Episcopum.
960 1180 1172 1229 Qandoque

265 1235 402 1274 censui,
428 1232 517 1278 quod
531 1233 660 1268 novum
673 1244 742 1267 non
753 1231 898 1267 erexisset
911 1232 1144 1276 Episcopatum
1159 1257 1170 1273 ‚

267 1283 326 1318 sed
339 1294 467 1318 novum
480 1283 655 1318 dumtaxat
669 1283 872 1328 Episcopum
898 1281 1108 1317 consecrasset
1129 1282 1170 1317 ad

269 1332 408 1369 titulum
439 1333 700 1379 Hierapolitanae
728 1333 901 1368 Ecclefiae:
927 1332 1030 1380 Qod
1052 1333 1170 1373 illum,

265 1385 431 1428 quoniam
454 1385 626 1420 civitatem
641 1384 766 1419 vintrare
788 1395 859 1419 non
883 1392 1031 1427 poterat,
1058 1383 1170 1417 conse-

262 1434 382 1470 crasset
393 1435 430 1470 in
445 1434 601 1479 Oppido.
629 1433 678 1469 At
691 1433 835 1469 omnino
857 1434 960 1468 erexit
974 1444 1096 1469 novam
1107 1433 1172 1467 Ca-

261 1482 437 1521 thedram.
467 1483 557 1520 Istud
580 1483 739 1519 evincunt
767 1481 836 1518 haec
852 1483 949 1517 verba
974 1496 983 1516 :
1011 1481 1171 1525 Bafillcam

263 1535 369 1569 Saum
404 1537 498 1579 Sergii
523 1537 665 1573 Martyris
685 1559 696 1576 ‚
731 1532 894 1576 secundum
922 1533 1082 1575 pristinum
1113 1544 1172 1566 mo-

262 1581 331 1619 rena
343 1608 354 1624 ‚
379 1582 435 1627 sub
457 1583 586 1625 Ecclefia
607 1583 699 1624 hujus
730 1583 782 1626 effe
799 1583 974 1626 Metropolts.
997 1607 1010 1623 ,
1036 1588 1083 1616 uti
1100 1590 1171 1616 erat

262 1642 436 1676 antequam
473 1634 508 1667 ἐν
527 1644 669 1677 magnum
691 1632 770 1673 istud
783 1631 881 1676 ipsum
900 1634 1047 1676 templum
1071 1631 1173 1674 fabri-

263 1691 367 1719 catum
387 1683 427 1717 ess
451 1706 462 1722 ,
498 1683 532 1717 Θ
552 1684 596 1716 illl
640 1683 764 1723 alttffimt
795 1688 876 1716 muri
902 1707 913 1723 ‚
939 1682 974 1717 (9
1001 1683 1064 1716 alia
1087 1687 1172 1716 intra

264 1735 393 1770 eandem
415 1737 608 1767 munitionem
631 1733 780 1775 aedlffiia.
807 1731 871 1767 Hae
887 1731 991 1777 igitur
1013 1743 1106 1767 novae
1126 1733 1168 1767 fa·

260 1784 365 1819 ‘bric-2,
397 1782 558 1817 dederunt
589 1782 710 1824 Joanni
730 1782 843 1815 ansam
866 1782 1016 1826 erigendi
1046 1793 1170 1816 novum

261 1833 508 1876 ‹Episcopatum
521 1857 529 1863 .
555 1829 708 1865 Praesens·
725 1829 880 1873 synodus
902 1829 959 1864 has
979 1830 1103 1866 litteras
1127 1832 1169 1866 ad

267 1882 420 1929 chinas
433 1881 519 1918 misit
531 1891 587 1928 per
601 1879 750 1916 Clericos
760 1890 798 1916 ac
810 1878 1021 1916 Monachos..

955 2013 1155 2022 --ψ

432 2106 696 2157 CAPUT
733 2110 989 2155 CXXXVI.
1019 2121 1171 2169 --224

271 2241 443 2316 Epistola
491 2241 707 2291 Alexandri
753 2240 933 2310 Epl‘ft0pl'
970 2277 985 2301 ‚
1015 2241 1165 2310 rqsjmn.

442 2312 558 2362 dentis
595 2312 716 2381 fitper·
762 2310 819 2359 his
868 2315 1010 2366 Joanm'

546 2375 870 2452 Archi-Episcopo
884 2418 901 2430 .

342 2529 575 2576 Apientiffimo
588 2526 770 2563 Salomone
790 2525 1031 2561 determinante
1049 2534 1104 2568 per
1114 2521 1173 2558 Diu

276 2609 278 2611 v
366 2583 481 2617 vinam
488 2579 630 2626 gratiam
641 2575 805 2612 contraria
826 2585 970 2619 tempora
982 2599 992 2616 ‚
1020 2575 1054 2608 δε
1066 2574 1174 2608 dicen-

276 2644 314 2670 te
330 2658 342 2675 ‚
367 2635 495 2673 Tempus
509 2628 609 2671 flendi
632 2650 644 2667 ,
670 2627 704 2659 6·
727 2634 846 2668 tempus
865 2626 1008 2664 ridendi,
1036 2623 1174 2658 arbitror

278 2692 413 2724 tempus
436 2679 567 2722 praesens
591 2686 660 2710 non
679 2675 839 2710 infantilis
863 2675 956 2715 ludi,
981 2673 1036 2708 sed
1059 2675 1120 2708 esse
1131 2674 1174 2708 la-

278 2732 496 2774 chrymarum
518 2751 530 2767 ,
553 2727 588 2760 &
615 2725 798 2770 gemituum
823 2750 834 2766 ,
859 2726 894 2759 δε
920 2723 1101 2759 multorum
1128 2724 1175 2757 lu-

279 2784 412 2817 ssuum.
444 2776 533 2824 Qis
553 2775 643 2811 enim
657 2786 727 2809 non
750 2775 1070 2819 lamenteturlegens
1082 2773 1174 2823 impii

278 2829 409 2877 cyrilli
430 2826 588 2871 Capitula
610 2850 622 2866 ,
656 2824 692 2858 δε
711 2825 837 2868 reliqua-
872 2825 928 2859 illa
957 2825 1152 2867 Conscripta
1166 2846 1176 2863 ,

286 2893 358 2926 quae
379 2877 587 2915 con-veniunt
604 2875 651 2909 eis
669 2897 682 2915 ,
710 2874 745 2909 δε
767 2871 853 2908 hanc
869 2898 883 2916 ,
908 2886 1005 2920 quam
1027 2886 1116 2909 nnnc
1135 2873 1177 2908 ad

286 2930 482 2967 Dominum
501 2936 612 2962 meum
634 2923 874 2960 Sanfflffimum
896 2949 905 2966 ,
931 2925 964 2959 &
986 2926 1061 2959 Deo
1086 2923 1177 2959 Ami-

288 2981 455 3017 ciffimum
473 2977 676 3022 Episcopum
701 2973 862 3009 Acacium
877 2973 1022 3016 scripfit,
1048 2974 1178 3016 Episto-

289 3033 357 3065 lam
373 3029 488 3074 (cujus
498 3026 693 3072 prooemium
704 3025 748 3060 fic
759 3026 791 3059 se
800 3023 1049 3068 quodammodo
1061 3022 1159 3058 habet
1167 3049 1179 3066 ,

293 3084 452 3115 Decentem
470 3077 505 3122 se
524 3083 617 3112 etlam
639 3086 740 3117 nune,
767 3074 877 3117 inquit
892 3097 903 3114 ,
929 3084 1030 3107 curam
1052 3072 1179 3116 fiescepit

294 3130 448 3163 sanatus
459 3137 514 3162 tua
524 3152 536 3168 ,
562 3128 673 3161 videm
685 3136 749 3160 cum
771 3129 851 3159 omni
861 3122 1002 3165 instantia
1018 3147 1028 3163 ,
1051 3123 1181 3166 &forti-

296 3180 401 3212 tudine
412 3203 423 3218 ,
448 3176 608 3221 )hisips1s
617 3177 739 3221 ubique
752 3185 899 3210 utentem
913 3197 924 3214 ,
948 3183 1016 3208 tarn
1031 3174 1065 3208 in
1078 3184 1179 3217 prooe-

297 3227 373 3262 miis
384 3250 395 3267 ,
423 3237 521 3270 quam
533 3227 567 3260 in
579 3226 756 3261 finalibus?
768 3226 832 3260 Per
844 3236 914 3269 quae
928 3224 961 3258 ὅ(
975 3223 1181 3269 Primogeni-

298 3286 373 3312 tum
392 3287 433 3310 ex
444 3274 580 3309 mortuis
590 3274 709 3309 factum
729 3275 821 3311 fuisse
831 3273 1100 3309 DeumVerbum
1112 3299 1122 3316 ,
1148 3275 1181 3309 &

302 3326 491 3362 reviviscere
500 3325 611 3359 Deum
625 3323 791 3365 Verbum,
819 3326 854 3359 δε
867 3324 1079 3359 Conventum
1091 3335 1183 3360 natu-

299 3375 402 3413 talem
410 3399 423 3421 ,
441 3372 663 3412 &secundum
675 3373 905 3417 subfistentiam
926 3374 1110 3411 unitionem
1133 3376 1181 3411 su·

644 195 1027 247 <VAR10'RUM
1064 196 1320 240 PATRUM
1354 184 1679 260 Epa-rom,

285 282 499 321 Provinciam
516 309 523 318 ·
552 283 680 321 octavo
691 310 703 327 ,
727 286 817 330 quod
830 285 901 318 illic
913 281 1083 325 legitimos
1099 278 1179 322 Epi·

282 337 398 378 scopos
420 335 529 380 ejiciat
546 361 558 379 ,
598 337 633 371 δε
654 346 765 371 contra
789 335 922 367 Parrum
957 328 1105 374 Regulas
1127 329 1177 363 su-

281 385 466 429 perordinet
477 387 559 422 alios
571 413 578 420 .
606 386 713 421 Nono
725 409 736 424 ,
763 379 854 424 quod
872 380 955 413 inter
965 377 1025 413 hos
1043 379 1178 414 intruse-

1239 278 1356 314 stinere
1367 304 1378 320 ‚
1401 279 1436 312 &
1449 280 1482 314 in
1496 292 1597 315 unam
1609 293 1755 321 naturam
1766 287 1930 323 redactum
1941 281 2114 325 evidentit't

1236 329 1312 363 fime
1328 329 1522 372 praedicavit.
1555 332 1600 365 Et
1622 343 1680 375 pro
1702 333 1754 368 his
1765 336 1926 379 decertat,
1951 349 2107 382 tanquam

1236 380 1287 423 pie
1299 380 1330 413 se
1341 390 1439 424 atque
1461 378 1645 416 orthodoxe
1663 381 1824 423 habeant,
1846 387 1879 420 δε
1889 389 2019 424 Divinis
2031 392 2111 425 Scri.

1236 429 1338 473 pturis
1348 432 1492 466 consona
1514 432 1599 473 sint,
1627 433 1672 466 ita
1683 441 1719 467 ut
1743 444 1803 467 nec
1824 445 1967 480 unquam
1980 440 2111 483 projice-

1235 491 1270 514 re
1290 478 1359 514 haec
1379 481 1535 521 assumat,
1560 492 1714 526 tanquam
1736 483 1870 518 Divinis
1891 487 2022 529 quidem
2031 491 2112 524 Scri-

1236 531 1338 573 pturis
1358 533 1525 572 consona,
1551 534 1731 569 evertentia
1753 533 1830 568 vero
1846 535 1946 579 impia
1964 536 2112 581 &pollu-

1236 589 1268 616 ta
1280 605 1291 622 ‚
1316 581 1406 624 juxta
1419 582 1542 626 ipsum,
1569 582 1717 618 Nestorii
1728 583 1883 629 dogmata
1895 610 1902 618 .
2044 611 2058 631 χ

1285 630 1360 665 Nec
1381 643 1528 674 unquam
1551 645 1612 668 nos
1622 634 1715 669 aliter
1737 634 1770 668 in
1783 636 2051 671 communionem
2063 640 2114 673 vel

1235 679 1252 713 ὲ
1265 681 1297 714 se
1307 681 1370 716 esse
1389 683 1616 727 recipiendos,
1642 685 1692 718 vel
1715 684 1756 718 ab
1777 685 1846 726 eis,
1871 687 1927 730 qui
1951 688 1980 722 ei
2000 687 2114 723 cadem

1236 731 1380 774 sapiunt,
1407 735 1786 769 excommunicationem
1810 737 1878 770 sore
1898 737 2083 772 solvendam
2103 763 2114 779 ,

1234 781 1291 814 nili
1317 782 1350 816 ὃ(
1365 781 1553 818 Nestorium
1566 785 1896 821 condemnaverimus
1906 811 1916 827 ‚
1927 786 1961 821 ἅ.
1973 786 2115 832 blasphe-

1235 842 1286 864 ma
1295 856 1305 872 ,
1317 832 1396 867 ficut
1409 833 1476 876 ipse
1489 834 1572 868 dicit
1583 859 1594 876 ‚
1619 835 1764 879 &impia
1775 835 1843 879 ejus
1855 837 2024 882 Dogmata
2040 848 2116 872 ana-

1234 880 1571 919 thematizaverimus.
1603 885 1647 918 Et
1670 885 1704 918 in
1723 886 1837 921 medio
1847 886 2020 930 Epistolae,
2047 887 2116 931 pol-

1233 930 1316 966 lutas
1337 934 1407 967 suas
1431 945 1550 968 vocum
1572 935 1734 970 novitates
1747 959 1757 975 ‚
1782 935 1817 970 &
1835 935 2034 978 objectiones
2044 937 2114 972 falsi

1235 982 1380 1017 nominis
1403 983 1562 1025 scientiae,
1587 985 1852 1020 &tortuositates
1872 986 2038 1021 ostentans
2060 998 2116 1021 co-

1233 1031 1432 1076 gitationum
1445 1035 1574 1069 suarum
1587 1058 1598 1075 ‚
1625 1035 1747 1078 scripsit
1768 1035 1832 1070 ita:
1862 1038 1946 1079 ,Qula
1964 1043 2115 1070 inconver-

1232 1081 1327 1114 tibilis
1341 1105 1353 1121 ,
1379 1083 1486 1123 inquit
1501 1108 1511 1124 ,
1538 1086 1572 1118 (ς’
1583 1085 1779 1118 immutabilis
1792 1109 1803 1125 ‚
1830 1086 1864 1119 <¹5
1875 1091 1968 1119 omnis
1976 1087 2115 1129 paffionts

1232 1129 1455 1173 insusceptibilis
1467 1132 1506 1171 est
1519 1135 1576 1165 Del
1587 1135 1688 1165 Sermo
1700 1157 1711 1173 ‚
1721 1134 1888 1174 impaffibile
1897 1135 1936 1175 est
1947 1141 2026 1169 enlm
2036 1136 2118 1179 quod

1234 1183 1382 1214 Divinum
1390 1180 1448 1222 est,
1474 1182 1508 1215 &
1522 1180 1712 1223 conversionis
1733 1182 1982 1218 obumbrationem
1992 1187 2116 1219 menime

1227 1230 1350 1275 Jizffivrt.
1380 1231 1424 1264 Et
1437 1231 1561 1274 reliqua
1576 1256 1583 1263 .
1612 1232 1678 1265 His
1699 1231 1775 1266 vetti
1787 1232 1926 1276 adiecit.-
1955 1237 2039 1279 ,Quia
2059 1247 2118 1268 om·

1232 1286 1280 1314 nis
1288 1281 1425 1322 paffiom's
1434 1279 1659 1324 infusseptibilu
1670 1282 1708 1323 est
1716 1279 1874 1325 fecundtim
1891 1290 2048 1326 propriam
2061 1297 2117 1318 na-

1232 1342 1333 1365 turam
1342 1355 1350 1362 .
1378 1331 1423 1365 Et
1435 1331 1660 1375 superinduxit
1673 1346 1684 1366 .·
1710 1333 1901 1376 ,Quiapaffus
1914 1334 1951 1375 est
1963 1333 2116 1375 cbrfflus,

1232 1383 1266 1416 Θ
1277 1384 1426 1414 Dominus
1438 1406 1448 1422 ‚
1476 1384 1694 1426 &Unigemtus
1718 1384 1815 1416 Ft'lius
1826 1385 1881 1416 Dei
1899 1393 2005 1418 carne.
2033 1384 2118 1431 Qae

1234 1430 1603 1466 dicensconclufionem
1627 1431 1757 1467 delufit.
1786 1433 1830 1466 Et
1841 1433 1947 1478 magis
1969 1431 2035 1468 hoc
2047 1443 2119 1468 om-

1234 1481 1329 1515 nibus
1353 1480 1505 1515 subtilius
1522 1482 1683 1516 Sanctitas
1706 1492 1762 1516 tua
1786 1487 1872 1516 novit
1894 1507 1906 1523 ,
1931 1481 2025 1526 sciens
2048 1482 2118 1526 ejus

1233 1532 1334 1574 impia
1344 1530 1514 1575 Dogmata
1528 1556 1535 1563 .
1562 1532 1645 1578 Qae
1666 1532 1700 1565 δε
1713 1543 1768 1576 per
1780 1533 1899 1567 multas
1908 1533 2026 1568 direxit
2038 1532 2120 1567 Pro-

1232 1580 1356 1614 vincias
1369 1604 1380 1621 ,
1407 1588 1583 1623 antequam
1597 1581 1874 1624 proficisceremur
1885 1581 1927 1616 ad
1937 1582 2117 1625 Ephesum-.-

1235 1631 1296 1666 Per
1323 1629 1568 1673 Cappadociam
1591 1654 1604 1671 ‚
1641 1630 1675 1664 &
1703 1631 1869 1665 Galatiam
1886 1656 1898 1672 ,
1923 1630 1957 1664 ὅ(
1980 1641 2116 1666 omnem

1232 1681 1405 1715 Orientem
1420 1703 1427 1711 .
1456 1679 1641 1714 xia-omnes
1657 1690 1773 1714 contra
1794 1681 1862 1724 ipsa
1882 1681 2010 1719 mov-it,
2035 1691 2118 1723 quo-

1232 1741 1373 1774 cumque
1386 1729 1590 1763 conscribere
1611 1729 1737 1772 potuit.
1765 1729 1828 1764 Sed
1849 1730 1880 1764 ὰ
1891 1730 1961 1773 post
1974 1730 2115 1765 reditum

1232 1778 1416 1824 ab-Epheso
1436 1790 1494 1823 per
1505 1779 1686 1822 Epistolam
1709 1779 1851 1814 scribens
1861 1780 2016 1815 Sanstitas
2038 1791 2116 1822 tua,

1232 1842 1269 1865 ea
1294 1840 1363 1874 quae
1386 1830 1421 1863 in
1436 1827 1569 1874 Epheso
1591 1830 1673 1864 facta
1694 1830 1794 1869 sunt,
1820 1828 2116 1865 Admirandiffimo

1233 1881 1268 1915 δε
1291 1879 1622 1924 Magnificentiffimo
1646 1880 1843 1924 Appiniano
1862 1904 1874 1921 ‚
1900 1880 1989 1914 Duci
2010 1880 2122 1914 Meso-

1234 1931 1384 1978 potamiae
1402 1954 1413 1970 ,
1440 1928 1649 1974 integerrime
1669 1929 1928 1972 abominabilem
1947 1930 2122 1974 Capitulo·

1233 1992 1307 2016 rum
1336 1979 1607 2026 Conscriptorem-
1627 2004 1642 2022 ,
1666 1979 1821 2025 illiusque
1839 1980 1989 2025 exposuit
2020 1979 2122 2014 haere·

1233 2031 1289 2064 sim
1303 2056 1310 2063 .
1331 2047 1333 2052 ¹
2112 2042 2115 2046 ·

1282 2079 1317 2113 Si
1330 2077 1449 2122 igitur,
1477 2079 1557 2113 sicut
1583 2081 1785 2114 Sanstiss'imo
1806 2082 1972 2124 Episcopo
1988 2079 2117 2114 Acacio

1231 2126 1420 2162 orthodoxa
1443 2127 1506 2162 effe
1527 2127 1594 2162 visa
1610 2129 1655 2163 est
1682 2128 1828 2173 Epistola
1841 2153 1852 2168 ,
1877 2128 1919 2162 sic
1933 2129 2034 2162 etiam
2053 2138 2116 2162 tuae

1233 2178 1406 2212 Sanffitativ
1415 2202 1427 2218 ,
1453 2178 1650 2221 superfluam
1661 2178 1799 2212 arbitror
1809 2178 2038 2222 fatigationem
2049 2179 2119 2212 Do·

1235 2227 1318 2260 mini
1339 2227 1407 2260 mei
1420 2225 1495 2259 Deo
1508 2225 1707 2260 Amiciffimi
1719 2226 1872 2271 Episcopi
1884 2227 1980 2260 Pauli
2002 2225 2042 2261 ad
2056 2226 2121 2261 ΑΞ-

1234 2275 1411 2321 gyptium.
1438 2274 1524 2309 Tuae
1538 2276 1627 2310 enim
1650 2277 1832 2311 Sanc-’litatis
1857 2276 2059 2320 Epistolam‚
2083 2276 2118 2311 δε

1236 2325 1355 2368 Cyrilli
1366 2324 1407 2359 ad
1421 2325 1657 2360 Sandiiffimuni
1669 2325 1869 2371 Episcopum
1878 2326 2039 2362 Acacium
2051 2337 2119 2370 per·-

1235 2376 1383 2420 legens,
1411 2387 1487 2410 cum
1511 2376 1630 2420 pariter
1654 2375 1755 2411 essent
1785 2375 1956 2411 nobiscum
1987 2378 2020 2412 δε
2039 2377 2118 2411 Deo

1238 2425 1436 2460 Amici-ssimi
1463 2425 1642 2470 Episcopi,
1668 2426 1703 2459 δε
1729 2427 1824 2460 multi
1849 2425 2120 2460 Reverendiffimi

1236 2475 1376 2517 Clerici,
1405 2476 1564 2510 &eorum
1580 2476 1636 2520 qui
1659 2476 1775 2510 nostrae
1794 2476 1871 2510 sunt
1893 2475 2058 2515 civitatis,
2085 2475 2121 2510 &

1235 2537 1352 2562 eorum
1369 2526 1425 2571 qui
1448 2525 1489 2559 de
1501 2525 1675 2560 Provincia
1697 2527 1793 2568 sunt,
1820 2525 2026 2570 aliorumque
2037 2525 2122 2558 mul-

1236 2586 1344 2611 torum
1372 2601 1384 2617 ‚
1410 2575 1496 2609 nihil
1518 2575 1630 2610 inveni
1648 2600 1659 2615 ‚
1686 2586 1793 2619 neque
1813 2586 1878 2620 ego
1897 2600 1908 2615 ‚
1935 2585 2040 2619 neque
2062 2573 2120 2618 qui

1236 2635 1327 2661 erant
1345 2626 1536 2669 praesentes,
1561 2625 1746 2659 consonans
1766 2625 1998 2668 quodcumque
2021 2623 2071 2657 vel
2082 2624 2121 2656 si-

1236 2674 1332 2710 mile.
1359 2673 1407 2708 At
1420 2671 1494 2706 vero
1506 2673 1683 2718 cognoscat
1694 2674 1852 2707 Sanctitas
1865 2683 1920 2708 tua
1934 2698 1945 2714 ,
1970 2673 2046 2717 quia
2058 2672 2120 2707 im-

1237 2726 1308 2770 pius
1320 2734 1387 2758 non
1402 2734 1490 2757 nunc
1509 2719 1561 2756 his
1571 2722 1731 2766 decipulis
1743 2722 1845 2756 utitur
1857 2747 1864 2755 .
1894 2723 2011 2758 Direxi
2024 2722 2119 2766 primi

1240 2772 1513 2809 Anathematisrni
1536 2772 1605 2816 ejus
1626 2772 1929 2816 interpretationem
1945 2797 1956 2814 ‚
1982 2773 2039 2807 ubi
2062 2773 2120 2807 im·

1240 2826 1330 2870 pium
1341 2822 1581 2868 Apollinarium
1592 2829 1625 2855 in
1637 2822 1736 2856 fidem
1748 2821 1882 2857 Parrum
1892 2822 2031 2867 exponit
2040 2848 2051 2864 ‚
2077 2821 2120 2857 ad

1240 2874 1456 2911 seductionem
1467 2882 1562 2907 utens
1576 2871 1682 2907 Dictis
1693 2870 1757 2906 his:
1785 2875 1872 2916 ‚Quia
1883 2884 1976 2915 neque
1981 2872 2120 2914 fermen-

1239 2931 1333 2966 tatio,
1358 2935 1450 2966 neque
1460 2928 1689 2966 retemperatio,
1715 2934 1806 2965 neque
1826 2922 1932 2964 refufio
1944 2920 2118 2965 substantlae

1239 2978 1302 3019 ey'us
1316 2975 1360 3007 ad
1365 2985 1481 3008 carnem
1483 2973 1574 3014 fac‘la
1586 2972 1642 3014 cst.
1672 2972 1787 3008 Posuit
1800 2971 1876 3006 vero
1893 2971 1928 3005 in
1941 2972 2009 3015 ipsa
2024 2972 2121 3006 inter·

1241 3025 1440 3071 pretatione:
1467 3027 1551 3068 ,Quia
1572 3026 1606 3059 (a
1624 3021 1725 3067 semen
1746 3021 1875 3056 Abrabae
1899 3020 2120 3064 apprehendit,-

1241 3074 1412 3118 &fimiliter
1436 3074 1515 3107 nobis
1525 3079 1730 3117 participatus
1751 3072 1789 3114 est
1793 3071 1941 3117 sanguine
1963 3074 1998 3106 <5
2009 3081 2120 3105 carne.

1242 3126 1287 3160 Et
1299 3137 1378 3160 mox
1399 3125 1567 3159 sceleratus
1590 3123 1755 3167 &impius
1776 3123 1912 3166 adjicit:
1939 3125 2063 3156 Genitus
2075 3119 2114 3161 est

1240 3180 1321 3211 enlm
1336 3186 1373 3209 ex
1383 3175 1493 3208 sanlla
1504 3179 1624 3219 Virgine
1644 3172 1807 3218 secundam
1824 3184 1941 3208 carnem
1951 3197 1962 3214 ‚
1988 3173 2022 3206 (θ’
2038 3170 2120 3204 homo

1242 3230 1383 3268 apparuit
1401 3223 1560 3267 secundam
1580 3235 1653 3258 nos.
1683 3223 1728 3258 Et
1748 3223 1898 3268 possibile
1916 3223 1962 3256 est
1984 3221 2014 3255 ei
2028 3245 2040 3261 ,
2064 3216 2122 3273 qu}

1241 3277 1361 3311 timore
1375 3275 1440 3309 Dei
1459 3275 1492 3309 &
1504 3274 1681 3310 reverentia
1702 3272 2003 3316 interpretationem
2026 3267 2121 3312 pritm

1242 3324 1391 3370 Capituli
1412 3324 1513 3368 legit,
1538 3324 1677 3369 plurima
1693 3323 1863 3362 invenire,
1891 3322 1926 3356 in
1950 3318 2065 3364 quibus
2084 3314 2120 3348 &

1242 3375 1436 3413 obumbrare
1452 3374 1602 3420 videtur,
1624 3375 1658 3411 &
1669 3371 1956 3411 manifestiffimam
1979 3365 2124 3451 Ιέεῑτξξῑηι

1264 3444 1269 3446 -
1998 3427 2016 3451 u
