2320 3730
617 188 930 254 SCHOLllhs,
967 214 1029 242 ετ
1064 197 1257 243 Nous
1291 209 1689 243 lctusnzArffl.

208 297 269 324 tua
295 312 304 321 .
332 289 460 322 omnes
483 308 493 324 ‚
520 283 575 326 qui
603 284 690 318 circa
716 293 807 319 tuam
834 283 1098 329 Religiositatem

213 342 308 379 sunt,
330 347 414 381 ego,
445 336 479 369 &
494 336 549 379 qui
562 345 693 370 mecum
712 337 803 378 sunt,
829 336 1022 370 salutamus.

403 491 913 535 SenoLION.

225 637 241 721 Ι
286 637 301 721 Ι
320 636 556 680 Ierapolitanus
579 634 769 671 Alexander
784 635 849 668 fuit
860 630 1102 668 alieniffimusa

346 687 493 722 Nestorii
518 686 751 725 damnatione,
775 685 810 718 ἀ
826 684 843 717 ὲ
863 684 984 727 Cyrilli
1007 682 1102 725 Capi-

209 739 288 772 tulis
300 751 310 771 .-
339 738 376 771 ln
391 748 504 780 paoem
517 736 698 772 consentire
717 733 960 770 contumaciter
969 734 1100 773 noluit,

209 788 269 822 nisi
290 788 349 822 ista
369 787 684 827 circumduceretur,
710 786 744 820 ἀ
767 784 834 819 haec
857 792 1100 829 percuterentur

209 839 351 872 solemni
372 837 596 872 anathemate.
625 835 731 871 Porro
753 836 839 879 apud
865 835 960 869 illurn
983 832 1098 867 &An-

209 888 301 922 dreas
323 889 356 922 &
379 887 617 922 Theodoretus
638 911 648 927 ,
677 896 792 931 utpote
813 886 922 920 dilecti
945 883 1099 927 Suffraga-

209 939 283 978 nei,
308 947 400 972 erant
411 948 561 981 potentes
575 937 674 972 verbo
685 938 717 971 δε
728 948 840 980 opere.
871 935 919 968 At
932 934 1008 968 vero
1025 932 1099 974 hic,

209 986 299 1030 quod
321 988 357 1022 in
375 1000 489 1032 pacem
510 999 586 1022 cum
609 987 696 1022 varia
718 985 961 1029 dispensatione
980 983 1101 1017 conde-

209 1038 430 1072 scendendum
454 1039 599 1071 censeret
622 1060 634 1075 ,
671 1035 757 1069 male
778 1032 862 1077 apud
893 1034 989 1068 illurn
1013 1033 1101 1067 olere

208 1088 326 1130 coepit.
353 1087 446 1120 Hinc
467 1085 562 1120 illum
574 1084 724 1121 Andreas
747 1094 863 1129 purgat
876 1109 886 1125 ‚
906 1085 1102 1127 &compro-

208 1136 265 1170 bat
286 1136 354 1178 ejus
374 1136 535 1179 judicium
555 1158 566 1174 ,
593 1134 723 1169 studens
748 1135 897 1168 emollire
918 1133 1101 1168 Alexandri

206 1185 361 1220 duritiam
373 1211 380 1218 .
409 1187 453 1220 Et
466 1185 575 1222 scribit
594 1186 695 1220 varia.
725 1182 858 1226 Primo,
885 1185 974 1228 quod
987 1183 1102 1218 Theo-

207 1236 340 1271 doretus
363 1247 569 1281 nequaquam
599 1235 752 1270 admittat
779 1234 902 1278 Cyrilli
923 1234 1100 1277 CapiwIa,

206 1287 259 1320 sed
273 1287 339 1331 ipsa
351 1286 604 1324 anathematizet
615 1285 787 1319 multoties
814 1283 953 1318 millies.
981 1284 1101 1318 Secun-

206 1336 252 1370 do
261 1360 272 1377 ‚
301 1337 389 1381 quod
403 1335 467 1370 hoc
479 1335 687 1372 manifestum
697 1335 735 1369 sit
746 1347 788 1369 ex
798 1335 867 1382 ejus
878 1334 919 1369 ad
931 1333 1099 1369 Andream

206 1387 322 1420 litteris
335 1412 343 1419 .
372 1386 511 1427 Tertio,
526 1386 616 1428 quod
628 1386 662 1419 in
676 1386 949 1430 qualemcumque
962 1396 1073 1432 pacem
1088 1411 1100 1426 ,

207 1436 286 1470 licet
308 1448 384 1470 cum
398 1437 484 1470 varia
506 1436 766 1480 dispensatione,
795 1435 987 1470 descendere
999 1436 1037 1471 sit
1049 1447 1100 1480 pe·

206 1487 296 1520 nitus
308 1486 518 1522 necessarium
532 1511 538 1517 .
569 1487 702 1520 Etenim
715 1486 864 1521 adversus
878 1497 991 1529 pacem
1009 1487 1101 1531 perfi-

205 1536 323 1571 stentia
334 1536 374 1570 ad
388 1535 592 1579 nihiljuvare
614 1537 730 1580 possit,
757 1537 816 1569 nisi
840 1546 875 1570 ut
888 1535 1098 1580 Ephesinain

205 1587 328 1622 multos
340 1587 519 1630 Episcopos
538 1585 765 1631 degradatoria
776 1586 936 1620 sententia
949 1589 1100 1622 mittatur

207 1638 243 1671 in
265 1637 520 1676 executionem,
546 1646 645 1679 atque
667 1636 711 1670 ita
725 1635 866 1681 legitimi
880 1637 1033 1681 Episcopi
1046 1638 1100 1681 eji-

208 1687 358 1727 dantur,
385 1687 420 1721 &
438 1686 727 1730 superordinentur
750 1686 805 1721 alii
826 1713 833 1720 .
862 1687 964 1734 Qod
986 1687 1010 1720 fi
1033 1699 1100 1732 per-

208 1736 359 1771 mittatur
371 1761 382 1777 ,
407 1735 635 1772 orthodoxum
654 1737 778 1782 dogma
797 1748 839 1771 ex
860 1746 934 1772 toto
952 1738 1100 1773 absorbe-

208 1786 315 1822 bitur.
344 1786 496 1834 Qarto,
522 1787 613 1830 quod
636 1786 694 1822 has
713 1786 968 1832 dispensationes
988 1789 1101 1832 &ipse

209 1837 360 1871 Andreas
372 1862 383 1878 ,
407 1837 442 1870 &
455 1836 689 1872 Theodoretus
713 1839 817 1872 velint
840 1838 904 1871 esse
917 1839 1100 1873 rationabi-

209 1887 271 1921 les.
301 1886 451 1923 Andreas
463 1888 531 1922 vult
545 1911 555 1927 ,
582 1897 619 1923 ut
632 1888 710 1922 sicut
720 1887 867 1930 Cyrillus
878 1889 1101 1924 Orientalium

209 1936 449 1980 propositiones
469 1937 594 1981 rejicit,
619 1937 667 1971 ita
688 1938 875 1982 rejiciantur
898 1938 933 1972 &
953 1939 1021 1982 ejus
1040 1938 1103 1973 Po-

209 1986 345 2021 stulata:
375 1986 505 2030 Nempe
527 1987 675 2023 Nestorii
695 1988 890 2028 damnatio,
917 1990 952 2023 &
973 1988 1103 2024 anathe-

210 2048 265 2071 ma
287 2038 322 2071 in
343 2036 409 2081 ejus
421 2038 612 2082 Dogmata.
641 2036 797 2086 Qinto‚
823 2039 1102 2073 utnihilanathe·

210 2088 384 2122 matizetur
401 2112 413 2128 ‚
441 2088 499 2121 nisi
524 2086 593 2127 illi,
619 2098 702 2130 quos
724 2085 961 2121 Theodoretus
977 2088 1101 2132 expres-

208 2136 273 2177 sit,
298 2137 447 2170 articuli:
477 2136 520 2170 Et
533 2138 625 2180 super
647 2136 714 2170 istis
725 2136 781 2171 fiat
792 2137 996 2173 concordia.
1024 2138 1102 2171 Sex-

208 2185 265 2228 to,
291 2185 461 2229 deCyrilli
472 2186 636 2229 Capitulis
655 2187 764 2222 censet
774 2187 988 2230 dispensative
1011 2188 1102 2222 silen-

208 2236 313 2276 dum,
340 2236 372 2269 δε
385 2234 554 2280 adjungit:
581 2239 627 2269 Et
649 2236 758 2277 nobis,
786 2237 837 2270 vel
848 2236 878 2277 fi
885 2236 1101 2280 dispensatorie*

205 2294 314 2329 pacem
329 2283 528 2328 fiascipiamus
541 2310 551 2326 ,
574 2293 652 2330 pars
663 2287 745 2321 nulla
763 2285 801 2325 est
811 2298 876 2320 cum
889 2286 937 2320 his
951 2311 961 2327 ,
989 2293 1039 2329 qui
1050 2293 1103 2320 im-

205 2338 258 2378 pie*
272 2334 398 2379 sapiunt
423 2361 429 2368 .
459 2335 592 2379 Utique
614 2347 690 2371 cum
712 2337 868 2380 Cyrillo‚
894 2338 929 2371 &
951 2337 1025 2371 aliis
1047 2337 1102 2381 qui

210 2385 366 2429 Capitula
376 2397 446 2419 non
459 2385 695 2428 dereliquerint
709 2412 716 2419 .
730 2385 902 2427 Andreass
915 2399 982 2430 quo
990 2386 1103 2421 Theo·

210 2435 365 2468 doretum
384 2433 479 2477 plene
499 2444 651 2479 purgaret
663 2459 674 2476 ,
703 2436 876 2472 transmisit
897 2447 1015 2471 omnes
1035 2436 1103 2480 ejus

210 2484 350 2519 litteras.

429 2812 695 2863 CAPUT
731 2817 894 2866 LXIV.
933 2832 1101 2878 -e--152

210 3002 379 3070 Epistola
427 3002 644 3052 Alexandri
689 3006 968 3075 Hierapolitani
1002 3013 1101 3080 Epi.

306 3071 417 3141 fiopi
455 3073 509 3121 ad
543 3072 735 3122 Andream
768 3077 996 3148 Episcopum

561 3141 755 3214 riefirqita.

296 3334 408 3380 Egens
430 3346 499 3380 quae
522 3347 626 3380 nuper
646 3335 665 3371 a
691 3345 747 3372 tua
769 3336 998 3385 Religiositate
1019 3342 1095 3377 sunt

316 3387 434 3433 scripta
447 3411 460 3430 ,
486 3386 612 3432 pervidi
634 3387 713 3432 quia
735 3387 894 3427 sathanas
914 3392 1093 3429 secundum

1876 218 1893 249 1
1905 218 1935 257 9
1949 219 1964 249 1

1162 281 1329 316 veritatem
1343 280 1457 325 petiit,
1483 288 1521 314 ut
1531 280 1684 316 cribraret
1695 295 1807 321 omnes
1819 299 1878 323 nos
1894 288 1974 323 ficut
1986 287 2040 323 tri-

1163 331 1266 365 ticum
1280 357 1287 364 .
1315 332 1391 376 Ego
1402 331 1479 365 vero
1491 331 1555 366 fide
1567 333 1728 375 proposita
1743 337 1835 369 nullo
1856 339 1957 373 rnodo
1978 339 2039 372 im-

1164 383 1317 424 pietatem
1329 382 1391 422 effe
1410 381 1717 417 condescensionem
1731 406 1741 422 ,
1768 395 1872 428 neque
1893 400 2039 422 commu-

1164 433 1301 466 nionem
1322 444 1398 466 cum
1421 431 1581 468 haereticis
1601 444 1713 477 pacem
1740 432 1863 468 Christi
1885 439 2012 479 appello
2029 464 2037 471 .

1165 481 1259 516 Absit
1271 507 1278 515 .
1308 483 1351 516 Et
1364 483 1404 517 da
1417 483 1544 517 veniam
1557 508 1568 525 ,
1594 483 1804 518 velocitatem
1831 489 2042 527 permutatio-

1165 533 1216 565 nis
1236 533 1416 576 adspiciens
1443 534 1557 572 oravi,
1582 544 1618 568 ut
1633 543 1714 568 terra
1737 533 1821 568 mihi
1844 533 2041 569 dehisceret.

1165 583 1208 615 Et
1229 584 1322 624 vere,
1352 584 1411 616 nisi
1435 584 1537 619 timor
1548 584 1612 619 Dei
1634 584 1816 619 retinuisset
1828 596 1880 619 me
1900 609 1911 625 ,
1938 586 2043 619 conti-

1164 631 1231 665 nuo
1244 634 1397 667 Eremum
1411 644 1522 676 petens
1534 645 1718 669 extremum
1729 635 1869 678 spatium
1886 635 2043 678 perquifiss

1164 682 1228 715 sem
1241 708 1248 714 .
1276 682 1365 716 Puto
1377 684 1467 718 enirn
1479 685 1555 728 quia
1580 686 1615 720 ὃ(
1627 694 1690 719 tuae
1700 684 1867 720 Sanstitati
1880 685 1971 726 dixi,
1999 684 2047 728 ju-

1163 731 1335 774 rejurando
1347 732 1542 769 satisfaciens
1554 736 1606 777 ei,
1633 736 1667 770 &
1680 735 1946 771 maledictionem
1969 746 2049 770 con-

1162 791 1210 814 tra
1232 782 1461 825 memetipsum
1483 785 1657 828 suscipiens
1678 811 1690 827 ‚
1725 786 1747 819 fi
1771 786 2007 821 alienationem
2027 786 2047 820 a

1163 831 1335 874 Mysteriis
1345 831 1498 865 conscius
1508 833 1591 867 mihi
1603 836 1672 869 sum
1690 861 1700 876 ,
1725 846 1781 871 aut
1792 847 1847 880 per
1861 836 2050 871 contentio·

1163 892 1238 914 nem
1253 905 1264 923 ,
1290 890 1347 915 aut
1371 892 1428 925 per
1444 881 1564 917 odium
1584 907 1595 923 ,
1623 894 1677 918 aut
1700 897 1755 930 per
1776 878 2048 926 rebellationem,

1162 940 1218 965 aut
1240 942 1295 974 per
1305 931 1480 974 cujuslibet
1502 932 1635 967 alterius
1649 936 1786 977 gratiam
1805 938 1910 971 facere
1922 936 2050 981 aliquid

1163 981 1198 1015 in
1211 982 1306 1016 causa
1318 982 1490 1025 praesenti,
1516 982 1568 1016 sed
1584 994 1709 1026 ponens
1721 985 1833 1018 Deum
1843 988 1876 1020 ὅ(
1890 988 2051 1030 loannem

1164 1042 1240 1067 ante
1252 1031 1368 1066 oculos
1393 1031 1768 1071 &asscitum-nostrum.
1799 1034 1844 1068 Et
1868 1037 1993 1078 superat
2014 1036 2052 1071 ti-

1166 1094 1238 1116 mot
1248 1082 1316 1117 Dei
1329 1105 1340 1122 ,
1366 1083 1400 1116 &
1414 1081 1580 1118 haereditas
1598 1081 1739 1118 Christi.
1770 1083 1878 1120 Unde
1892 1086 1924 1120 δε
1937 1085 1955 1119 ὲ
1974 1098 2053 1123 ωτι·

1164 1133 1220 1173 §lis
1247 1133 1378 1168 veniam
1399 1131 1550 1178 postulo.

1357 1290 1869 1339 Scn0L10N.

1237 1434 1282 1469 Er
1295 1433 1381 1471 hanc
1397 1436 1583 1481 Epistolam
1597 1436 1787 1473 Alexander
1798 1438 1915 1482 incipit
1926 1438 2062 1474 demon·

1261 1485 1358 1521 strare
1381 1488 1471 1523 suam
1496 1490 1782 1533 pertinacissimam
1806 1490 1916 1532 apace
1928 1490 2065 1523 aversio·

1165 1546 1257 1570 nem.
1286 1537 1442 1573 Affirmat
1465 1539 1563 1574 etiam
1586 1540 1628 1574 ab
1642 1540 1775 1574 Andrea
1787 1551 1824 1574 ac
1841 1538 2064 1574 Theodoreto

1166 1587 1366 1630 propositum
1388 1589 1526 1626 modum
1538 1591 1602 1624 effe
1622 1589 1826 1625 manifestam
1840 1589 2064 1631 impietatem,

1166 1636 1340 1681 indignam
1365 1639 1652 1675 condescensionis
1677 1663 1688 1680 ,
1725 1639 1780 1672 seu
1813 1638 2067 1682 dispensationis

1166 1687 1322 1721 nomine.
1350 1687 1455 1734 Qod
1478 1700 1596 1731 nempe
1618 1688 1785 1732 permittat
1798 1688 1954 1732 Capitula
1975 1688 2065 1723 abire

1167 1737 1231 1772 sine
1243 1735 1466 1773 Anathemate
1475 1763 1483 1774 .,
1510 1736 1664 1778 Affirmat
1678 1740 1748 1773 fore
1757 1739 1963 1774 manifestam
1976 1750 2065 1773 com-

1169 1788 1364 1825 munionem
1384 1800 1462 1823 eum
1485 1787 1664 1829 haereticis,
1690 1800 1753 1832 prae
1777 1799 1842 1831 qua
1867 1791 1930 1822 effe
1953 1789 2065 1832 potius

1170 1837 1381 1871 moriendum
1400 1837 1543 1874 clamant
1566 1849 1685 1873 omnes
1707 1837 1820 1872 Patres
1841 1838 1875 1872 δε
1889 1838 2065 1873 Canones.

1171 1886 1245 1921 Esse
1264 1888 1375 1930 potius
1396 1887 1604 1922 moriendum
1618 1912 1629 1929 ‚
1656 1886 1756 1932 quam
1782 1888 1834 1922 vel
1856 1888 1934 1922 solis
1947 1887 2067 1923 haereti-

1169 1948 1284 1972 corum
1310 1936 1502 1975 nominibus
1514 1938 1830 1973 communicandum
1842 1959 1849 1968 ·
1879 1938 2010 1982 Scripsit
2023 1950 2066 1973 ex

1168 1987 1304 2030 antiqua
1316 1988 1427 2032 regula
1439 2011 1452 2028 ,
1477 1988 1512 2021 ἀ
1522 1988 1608 2030 juffit
1621 1989 1758 2024 Sanitus
1771 1987 1934 2021 Gelafius.
1965 1989 2009 2022 Et
2028 1989 2067 2022 sx-

1168 2037 1267 2070 nistra
1288 2037 1381 2070 istius
1411 2038 1530 2080 regulae
1550 2038 1729 2081 applicatio
1762 2037 1892 2072 seduxit
1915 2036 2067 2073 Alexan-

1168 2085 1283 2119 drum.
1313 2086 1407 2119 Hinc
1428 2085 1511 2121 dicit
1525 2101 1536 2121 .·
1562 2088 1730 2128 Nifitimor
1742 2091 1798 2121 Det
1816 2088 1978 2131 retinuisset
1993 2101 2038 2123 me
2050 2112 2064 2129 ,

1166 2138 1300 2170 continue>
1312 2147 1441 2171 eremum
1448 2145 1554 2178 petens
1566 2146 1735 2174 extremum
1751 2137 1944 2183 perquisissem
1956 2165 1963 2171 .
1993 2140 2066 2173 An-

1166 2185 1271 2225 dreae,
1297 2187 1355 2229 qui
1376 2186 1610 2229 perfistentiam
1638 2199 1708 2221 non
1730 2187 1790 2221 nisi
1813 2189 1854 2222 ad
1876 2190 2066 2224 Canonicoe

1167 2247 1238 2270 rum
1253 2235 1491 2278 Episcoporum
1514 2235 1708 2278 ejectionem
1729 2237 1893 2280 scripserat
1915 2240 1979 2273 effe
1992 2240 2064 2274 uti-

1166 2285 1230 2319 lem
1244 2309 1254 2324 ‚
1280 2284 1454 2329 respondet
1478 2284 1565 2320 hanc
1585 2285 1776 2329 ejefflonem
1797 2285 1880 2322 adeo
1901 2287 1962 2323 ase
1974 2301 2063 2324 con-

1169 2335 1295 2376 temni,
1322 2345 1359 2371 ut
1373 2335 1588 2379 paratissimus
1599 2336 1718 2372 sitnon
1729 2337 1901 2373 dumtaxat
1912 2339 1952 2374 ad
1965 2340 2059 2374 suum

1168 2385 1271 2418 redire
1291 2384 1552 2427 Monasterium‚
1579 2387 1634 2421 sed
1653 2387 1791 2431 propelli
1809 2388 1850 2422 ad
1872 2399 2060 2424 extremum

1170 2433 1402 2478 quuscumque
1411 2436 1511 2469 eremi
1533 2437 1673 2478 spatium
1686 2462 1693 2469 .
1720 2437 1874 2473 Affirmat
1891 2440 1922 2472 se
1934 2451 2002 2473 non
2016 2452 2060 2474 ex

1170 2485 1407 2523 contentione,
1433 2494 1489 2519 aut
1519 2485 1622 2525 odio,
1648 2486 1701 2520 sed
1722 2498 1765 2521 ex
1785 2489 1867 2522 recta
1879 2488 2058 2532 Mysterio-

1168 2546 1238 2568 rum
1251 2535 1468 2569 consonantia
1490 2534 1558 2570 haec
1578 2535 1731 2572 scribere.
1759 2536 1841 2572 Haec
1863 2538 1979 2580 verba,
2007 2543 2059 2573 Da

1169 2589 1312 2624 veniam,
1338 2584 1523 2620 velocitatem
1542 2591 1771 2626 permutationis
1798 2586 1966 2631 aspiciens,
1991 2601 2059 2623 ora-

1169 2641 1203 2669 vi
1215 2659 1226 2675 ,
1250 2644 1284 2668 ut
1295 2644 1377 2669 terra
1389 2634 1462 2669 mibi
1482 2633 1663 2678 dehisceret,
1690 2635 1911 2673 Theodoreto
1931 2639 1965 2672 &
1978 2639 2058 2674 An..

1167 2685 1268 2726 dreae,
1295 2696 1333 2720 ac
1355 2685 1529 2730 praesertim
1554 2685 1674 2733 Joanni
1698 2686 1917 2738 Antiocheno
1937 2689 2059 2733 impro-

1167 2746 1278 2780 perant
1290 2735 1619 2780 instabilitatem,qua
1629 2736 1827 2773 accedebant
1839 2737 1879 2774 ad
1888 2739 2055 2782 Cyrillum

1164 2797 1201 2822 ac
1213 2786 1283 2829 ejus
1295 2786 1449 2829 Capitula
1461 2811 1471 2828 ,
1485 2798 1554 2831 quae
1564 2798 1632 2822 non
1649 2788 1726 2823 solis
1737 2788 1841 2824 verbis
1850 2814 1861 2830 ‚
1887 2789 1942 2823 sed
1953 2790 2054 2826 etiam

1165 2836 1405 2871 solemnissimis
1424 2838 1551 2881 scriptis
1562 2863 1573 2880 ‚
1600 2839 1671 2873 imo
1692 2839 1922 2882 &juramentis
1936 2851 2053 2883 nuper-

1165 2886 1453 2923 rimeinvaserant.
1482 2887 1568 2923 Eam
1591 2890 1731 2925 affirmat
1742 2889 1797 2926 fibi
1821 2888 1913 2924 suiffe
1923 2886 1989 2924 huc
2002 2890 2053 2924 us-

1163 2948 1227 2979 que
1264 2936 1491 2975 incredibilem
1512 2964 1524 2981 ,
1559 2939 1625 2983 jam
1662 2938 1739 2975 vero*
1767 2941 1830 2976 effe
1861 2939 2054 2985 importabi-

1164 2988 1246 3023 lem.

1131 3445 1141 3541 ,
