2320 3730
607 196 914 252 Scirotns,
954 209 1017 239 Er
1050 190 1239 240 Nous
1276 205 1677 244 unusranrffi.

221 284 280 328 qui
298 288 502 319 eam->vocem
515 305 526 322 ‚
551 292 620 325 quae
639 282 685 317 est
711 282 916 323 Emmanuel,
943 290 1098 323 tanquam

221 332 414 369 Divinitatis
426 356 438 372 ‚
461 343 530 375 quae
539 343 580 367 ex
597 332 739 378 Virgine
748 344 824 368 nata
834 332 880 367 est
899 356 911 372 ,
937 331 1003 364 Dei
1020 329 1104 363 Ver-

222 382 258 419 bi
277 382 521 427 fignificativam
542 383 704 427 accipiens
725 407 737 424 ‚
763 383 844 417 dum
868 378 1102 425 Propheticum

221 432 448 468 testimonium
469 433 590 476 profert
611 457 622 474 ‚
648 434 683 468 &
708 434 893 476 frequenter
917 429 1041 464 sursum
1065 439 1103 463 ac

220 481 374 517 deorsum
384 483 501 517 clamat
511 483 552 517 de
566 483 708 527 Virgine
718 485 850 522 ,Genutt
858 479 1018 524 secundum
1031 490 1103 513 car·-

219 543 292 567 nem
313 535 560 574 Emmanuelem,
587 544 676 567 nunc
696 531 912 567 humanitatis
934 538 1043 575 partus
1068 528 1104 562 fi-

220 582 472 628 gnificationem
491 585 627 627 suscepit
652 582 717 617 hoc
744 593 868 616 nomen
899 581 916 613 ,ἓ
949 578 1104 613 Theotocos

219 643 347 668 nomen
368 644 466 675 quare
486 634 627 678 praetulit
648 632 858 666 Emmanuelis
878 630 1010 665 nomini
1029 655 1041 671 ‚
1067 638 1104 662 ut

221 694 346 718 nomen
367 680 471 719 Verbi
493 682 727 718 tantummodo
751 708 763 724 ‚
795 681 847 715 vel
871 676 1107 715 tantummodo

219 733 367 768 Deitatis
387 742 483 777 parta‘.
503 732 545 768 de
555 732 726 778 Virgine?
752 729 874 767 sivero
897 730 1105 764 Emmanuelis

220 782 386 818 vocabulo
397 782 544 818 Verbum
560 807 571 823 ‚
597 781 685 825 quod
696 791 825 826 partum
839 781 885 816 est
896 806 908 823 ,
934 779 1107 826 significari

220 832 327 875 dicit,
353 833 494 877 eoquod
518 833 604 868 idem
626 832 824 868 vocabulum
843 832 994 876 praedicet
1015 828 1108 863 Nobi-

218 877 301 926 scum
322 886 407 917 Deu:
417 908 430 924 ‚
455 894 554 927 quare
565 883 670 918 rursus
685 883 719 918 id
743 883 850 926 ipsum
862 907 875 924 ,
901 891 1016 926 utnon
1030 878 1109 912 Dei-

221 932 300 967 tatis
310 956 323 973 ,
349 933 403 967 sed
416 934 524 968 carnis
533 959 543 975 ,
570 946 641 978 quae
651 933 696 968 est
706 944 747 968 ex
760 933 904 977 Virgine
916 955 929 973 ,
954 929 1111 975 fignifica-

221 982 329 1016 tivum
356 983 458 1024 dicit,
486 984 522 1018 &
542 984 724 1027 proclamat
754 981 911 1026 quasdam
932 990 1029 1014 voces
1040 979 1111 1013 fibi-

221 1031 367 1074 metipfis
376 1032 578 1066 contrarias?
604 1033 647 1065 Et
667 1030 733 1065 hoc
754 1030 890 1074 quidem
911 1029 1110 1065 demonstra·

222 1081 270 1114 tio
282 1080 326 1113 est
338 1090 452 1115 eorum
462 1105 474 1122 ,
486 1091 558 1126 quae
568 1080 610 1117 ab
620 1082 692 1124 ipso
704 1083 778 1116 sunt
788 1080 892 1121 dieta,
916 1081 1089 1116 dementia:
1101 1103 1109 1111 .

272 1128 399 1164 Verum
423 1140 571 1174 repetens
592 1131 721 1167 easdem
741 1141 840 1166 voces
861 1141 957 1166 cerne
988 1131 1110 1170 etiam,

221 1188 344 1223 quanta
365 1180 402 1213 sit
426 1178 625 1225 blasphemia
639 1194 651 1214 .·
676 1184 710 1215 si
720 1186 800 1216 enim
810 1183 847 1215 de
857 1182 956 1220 celo,
979 1180 1109 1225 inquit,

223 1232 259 1263 (st
278 1240 337 1262 non
358 1241 398 1264 ex
418 1233 541 1275 Virgine
558 1229 697 1274 sanequm
708 1236 823 1272 corpus
833 1233 960 1266 dicimus
966 1230 1112 1273 fadum,

220 1280 435 1322 quomodajam
447 1284 505 1315 Del
516 1284 657 1316 Genttrtx
681 1281 884 1326 intelligitur?
911 1283 1010 1325 ‚Quem
1031 1291 1113 1314 nam·

221 1340 280 1372 que
298 1333 416 1364 omnim)
437 1341 497 1365 non
512 1338 631 1374 peperit
642 1356 654 1374 ,
681 1331 740 1375 m'fi
746 1342 850 1366 verum
863 1331 904 1374 fit
915 1357 926 1373 ,
953 1331 1034 1374 quod
1041 1334 1113 1364 Em-

221 1381 387 1413 manuelem
405 1388 543 1424 genuerit
560 1382 726 1426 secundum
735 1393 874 1417 carnem.
903 1382 985 1416 Non
1000 1391 1114 1426 perter-

221 1439 312 1464 retur
321 1431 447 1464 vesanis
455 1429 646 1467 hominibus
657 1433 835 1475 praedicans
845 1456 858 1473 ,
885 1433 963 1477 quia
974 1431 1042 1467 Dei
1057 1441 1116 1466 no-

222 1490 302 1514 men
321 1480 564 1524 significatione
585 1482 632 1516 est
657 1481 827 1517 Geniturae
836 1483 994 1524 carnalis,
1020 1482 1066 1516 ita
1079 1489 1116 1515 ut

224 1529 344 1564 Carnis
364 1529 522 1565 Genitrix
540 1533 580 1566 fit
603 1536 661 1565 Dei
683 1536 843 1566 Genitrix.
869 1532 972 1578 Qod
985 1542 1065 1576 ergo
1077 1531 1116 1564 fit

223 1590 349 1613 nomen
374 1580 571 1615 Divinitatis
586 1581 701 1620 illius,
726 1592 799 1625 quae
821 1580 915 1614 unita
936 1581 984 1615 est
1005 1580 1119 1618 carni,

224 1627 264 1661 ἀ
288 1638 360 1672 quae
370 1627 417 1662 est
428 1639 506 1663 cum
512 1630 625 1675 genita
635 1640 733 1665 carne
744 1655 756 1672 ,
781 1631 805 1664 fi
818 1630 896 1665 dum
908 1634 967 1665 Det
977 1633 1118 1664 Genitrtx

226 1676 372 1719 dicitur,
399 1678 487 1714 illius
507 1681 554 1715 est
577 1680 779 1716 vocabulum
800 1691 934 1724 partus,
959 1680 1018 1725 qui
1041 1691 1119 1715 con-

229 1727 449 1763 substantialis
470 1728 517 1764 est
539 1729 674 1774 Virgini
698 1731 716 1762 ἓ
743 1731 895 1765 Alterum
927 1731 946 1765 ὲ
969 1730 1119 1766 duobus:

229 1776 304 1812 Aut
314 1779 408 1813 Deus
419 1778 568 1815 Verbum
589 1780 811 1826 significatur,
835 1791 912 1815 cum
934 1780 1001 1815 Dei
1013 1781 1121 1815 Geni-

225 1829 297 1863 trix
306 1828 452 1870 dicitur,
476 1830 510 1864 &
530 1830 611 1865 hinc
626 1829 745 1874 absque
771 1831 911 1866 nomine
936 1830 1056 1865 Carnis
1074 1831 1121 1865 est

230 1885 366 1921 partus;
393 1888 451 1913 aut
474 1880 500 1913 fi
525 1883 583 1915 Del
609 1884 772 1915 Genitricis
794 1892 919 1915 nomen
938 1880 1123 1915 constituti-

230 1937 311 1961 vum
325 1927 443 1963 Carnis
453 1929 498 1963 est
509 1954 521 1971 ,
544 1931 631 1965 circa
642 1931 746 1974 ipsum
757 1941 838 1975 ergo
849 1931 937 1966 idem
949 1930 995 1966 est
1006 1931 1123 1966 Carnis

231 1975 407 2020 Genitrix,
432 1978 523 2024 quod
544 1981 611 2015 Dei
632 1980 787 2015 Genitrix
800 2005 807 2012 .
834 1981 880 2015 Et
901 1981 1073 2023 quomodo
1092 1981 1122 2014 ei

230 2025 344 2067 stabit,
357 2030 448 2072 quod
459 2029 505 2063 ait
516 2042 528 2064 .·
555 2029 836 2073 GenuitJZ-cundum
846 2034 981 2065 Carnem
997 2034 1123 2063 Emma-

230 2076 378 2110 nuelem?
401 2078 476 2111 Nifi
498 2079 584 2113 forte
605 2079 727 2113 dixerit
753 2080 844 2123 quod
869 2080 979 2123 Virgo
999 2079 1123 2122 peperit

229 2124 374 2160 Carnem
385 2127 565 2163 secundum
577 2128 731 2164 Carnem.
760 2129 879 2163 Praeter
890 2127 957 2163 haec
968 2127 1044 2162 vero
1055 2130 1124 2163 sua-

229 2186 271 2210 ve
280 2173 434 2211 ducerem
455 2179 617 2222 requirere
643 2178 762 2220 illum,
787 2190 887 2220 quern
900 2188 993 2222 putet
1013 2179 1032 2212 a
1045 2179 1125 2212 Pro-

231 2224 332 2269 pheta
351 2226 603 2262 Emmanuelem
625 2228 719 2261 fuifl‘e
739 2227 976 2270 praedicatum?
994 2227 1124 2260 Utrum

231 2275 443 2318 inseparabile
465 2276 547 2310 illud
574 2277 642 2311 Dei
662 2275 767 2310 Verbi
790 2276 973 2319 templum,
1000 2275 1034 2308 in
1056 2286 1123 2318 quo

230 2324 406 2360 nobiscum
426 2337 482 2369 per
504 2338 602 2370 opera
624 2327 718 2361 Deus
738 2324 932 2367 videbatur;
959 2336 1001 2358 an
1019 2325 1124 2369 ipsum

231 2375 358 2418 proprie
368 2374 540 2410 Verbum?
565 2376 658 2410 Nam
670 2377 692 2409 fi
706 2375 834 2419 proprie
847 2377 951 2420 ipsum
963 2375 1124 2416 Verbum,

231 2423 319 2456 dixit
341 2424 384 2457 ab
404 2435 463 2463 ea,
488 2437 559 2468 quae
571 2426 616 2459 est
627 2427 809 2458 Emmanuel
817 2425 1059 2468 appellatione,
1087 2426 1125 2458 il-

231 2472 292 2507 lud
314 2471 487 2508 hominem
508 2475 633 2508 nudum
655 2486 715 2514 ea,
742 2486 813 2519 quae
833 2474 971 2509 illiinde
982 2474 1028 2508 est
1042 2500 1053 2516 ‚
1078 2473 1125 2508 di-

232 2524 384 2567 gnitate,
409 2534 507 2566 quem
527 2525 625 2559 nobis
647 2525 735 2566 quafi
759 2535 872 2568 parum
891 2524 1085 2560 facientibus
1095 2525 1125 2558 se

232 2573 334 2616 fingit
354 2572 513 2616 objicere;
543 2575 566 2607 fi
589 2574 667 2608 vero
681 2573 713 2607 id
725 2575 831 2617 ipsum
841 2585 967 2609 nomen
979 2575 1040 2609 soli
1052 2586 1123 2619 pro-

232 2622 301 2666 prie
324 2621 441 2656 vifibili
459 2622 617 2665 deputat,
644 2623 893 2658 Emmanuelem
917 2623 1015 2658 nobis
1035 2626 1123 2668 quafi

231 2672 370 2705 alterum
384 2672 561 2716 quemdam
574 2680 683 2716 praeter
693 2673 881 2708 Dominum
892 2671 1061 2708 Christum
1083 2687 1124 2709 ex

233 2720 376 2765 Virgine
394 2722 543 2757 diffamat
563 2723 730 2767 genitum.
757 2723 820 2759 Sed
832 2723 900 2758 haec
919 2723 1053 2767 quidem
1064 2737 1124 2760 no·

236 2770 285 2804 bis
298 2770 453 2804 haetenus
473 2771 559 2806 dista
569 2773 647 2806 sint.

284 2821 468 2856 Veniamus
481 2821 559 2857 vero
580 2822 614 2856 &
634 2821 676 2857 ad
688 2823 860 2860 secundam
872 2825 945 2860 talis
963 2825 1124 2869 poeniten-

233 2874 287 2907 tiae
307 2871 501 2908 falsitatem:
527 2874 558 2903 E
576 2873 673 2914 coelo,
700 2873 828 2917 inquit,
852 2874 1029 2919 descendens
1043 2879 1123 2909 Deux

233 2922 366 2958 Verbum
374 2927 552 2956 exinanivit
568 2921 760 2966 semetipsum
773 2948 784 2965 ‚
801 2925 936 2967 formam
952 2925 1122 2969 serviaccl-

235 2978 348 3015 plens,
375 2974 410 3006 θ
430 2974 601 3016 appellatus
619 2973 656 3015 est
678 2975 780 3008 Filius
802 2975 929 3010 bominis
941 3001 952 3017 ,
978 2987 1043 3010 cum
1067 2978 1122 3017 id,

239 3023 320 3064 quod
340 3031 426 3063 erat,
453 3032 609 3063 maneret,
636 3022 686 3056 hoc
695 3023 754 3065 est,
780 3028 860 3059 Deus
873 3052 881 3059 .
908 3027 1120 3061 Inoonvertibt-

236 3074 276 3105 lis
300 3077 381 3105 enim
393 3095 405 3112 ‚
430 3074 465 3106 (9⁸
486 3071 679 3106 immutabilis
689 3072 889 3118 eRsecundum
898 3086 1043 3111 naturam
1054 3085 1122 3110 tan-

239 3132 330 3165 quam
349 3131 426 3155 unus
443 3123 516 3163 ‚iam
535 3123 745 3167 intelligendus
773 3136 840 3159 cum
859 3133 984 3170 propria
1015 3138 1120 3160 carne.

238 3172 306 3206 His
317 3170 445 3206 occulte
459 3173 665 3215 proprietates
674 3184 861 3211 naturarum
870 3178 969 3212 instar
987 3179 1120 3212 fermen-

239 3222 266 3256 ti
286 3222 497 3256 commiscet.
525 3222 571 3256 Et
592 3233 709 3258 cavens
719 3226 852 3269 quidem
864 3227 1119 3263 consuetumfibi

238 3276 333 3305 Unius
353 3279 471 3306 naturae
491 3272 708 3315 vocabulum,
729 3286 772 3309 ne
791 3276 918 3322 signum
941 3288 1059 3313 notum
1082 3277 1119 3312 fit

237 3319 466 3366 blasphemiae,
489 3332 587 3366 prout
607 3323 756 3367 diceret,
779 3329 847 3360 Una
860 3337 973 3362 natura
986 3353 997 3369 ,
1023 3329 1119 3362 inter·

236 3372 346 3418 posuit
360 3385 371 3404 .·
397 3374 556 3415 Tanquam
565 3385 663 3408 unus.
686 3376 923 3413 lncanverttbtlts
941 3384 1019 3413 enim
1034 3402 1045 3421 ‚
1071 3379 1116 3412 in·

280 3450 283 3455 .
335 3419 750 3468 §hrm.Lup10peraT.V1L

1869 199 1968 245 281

1164 278 1236 320 quit
1247 303 1258 318 ‚
1282 278 1317 312 <a
1329 275 1527 311 immutabilis
1545 275 1583 316 est
1594 279 1675 311 Deus
1687 280 1811 314 Verbum
1817 281 1976 325 secundum
1990 285 2043 318 nai

1162 336 1262 362 turam
1272 353 1283 370 ,
1309 336 1455 369 tanquam
1463 337 1541 360 unus
1546 328 1618 368 jam
1630 328 1835 369 intelligendus
1844 343 1908 366 cum
1917 340 2044 376 propria

1165 382 1265 412 Carne
1286 403 1294 410 .
1318 378 1416 412 Dicit
1438 389 1446 409 :
1473 380 1554 410 Unus
1572 400 1584 417 ‚
1608 377 1816 420 intelligendus
1840 391 1904 413 cum
1921 391 2044 426 propria

1166 432 1284 462 Carne.
1312 428 1357 461 Et
1381 426 1471 472 quod
1494 433 1599 468 Unus,
1623 438 1694 461 non
1715 425 1849 470 adjecit.
1874 431 1946 464 Nec
1956 435 2047 470 enim

1167 477 1268 519 dixit,
1300 482 1382 511 Unus
1392 478 1516 518 Filius,
1537 486 1594 512 aut
1616 481 1699 511 Unus
1711 476 1866 518 christus,
1890 489 1946 513 aut
1966 485 2049 517 Unus

1167 531 1293 561 Genttus
1306 552 1318 569 ,
1344 539 1400 563 aut
1421 528 1547 573 aliquid
1565 527 1628 562 tale
1639 527 1848 571 intelligendus
1857 539 1922 561 cum
1929 537 2052 572 propria

1169 582 1288 619 Carne,
1317 590 1359 612 ne
1378 579 1476 613 aliam
1501 577 1625 617 Verbi,
1651 578 1796 612 &aliam
1806 578 1924 615 Carnis
1936 579 2055 615 intelli·

1169 640 1287 672 gamus
1309 629 1538 673 proprietatem
1552 653 1559 662 .
1585 629 1631 662 Et
1643 627 1881 663 evidentiorem
1891 629 2008 664 nolens
2019 631 2054 664 in

1169 677 1221 712 his
1230 703 1242 719 ‚
1269 688 1340 722 quae
1352 680 1528 723 sequuntur
1538 703 1549 720 ‚
1576 677 1810 722 blasphemiam
1822 680 1901 713 fecit
1910 703 1921 720 ,
1933 678 2055 714 dicens:

1170 732 1353 761 Nominatus
1363 728 1401 770 est
1414 732 1496 763 Deus
1507 729 1635 763 Verbum
1646 729 1771 763 &bomo
1785 729 1822 763 de
1833 729 1913 763 coelo
1923 753 1934 770 ‚
1957 730 2059 773 perfe—

1171 778 1236 810 elus
1258 778 1385 819 existens
1406 783 1439 811 in
1466 782 1604 820 Durate,
1631 781 1665 814 (9⁶
1680 779 1833 822 perfidus
1855 780 1934 813 idem
1950 779 2060 824 ipsein

1172 826 1375 862 humanitate.
1402 827 1486 863 Non
1509 828 1593 862 dicit
1606 842 1618 861 .·
1644 829 1801 870 PerfeHus
1827 833 1910 863 Deus
1931 830 2060 871 existens

1172 883 1204 910 in
1216 876 1491 921 homineperftaeo,
1516 878 1570 912 sed
1597 878 1750 919 Perfec‘lus
1771 879 1897 920 existens
1911 885 1944 913 in
1958 883 2062 913 Deita-

1173 934 1219 961 η.
1247 928 1292 962 Et
1304 929 1423 963 iterum
1439 944 1450 963 .-
1478 927 1633 970 Perfidus
1644 929 1722 960 idem
1732 928 1794 971 ipse
1804 936 1837 963 in
1853 929 2058 965 humanitate.

1173 976 1229 1012 Ut
1248 978 1332 1022 ipsas
1352 988 1482 1013 naturas
1495 988 1526 1012 ta
1533 989 1655 1023 nquam
1665 987 1771 1022 partes
1778 989 1901 1020 ponens
1917 981 2062 1015 invicem

1165 1028 1388 1072 completivas
1410 1028 1492 1063 bene
1518 1030 1689 1062 sonantem
1699 1037 1887 1062 naturarum
1899 1032 2065 1065 confusio-

1176 1089 1254 1112 nem
1272 1077 1404 1113 auribus
1425 1078 1629 1113 intromittat
1639 1102 1647 1110 .
1673 1077 1814 1121 Propter
1828 1079 1919 1121 quod
1930 1079 1969 1114 ab
1976 1092 2017 1115 eo
2028 1081 2065 1115 δε

1175 1128 1232 1169 id,
1257 1128 1348 1173 quod
1368 1129 1417 1163 est
1438 1130 1521 1163 Idem
1543 1126 1606 1171 ipse
1621 1152 1634 1169 ‚
1660 1127 1855 1172 supponitur
1873 1129 1914 1162 ad
1936 1130 2067 1164 occulte

1175 1178 1355 1214 fallendum
1368 1203 1376 1212 .
1402 1179 1486 1214 Non
1508 1177 1679 1217 Christus,
1705 1178 1902 1212 non·Filius
1920 1178 2008 1213 idem
2021 1179 2067 1222 ip-

1167 1231 1231 1270 ·se,
1257 1229 1312 1264 sed
1341 1228 1471 1264 Verbum
1490 1233 1676 1264 nominatum
1696 1228 1757 1270 est,
1783 1227 1910 1272 inquit,
1940 1228 2068 1263 &homo

1174 1280 1213 1312 de
1231 1281 1298 1314 coelo
1311 1302 1324 1320 ,
1343 1279 1495 1322 perfiHus
1515 1281 1594 1313 idem
1615 1277 1679 1323 ipse
1689 1283 1723 1316 in
1734 1277 1941 1313 humanitate.
1967 1279 2070 1314 Idcir-

1176 1329 1218 1364 εὸ
1239 1330 1274 1364 δε
1284 1339 1472 1365 naturarum
1486 1330 1565 1365 fecit
1572 1330 1644 1375 post
1656 1329 1829 1364 modicum
1839 1330 2045 1364 mentionem
2058 1352 2071 1368 ‚

1178 1379 1221 1414 eo
1243 1380 1333 1423 quod
1354 1377 1564 1417 Orthodoxis
1587 1382 1686 1415 suave
1705 1378 1811 1415 fithas
1821 1390 1917 1414 voces
1936 1380 2076 1415 audire.

1228 1430 1273 1465 Et
1296 1430 1370 1475 post
1393 1442 1538 1476 capturae
1557 1431 1662 1466 escam
1682 1430 1812 1465 inducit
1822 1430 2048 1466 confusionem
2063 1455 2072 1462 .

1179 1480 1314 1527 Qippe
1335 1490 1372 1515 ut
1395 1481 1452 1526 qui
1474 1479 1869 1525 supervacuenaturarum
1880 1481 2018 1516 nomine
2028 1479 2071 1513 ad

1181 1529 1401 1573 suspicionem
1434 1531 1614 1567 cavendam
1635 1530 1681 1565 est
1701 1532 1777 1565 usus
1802 1531 1918 1565 erroris
1939 1556 1947 1563 .
1974 1529 2072 1577 Qid

1180 1580 1270 1613 enim
1287 1579 1397 1614 dixit?
1421 1583 1467 1613 Et
1480 1580 1511 1623 fi
1529 1586 1752 1625 nonignoratur
1762 1580 1932 1621 dtfferentia
1947 1588 2074 1612 natura-

1182 1640 1271 1670 rum,
1299 1641 1337 1663 ex
1360 1630 1467 1672 quibus
1489 1635 1650 1665 unitionem
1673 1628 1810 1673 dtsct'mus
1832 1627 2074 1671 ineffabilemfa-

1183 1679 1281 1713 llam.
1308 1679 1433 1714 Rursus
1452 1680 1487 1714 id
1508 1680 1600 1722 quod
1620 1679 1708 1714 dixit
1725 1704 1737 1721 ,
1763 1682 1819 1712 Ex
1844 1679 1950 1721 quihus
1964 1703 1976 1720 ,
2001 1689 2079 1714 tan·

1183 1739 1282 1773 quam
1304 1739 1409 1774 partes
1429 1730 1490 1764 [int
1512 1729 1659 1765 invicem
1684 1740 1811 1765 naturai
1830 1730 2017 1764 Dominicae
2038 1730 2075 1762 in

1184 1791 1289 1813 unum
1310 1780 1471 1823 quiddam
1492 1781 1576 1814 fauae
1602 1805 1614 1821 ,
1637 1781 1682 1814 {ic
1706 1778 1856 1815 addidit.
1887 1778 2075 1824 Oportebat

1187 1840 1349 1873 namque,
1376 1839 1412 1863 ut
1423 1830 1568 1870 diceret,
1594 1840 1664 1864 non
1676 1833 1732 1863 Ex
1755 1829 1886 1872 quibus,
1911 1829 1965 1864 sed
1989 1831 2075 1873 ,Qua-

1185 1890 1250 1913 rum
1276 1880 1403 1912 dicImus
1423 1883 1586 1913 unitionem
1606 1879 1786 1921 ineffabilem
1800 1879 1925 1921 fabiam
1945 1905 1953 1913 .
1989 1878 2076 1923 Non
2134 1903 2136 1905 -

1186 1930 1276 1963 enim
1286 1940 1328 1963 ex
1342 1930 1488 1970 naturis,
1514 1930 1567 1964 sed
1587 1929 1731 1973 ipsarum
1752 1940 1943 1965 naturarum
1963 1928 2077 1965 ineisa-2

1187 1979 1263 2013 bilis
1273 1978 1319 2013 est
1334 1978 1445 2013 unitio
1460 2003 1468 2012 .
1496 1978 1614 2013 Taceo
1627 1979 1717 2023 quod
1731 1979 1774 2012 ’ἀ
1791 1980 1899 2013 carnis
1917 1990 1974 2020 per
1996 1983 2080 2013 cru-'5

1186 2040 1258 2062 cem
1289 2028 1420 2062 obitum
1452 2039 1509 2071 per
1534 2028 1847 2071 propriificationem
1878 2027 2078 2063 Divinitatis

1187 2086 1308 2110 natutae
1320 2076 1458 2120 deputat
1470 2090 1482 2110 .·
1508 2077 1553 2110 Et
1563 2077 1607 2112 fic
1619 2078 1781 2113 Divinam
1796 2078 2007 2113 substantiam
2029 2079 2077 2112 in·

1185 2125 1278 2161 ducit
1298 2127 1362 2161 effe
1372 2125 1552 2170 paffibilem
1566 2152 1573 2159 .
1601 2127 1647 2161 Et
1668 2128 1745 2171 quia
1757 2128 1862 2163 Verbi
1874 2128 2009 2163 dorsum
2033 2129 2077 2162 ad

1186 2176 1319 2211 verbera
1330 2176 1446 2210 datum
1462 2177 1557 2210 fuiffe
1569 2175 1718 2218 praedicat
1728 2200 1735 2208 .
1764 2178 1810 2211 Et
1821 2190 1883 2212 nec
1894 2178 1960 2212 hoc
1973 2180 2078 2214 intel-³

1165 2218 1170 2306 Ι
1186 2226 1286 2268 ligere
1295 2224 1400 2266 potest
1413 2247 1425 2263 ,
1451 2224 1528 2266 quia
1541 2224 1668 2265 injuriae
1677 2225 1718 2258 ad
1730 2222 1765 2257 id
1776 2248 1788 2265 ‚
1808 2226 1898 2269 quod
1910 2227 2077 2264 Divinum

1185 2274 1229 2307 est
1242 2295 1253 2312 ,
1280 2283 1336 2317 per
1347 2272 1662 2316 propriificationem
1673 2274 1756 2308 fasta
1774 2274 1890 2311 relatio
1909 2277 1955 2311 est
1965 2301 1977 2318 ‚
2002 2289 2078 2313 nort

1186 2332 1296 2357 autem
1319 2322 1525 2366 paffionum,
1550 2334 1622 2367 quae
1642 2323 1830 2361 naturaliter
1848 2328 1954 2362 carnis
1976 2328 2076 2371 sunt,

1166 2390 1170 2395 ι
1186 2373 1268 2407 facta
1279 2373 1324 2407 est
1338 2372 1517 2407 Divinitati
1527 2372 1704 2417 proprietas
1712 2401 1720 2409 .

1237 2424 1281 2457 Et
1303 2420 1372 2456 haec
1395 2434 1465 2457 non
1489 2424 1708 2460 confunditur
1731 2426 1864 2467 dicere,
1890 2426 1949 2471 qui
1971 2428 2074 2471 paulo

1186 2473 1260 2507 ante
1271 2474 1372 2507 sacras
1381 2483 1479 2508 voces
1491 2473 1559 2509 illic
1571 2474 1696 2510 dixerat
1708 2500 1720 2516 ,
1746 2487 1814 2520 quae
1832 2479 1877 2512 ita
1891 2480 1922 2512 se
1937 2477 2074 2513 habent:

1184 2524 1297 2556 Scimus
1310 2525 1382 2556 verb
1394 2524 1553 2567 Deiloquos
1563 2531 1648 2559 viros
1660 2525 1805 2569 quasdam
1826 2529 1945 2570 quidem
1966 2540 2072 2563 vocum

1184 2571 1455 2614 communificantes
1468 2598 1479 2614 ,
1504 2583 1539 2606 ut
1555 2573 1646 2616 super
1667 2587 1729 2610 una
1748 2576 1896 2620 persona,
1922 2577 2072 2621 quasdam

1185 2626 1254 2657 vera
1275 2623 1468 2665 dividentes,
1492 2631 1526 2656 ut
1543 2623 1633 2666 super
1654 2626 1772 2659 duabus
1796 2634 1939 2670 naturis,
1965 2631 2072 2663 &Dea

1184 2675 1304 2716 quidem
1324 2675 1439 2718 dignas
1458 2671 1618 2716 secundum
1635 2676 1839 2710 Divinitatem
1858 2677 1991 2718 Christi,
2017 2677 2073 2712 hu«

1183 2724 1267 2758 miles
1279 2726 1349 2757 vera
1357 2722 1520 2766 secundum
1533 2723 1747 2760 humanitatem
1758 2729 1912 2762 tradentes
1921 2754 1929 2761 .
1958 2727 2002 2761 Et
2013 2728 2073 2763 ite-

1184 2773 1256 2808 rum
1283 2788 1294 2807 .-
1322 2773 1503 2816 Confitentur
1527 2778 1687 2809 Domtnum
1708 2776 1834 2817 nostrum
1848 2776 1960 2823 Jesum
1981 2777 2071 2811 chrr-

1177 2824 1255 2864 stum
1271 2848 1282 2864 ,
1309 2824 1423 2857 Filium
1443 2827 1502 2858 Del
1523 2828 1710 2870 Unigenitum
1723 2851 1734 2867 ‚
1760 2832 1859 2860 Deum
1879 2826 2068 2869 perse-Eum,

1184 2872 1373 2916 antesaecuIa
1381 2875 1499 2917 quidem
1511 2886 1549 2909 ex
1562 2879 1656 2910 Patre
1671 2882 1807 2920 genitum
1827 2874 1990 2919 secundum
2011 2879 2068 2910 Dl-

1184 2930 1367 2967 vim'tatem3
1393 2931 1426 2958 in
1437 2926 1549 2959 ultimis
1561 2935 1660 2960 autem
1672 2926 1776 2959 diebus
1797 2937 1834 2959 ex
1852 2929 1953 2959 Maria
1967 2931 2065 2971 Virgi-

1183 2986 1219 3008 ne
1223 2974 1383 3019 secundum
1393 2973 1613 3009 humanitatem
1625 2999 1633 3008 .
1661 2975 1786 3011 Verum
1799 2976 1989 3010 manifestus
2006 2977 2066 3018 est,

1180 3025 1271 3069 quod
1293 3037 1349 3069 per
1369 3026 1585 3061 neceffitatem
1610 3026 1784 3060 Divinitus
1811 3025 2066 3061 &ineffabiliter

1180 3075 1235 3110 fibi
1246 3075 1406 3121 ingestam
1418 3076 1459 3111 ad
1470 3076 1528 3109 ista
1542 3077 1741 3109 consenserit
1752 3090 1763 3109 :
1781 3075 1872 3111 Sicut
1883 3076 1917 3110 &
1930 3076 2066 3111 Balaam

1180 3126 1295 3160 nolens
1307 3126 1478 3161 benedixit
1489 3151 1498 3160 .
1527 3124 1653 3159 Rursus
1667 3125 1743 3160 vero
1754 3125 1795 3160 ab
1817 3137 1855 3162 ea
1879 3125 2039 3161 relaxatus
2052 3151 2065 3168 ,

1178 3175 1219 3211 ad
1231 3177 1434 3220 semetipsum
1447 3177 1637 3217 revertitur,
1663 3176 1696 3210 δε
1712 3175 1754 3210 ad
1775 3177 1965 3211 consuetam
1988 3187 2067 3211 con·

1177 3227 1311 3261 fusionis
1322 3225 1575 3270 blasphemiam.
1605 3226 1775 3270 Nusquam
1796 3238 1877 3272 ergo
1890 3227 1976 3262 inter
1997 3237 2063 3261 ver-

1178 3275 1328 3312 bofitates
1351 3278 1420 3310 suas
1441 3285 1571 3319 apparet
1595 3276 1637 3311 de
1657 3276 1773 3311 duabis
1797 3277 1945 3319 naturis,
1971 3275 2062 3320 quod

1176 3336 1304 3362 mortua
1316 3325 1448 3370 quidem
1469 3326 1568 3362 fuerit
1578 3336 1676 3370 earo,
1703 3327 1820 3364 Deitas
1842 3327 1920 3364 vero
1932 3325 2063 3363 resusci-

1179 3385 1292 3411 tavent
1312 3388 1404 3413 eam.

1615 3426 1768 3475 Aa3
1963 3424 2014 3458 Et
