2320 3730
573 215 876 271 Scironis,
917 230 979 258 ET
1013 211 1206 258 Norts
1242 225 1636 258 ntus-rimus.

198 295 244 332 Et
254 294 428 335 seeundum
439 295 579 331 Domini
596 308 710 332 vocem
725 323 736 338 ,
757 310 826 342 quae
839 298 969 343 inquit:
996 296 1071 326 Bea-

34 329 178 371 M'mh'5·
197 353 223 381 ti
243 344 362 389 Pacifici
372 371 385 387 ‚
411 352 548 390 quoniam
570 348 646 381 Filii
657 354 715 382 Dei
735 349 917 382 vocabuntur
935 373 942 380 .
970 343 1073 387 Cujus

196 396 486 442 inexpugnabilem
510 400 667 433 virtutem
686 399 840 436 novimus
859 410 949 432 nunc
975 394 1073 430 etiam

197 456 440 490 cooperaturam
460 448 537 483 huic
559 448 666 484 vestrae
690 451 766 484 Deo
788 445 1071 483 Amabilitatisin-

197 497 340 531 tentioni
356 523 363 530 .
389 499 477 532 Fons
504 511 647 544 namque
664 499 774 534 omnis
795 497 876 532 boni
900 507 957 531 vos
979 495 1073 530 estis-

195 543 243 580 Et
263 546 492 583 diffunduntur
511 549 530 583 a
564 549 687 585 Vestris
708 548 836 593 Regnis
869 550 906 581 in
939 554 1074 579 omnem

195 596 365 632 Mundum
381 599 617 634 beneficiorum
630 598 710 632 rivi.
739 599 784 632 Et
794 599 946 632 fruuntur
956 596 995 630 de
1007 593 1076 628 reli·

195 659 265 691 quo
275 648 341 683 Dei
352 649 538 684 Sacerdotes
561 648 853 692 anterioriquIete‚
882 659 945 691 qua
961 642 1077 679 adhoc

198 698 355 743 praecipue
373 698 546 746 indigent,
572 709 609 734 ut
633 699 770 732 sinceras
789 698 823 733 δε
838 696 995 732 studiosas
1019 706 1076 740 pro

199 748 305 783 vestro
327 748 449 785 faciant
471 750 635 786 orationes
644 748 802 794 Imperio.

381 903 886 949 SCHOLION.

311 1048 380 1082 AEc
406 1050 522 1083 relatio
547 1051 628 1082 fasta
651 1048 696 1082 est
729 1047 800 1091 post
821 1046 962 1082 reditum
985 1045 1081 1079 Pauli

335 1098 487 1131 Emeseni
509 1098 687 1142 Episcopi,
713 1098 745 1131 δε
767 1098 861 1132 missa
883 1109 939 1141 per
957 1096 1082 1131 Aristo·

199 1148 288 1180 laum
300 1146 491 1182 Tribunum
502 1173 514 1189 ‚
540 1149 685 1192 quicum
700 1147 806 1182 Paulo
832 1149 933 1182 iverat
953 1158 990 1180 ac
1003 1146 1083 1181 redi-

198 1205 312 1236 verat,
338 1197 372 1230 &
387 1198 526 1232 affirmat
551 1200 655 1232 Sacris
681 1198 844 1242 Principis
865 1199 949 1232 circa
971 1208 1083 1241 pacem

199 1245 391 1289 juffionibus
414 1249 477 1281 effe
487 1259 542 1291 per
563 1249 676 1282 omnia
707 1246 897 1282 obeditum:
926 1247 1000 1281 Effe
1012 1257 1083 1281 ana·

200 1294 413 1330 thematizata
439 1298 585 1332 Nestorii
606 1298 761 1342 dogmata
781 1322 793 1338 ,
814 1297 1082 1343 degradationem

200 1345 270 1388 ejus
295 1346 463 1381 admissam
489 1372 499 1387 ,
526 1348 695 1383 admistam
720 1348 800 1381 item
827 1347 1083 1383 Ordinationem

200 1396 404 1430 Maximiani
428 1422 434 1428 .
464 1398 538 1431 Effe
559 1399 625 1441 jam
647 1397 776 1442 plenam
808 1398 931 1441 ubique
954 1409 1083 1442 pacem.

202 1445 279 1479 Este
301 1446 424 1487 ubique
447 1447 678 1490 gaudendum,
703 1447 912 1480 celebrandas
934 1448 1087 1481 festivita-

202 1505 250 1529 tes
262 1519 273 1535 ,
299 1496 334 1530 ὅ(
347 1496 508 1529 solemnes
519 1497 641 1541 gratias
650 1495 791 1539 agendas
802 1496 910 1531 Princi
914 1497 947 1539 pi
958 1520 970 1537 ,
994 1495 1087 1539 cujus

202 1542 272 1578 haec
310 1546 424 1580 omnia
462 1546 538 1580 sunt
577 1545 777 1581 beneficium
798 1571 806 1578 .
833 1546 1000 1590 Adjungit
1026 1547 1089 1580 effe

201 1605 331 1636 unum,
358 1593 448 1637 quod
472 1594 570 1638 hujus
593 1594 775 1629 festivitatis
787 1596 1017 1638 perfectionem
1028 1594 1089 1628 im—

202 1642 335 1688 pediat,
358 1644 493 1688 &quod
515 1644 637 1688 aliquas
655 1644 807 1679 civitates
827 1645 928 1679 faciat
949 1644 1012 1679 effe
1033 1656 1087 1678 ex-

203 1693 339 1728 torresa
352 1694 524 1728 communi
537 1694 664 1739 gaudio
678 1719 685 1727 .
713 1693 804 1728 Audi
825 1695 1006 1730 rationem:
1025 1698 1088 1740 Ju-

203 1742 326 1785 beatis‚
351 1753 385 1777 ut
406 1748 468 1778 Deo
491 1745 646 1784 amicffmi
668 1744 829 1788 Epifiopc',
853 1752 903 1788 qui
925 1750 1003 1779 inter
1008 1754 1089 1788 prae·

204 1794 341 1828 cedenter
360 1802 479 1827 turmas
500 1795 609 1837 expelli
621 1794 755 1836 Ecclefiis
776 1794 931 1839 visisunt,
958 1797 1004 1829 ad
1006 1801 1089 1838 prio-

205 1855 268 1878 rem
280 1843 416 1878 habitum
438 1847 641 1887 reducamur,
667 1845 752 1880 &ab
775 1851 854 1879 omni
863 1851 1090 1888 importunitate

203 1893 263 1936 fini
276 1893 382 1934 liberi,
396 1895 458 1928 &c-
482 1895 569 1940 Agit
579 1907 637 1939 pro
651 1904 791 1940 quatuor
805 1895 976 1940 Episcopis
985 1921 997 1937 ,
1009 1906 1092 1941 quos

208 1944 246 1978 in
268 1944 324 1978 sua
346 1944 483 1986 synodo
505 1945 733 1980 Maximianus
757 1945 960 1991 singulariter
980 1946 1092 1991 degra-

211 1993 304 2028 darat
316 2017 328 2035 ,
352 2005 391 2028 ac
404 1994 437 2028 in
450 2006 562 2030 eorum
576 1995 673 2031 Sedes
684 1995 910 2038 ordinaverat,
936 2005 992 2030 aut
1004 1996 1092 2039 juffe-

209 2054 261 2079 rat
281 2044 424 2078 ordinari
447 2045 553 2080 alios.-
579 2046 612 2080 ὅτ.
626 2057 709 2090 quos
730 2044 792 2081 hac
801 2044 842 2081 de
854 2046 948 2082 causa
962 2047 1094 2081 Sanctus

211 2093 359 2136 Cyrillus
369 2092 574 2130 excluserata
587 2106 683 2137 pace.
709 2094 868 2129 Notanda
890 2096 966 2129 sunt
978 2094 1094 2128 verba:

210 2144 336 2185 Expelli
345 2143 478 2184 Ecclefiis
504 2143 668 2187 visisunt.
698 2145 782 2179 Item
803 2143 920 2179 verba:
948 2144 991 2177 Ab
1016 2149 1095 2177 omni

211 2199 437 2236 importunitate
451 2194 511 2236 sint
533 2195 618 2228 liberi
635 2220 642 2226 .
669 2195 804 2229 Etenim
827 2195 907 2229 faeta
919 2194 1096 2238 superordi-

206 2244 302 2277 natio
327 2255 397 2276 non
431 2243 546 2276 habuit
566 2244 717 2277 effectum
742 2269 749 2275 .
776 2244 1096 2286 Marcianopolitani

204 2292 416 2327 Saturninum
435 2318 445 2334 ,
474 2293 617 2336 itemque
639 2293 862 2337 Thyanenses
882 2294 976 2326 suum
996 2294 1099 2335 super-

205 2342 395 2377 ordinatum
437 2343 600 2378 violenter
634 2343 798 2386 ejecerunt
819 2368 828 2376 .
865 2340 1100 2377 Nihilominus

206 2391 401 2427 Dorotheus
411 2403 448 2426 ac
465 2393 641 2427 Eutherius
656 2405 723 2428 non
745 2393 834 2427 fuere
846 2392 945 2427 securi
959 2418 966 2426 .
994 2392 1098 2426 Meri-

209 2442 248 2475 ῑό
262 2441 424 2474 timebant
435 2441 553 2484 Populi
568 2443 634 2475 vim
646 2442 748 2476 everti
763 2453 817 2485 per
830 2442 985 2485 majorem
1000 2444 1095 2476 virtu-

211 2501 279 2525 tem
302 2490 414 2523 offenfi
427 2490 610 2534 Principis.
637 2492 732 2525 Hinc
745 2491 889 2534 Ioannes
915 2489 1073 2535 supplicat
1087 2516 1098 2533 ,

211 2539 301 2573 utab
322 2538 415 2573 omni
428 2539 674 2583 importunitate
695 2542 756 2575 sint
784 2540 897 2575 liberi.
928 2540 984 2575 An
1000 2542 1097 2575 etiam

214 2588 421 2623 Nicomediae
442 2590 540 2623 fuerit
549 2589 592 2623 fic
614 2591 733 2623 fastum
748 2615 759 2630 ,
785 2591 906 2634 ignoro
920 2616 927 2622 .
954 2591 1042 2625 Infra
1055 2593 1100 2625 vi-

212 2637 363 2672 debimus
390 2638 577 2672 testimonia
599 2663 611 2679 ,
636 2650 706 2684 quae
728 2639 882 2674 suadeant
907 2640 1098 2674 Himeriurn

215 2688 309 2722 fuisse
332 2698 365 2721 re
388 2686 456 2731 ipsa
482 2687 616 2731 ejectum
633 2714 640 2721 .
667 2689 843 2736 Qidquid
871 2689 929 2731 sit,
957 2691 1099 2734 Joannes

214 2736 405 2774 Patriarcha
431 2737 619 2781 Principem
650 2739 837 2783 expostulat
857 2765 869 2781 ‚
907 2750 944 2773 ut
968 2741 1002 2774 ὃς
1022 2740 1100 2775 istos

216 2797 357 2832 quatuor
370 2786 467 2821 faciat
480 2787 610 2822 admitti
633 2789 668 2822 in
679 2800 788 2833 pacem
800 2814 809 2829 ‚
829 2800 926 2833 atque
947 2790 992 2825 ita
1007 2789 1100 2825 reddi

216 2838 363 2881 quietem
377 2836 533 2872 omnibus
553 2849 608 2882 per
619 2839 790 2874 Orientem
802 2840 971 2874 Ecclesiis.

266 2888 312 2921 Et
323 2886 483 2931 adjungit:
500 2889 604 2921 Facili²
616 2891 685 2922 vcro
694 2888 743 2930 est,
755 2898 788 2923 ut
800 2892 835 2923 id
845 2892 865 2923 ὰ
876 2890 967 2931 vestro
975 2896 1100 2935 Imperio

214 2938 274 2981 fiat
286 2962 297 2979 ‚
322 2948 354 2971 eo
367 2939 445 2980 quod
476 2936 646 2981 hujusmodi
668 2939 869 2973 correa‘iionum
877 2951 979 2975 vetera
989 2954 1100 2986 quoque

221 2987 362 3020 babeatis
389 2990 549 3030 exempla,
575 3000 643 3030 quae
664 2995 801 3032 antiquos
824 2993 942 3034 quidem
955 2995 1015 3026 Deo
1028 2998 1091 3026 ami

219 3036 336 3076 ciffimos
370 3036 531 3082 Episcopo:
558 3044 690 3081 propriu
723 3040 846 3074 sedibus
881 3043 1076 3077 reddiderunt
1090 3068 1100 3085 ,

220 3098 270 3121 cos
292 3087 364 3119 vero
388 3110 400 3126 ,
425 3093 476 3129 qui
500 3093 578 3122 inter
599 3088 779 3123 turbationes
799 3089 925 3132 fuerant
950 3094 1098 3133 ordinati,

224 3146 337 3170 vacare
340 3135 479 3176 fecerunt
493 3161 504 3178 ,
531 3140 565 3172 (θ’
574 3135 713 3179 sustinere
722 3141 838 3174 illorum
847 3142 884 3176 de
895 3148 962 3177 vita
972 3141 1097 3187 p‘raesen-

223 3191 249 3219 ti
276 3185 407 3228 receffum
429 3211 436 3219 .
464 3185 638 3221 Postulatae
660 3190 768 3235 gratiae
788 3191 907 3234 duplex
929 3194 1100 3238 praesertim

221 3234 397 3278 obsistebat
409 3235 495 3270 obex
507 3262 514 3269 .
541 3235 656 3271 Primo
668 3263 678 3279 ,
705 3240 792 3283 quod
806 3240 938 3278 Nicaena
951 3242 1102 3288 Synodus

223 3286 282 3319 uni
293 3286 421 3319 civitati
435 3298 503 3320 non
518 3298 677 3330 pateretur
687 3290 749 3324 effe
769 3290 851 3325 duos
863 3293 956 3327 simul
969 3294 1101 3338 Episco-

223 3346 303 3379 ρος.
331 3334 478 3377 Deinde,
505 3337 595 3381 quod
606 3338 948 3382 superordinatioeffet
972 3345 1050 3378 fac'ta
1063 3357 1103 3379 ex

221 3385 347 3431 judicio
370 3397 407 3419 ac
426 3387 583 3422 mandato
604 3400 673 3422 non
697 3388 1104 3440 soliusConstantinopoli·

324 3434 428 3479 Christ.
444 3441 522 3481 Lupi
534 3442 633 3481 Opera
645 3442 679 3471 T.
687 3442 752 3473 VH.

1137 304 1243 336 tanae,
1269 292 1429 331 sedetiam
1443 292 1611 339 Ephesinae
1626 296 1751 338 synodi
1763 322 1775 338 ,
1798 297 1937 345 ideoque
1947 300 2015 344 ejus

1138 343 1371 381 circumductio
1384 343 1461 381 esset
1471 344 1614 380 difficilis
1627 370 1634 377 .
1663 345 1756 379 Hinc
1768 348 1864 390 igitur
1874 351 2015 393 Joannes

1140 396 1310 441 respondet
1322 407 1390 431 rem
1400 394 1486 431 hanc
1499 407 1568 431 non
1582 395 1644 431 esse
1664 395 1730 429 sine
1740 398 1896 440 exemplis
1908 425 1918 439 ,
1943 410 2021 448 quq

1140 446 1219 480 tales
1230 446 1344 490 ejectos
1357 446 1567 481 reddiderunt
1578 445 1642 481 suis
1652 443 1836 480 honoribus
1856 458 1893 480 ac
1903 445 2014 482 ThroT

1141 495 1214 537 nis,
1239 497 1272 530 δε
1297 496 1562 541 superordinatos
1586 497 1741 541 jusserunt
1768 496 1868 539 usque
1888 497 1929 530 ad
1949 497 2020 530 illo-

1141 558 1212 580 rum
1223 555 1362 581 mortem
1373 549 1436 583 esse
1456 548 1624 583 vacativos
1640 573 1647 580 .
1674 545 1903 590 Antiquorum
1916 546 2021 591 gesto-

1142 608 1213 631 rum
1227 597 1406 641 deperditio
1421 608 1507 633 creat
1521 596 1616 632 nobis
1636 597 1731 632 istam
1742 597 1903 632 miseriam
1915 621 1922 628 .
1953 595 2024 629 No-

1141 646 1247 681 vimus
1257 648 1391 690 quidem
1403 648 1488 683 varia
1502 647 1654 693 exempla
1664 672 1676 690 ,
1702 646 1759 682 ubi
1773 646 1902 691 ,ejectus
1912 643 2024 690 inique

1144 696 1323 740 Episcopus
1363 698 1643 742 superordinatum
1668 698 1803 740 exclusit
1823 709 1879 742 per
1899 697 2026 731 Roma·

1144 757 1220 780 nam
1242 746 1510 791 Appellationem
1534 760 1573 784 ac
1590 748 1853 790 restitutionem,
1878 756 2026 782 attamen

1143 795 1334 840 ignoramus
1344 796 1528 840 adjunctam
1543 797 1771 833 conditionem
1793 809 1866 842 quae
1877 796 1965 830 hunc
1978 798 2030 830 us-

1143 856 1205 886 que
1227 846 1268 880 ad
1287 845 1377 880 istius
1389 856 1529 882 mortem
1549 847 1674 891 juberet
1698 854 1831 884 vacate.
1860 846 2034 882 Nonnum’

1144 895 1206 929 lbae
1239 896 1404 931 Edeffeno
1437 897 1720 941 superordinatum
1752 895 2033 932 Chalcedonensis

1144 945 1298 988 Synodus
1310 946 1396 989 juffit
1407 947 1520 982 cedere
1535 973 1547 988 ,
1572 947 1607 981 ὃς
1618 947 1674 981 ille
1685 947 1837 982 defuneto
1849 947 1915 982 lbae
1925 946 2034 982 omni·

1145 995 1191 1029 no
1202 995 1357 1031 succeffit:
1372 1005 1518 1031 attamen
1532 995 1688 1041 Synodus
1700 995 1794 1032 istam
1805 994 2042 1032 conditionem

1147 1057 1215 1081 non
1236 1045 1355 1089 adjecit
1367 1047 1426 1080 suo
1442 1046 1565 1090 judicio
1580 1071 1588 1078 .

1196 1095 1328 1131 Eodem
1349 1105 1496 1141 tempore
1510 1097 1652 1140 Joannes
1661 1093 1729 1131 haec
1750 1095 1863 1129 omnia
1874 1098 1984 1130 tetulit
1995 1094 2039 1131 ad.

1146 1146 1287 1181 Xixtum
1310 1147 1444 1181 tertium
1465 1146 1681 1192 Pontificem.
1696 1145 1848 1191 ‘Relatio
1871 1146 1966 1189 periit
1982 1155 2040 1179 aut

1148 1197 1226 1231 latet
1247 1221 1260 1238 ,
1286 1205 1376 1231 extat
1399 1206 1510 1231 tamen
1532 1196 1707 1231 Pontificis
1730 1195 1772 1230 ad
1790 1195 1893 1239 ipsam
1915 1195 2043 1229 Rescri.

1149 1256 1239 1289 ptum
1253 1260 1260 1279 2
1289 1247 1334 1281 Et
1353 1247 1433 1290 quin
1447 1247 1589 1291 Joannes
1601 1245 1739 1281 eandem
1752 1257 1813 1291 pro
1823 1256 1963 1288 quatuor
1975 1245 2045 1279 istis

1149 1290 1320 1341 Episcopis
1333 1297 1473 1345 gratiam
1484 1296 1699 1341 postulaverit
1709 1321 1721 1337 ,
1746 1300 1818 1331 non
1830 1296 1875 1342 est
1889 1294 2053 1330 dubitanss

1147 1345 1227 1380 dum
1242 1371 1251 1378 .
1279 1346 1365 1380 Eam
1380 1347 1470 1381 enim
1482 1348 1602 1382 Laicus
1616 1346 1772 1391 Princeps
1783 1346 1858 1381 dare
1871 1357 1942 1381 non
1955 1347 2046 1389 po'te-

1149 1406 1213 1437 rat,
1224 1395 1365 1441 ideoque
1380 1397 1525 1445 Joannes
1537 1398 1578 1432 ab
1591 1397 1661 1442 ipso
1673 1409 1743 1432 non
1756 1396 1952 1441 supplicavit
1962 1421 1973 1438 ‚
1986 1394 2060 1437 nisit

1149 1448 1345 1482 consensum
1372 1448 1407 1494 ὃς
1429 1447 1630 1492 adjutorium
1654 1448 1690 1482 in
1709 1448 1868 1491 speratam
1890 1458 1928 1481 ac
1938 1444 2057 1490 postu-‘

1150 1495 1272 1536 latam,
1297 1508 1355 1529 aut
1377 1496 1464 1533 certe
1472 1497 1703 1543 postulandam
1724 1497 1766 1531 ab
1778 1496 1974 1540 Apostolica
1987 1495 2048 1528 Se·-

1149 1543 1191 1578 de
1202 1544 1340 1590 gratiam
1355 1570 1363 1577 .
1394 1545 1524 1580 Verum
1537 1544 1697 1580 Pontifex
1721 1546 1842 1580 limites
1856 1546 1945 1590 pacis
1955 1555 2050 1579 exce-

1151 1594 1227 1629 dere
1250 1594 1360 1629 noluit
1382 1621 1390 1627 .
1419 1596 1566 1630 Frmavit
1598 1595 1667 1639 ejus
1687 1595 1844 1639 palmares
1873 1594 2049 1628 articulos.

1150 1645 1288 1679 Interim
1315 1644 1356 1680 de
1372 1644 1439 1679 istis
1451 1654 1592 1690 quatuor
1615 1645 1788 1688 Episcopis
1807 1641 1933 1687 aliquid
1944 1641 2051 1677 rescri-

1151 1695 1211 1739 psit
1222 1694 1264 1728 ad
1276 1694 1469 1729 relationem
1483 1694 1591 1729 Saneti
1604 1694 1726 1738 Cyrilli
1742 1692 2066 1741 :Expecffamusfrwg

1152 1750 1210 1779 tris
1237 1744 1325 1787 nostri
1340 1747 1478 1789 Joannis
1512 1746 1642 1780 clericos
1658 1768 1671 1786 ,
1696 1745 1731 1778 ό·
1758 1739 1898 1788 optamus
1930 1748 2048 1778 venire.

1153 1797 1263 1829 Scimus
1282 1802 1308 1829 ei
1325 1796 1359 1829 6·
1375 1804 1434 1838 pro
1457 1794 1563 1829 bonore
1575 1819 1587 1836 ,
1613 1796 1648 1829 (5
1658 1803 1716 1837 pro
1726 1795 1888 1838 iaborejtuo
1898 1794 1971 1828 darc
1982 1791 2054 1837 Res-

1153 1845 1298 1888 ponsum.
1326 1848 1401 1878 Non
1422 1844 1483 1886 cst,
1503 1843 1576 1887 ficut
1596 1843 1699 1886 fratri
1719 1846 1753 1878 ὁ·
1777 1843 1951 1888 Coepiscopo
1961 1843 2055 1885 nostro

1157 1898 1344 1928 Maximiano
1360 1893 1443 1937 saepr?
1458 1896 1528 1935 jam
1536 1892 1725 1938 firipfimus,
1752 1899 1844 1929 etiam
1856 1893 1918 1938 ipse
1930 1895 2053 1928 redeun-

1158 1945 1238 1979 tibus
1263 1945 1391 1988 difficilis
1412 1949 1526 1986 aperire
1545 1946 1697 1986 januam,
1721 1951 1754 1976 ut
1775 1947 1866 1983 vere,
1892 1944 2055 1987 nifiperdi-

1157 2000 1247 2028 tionis
1267 1995 1349 2037 filius
1362 2018 1375 2035 ,
1400 2004 1482 2027 nemo
1498 1992 1538 2035 fit
1555 1993 1713 2035 perditus:
1741 1995 1786 2024 Et
1793 1993 1832 2035 fit
1845 1999 1872 2027 ei
1882 1995 1978 2034 major
1988 2004 2044 2026 cau

1156 2043 1193 2087 sa
1203 2045 1323 2087 lugendi
1335 2069 1347 2084 ,
1372 2044 1453 2085 quod
1464 2046 1571 2076 meruit
1583 2041 1666 2085 solus
1677 2043 1807 2077 excludi.
1836 2043 1931 2077 Hinc
1953 2042 2056 2078 disci-

1161 2103 1232 2127 mus
1257 2092 1348 2136 plura
1367 2117 1375 2123 .
1402 2090 1516 2125 Primo
1537 2117 1548 2132 ,
1574 2092 1665 2136 quod
1688 2093 1823 2127 Sanetus
1847 2091 1993 2137 Cyrillus
2013 2088 2065 2127 de*

1163 2143 1290 2187 Ioanne
1310 2141 1529 2177 Antiocheno
1549 2141 1648 2177 fuerit
1672 2141 1707 2176 in
1732 2143 1787 2178 sua
1799 2143 1958 2178 relatione
1970 2141 2058 2188 apud

1160 2193 1360 2228 Pontificem
1383 2191 1514 2235 questus
1526 2193 1611 2226 varia
1624 2205 1632 2223 ε
1661 2193 1834 2235 praesertim
1851 2193 1893 2227 de
1904 2193 1987 2228 fasta
2001 2194 2069 2237 pet'

1162 2245 1324 2286 Joannem
1335 2240 1571 2284 degradatione
1585 2240 1632 2273 sui
1642 2263 1654 2279 ,
1666 2251 1704 2273 ac
1715 2239 1912 2275 Memnonis
1922 2263 1931 2273 .
1960 2242 2057 2278 Hinc

1164 2291 1324 2325 Pontifex
1346 2290 1450 2332 ipsum
1470 2288 1603 2333 paterne
1627 2288 1813 2324 consolatur
1835 2291 1928 2336 super
1938 2290 1997 2327 ista
2009 2293 2059 2326 in-

1164 2341 1270 2385 juria,
1295 2339 1329 2374 δε
1349 2338 1485 2383 spondet
1511 2339 1552 2374 ad
1576 2339 1711 2382 Joannis
1733 2336 1860 2387 legatos
1885 2366 1897 2383 ,
1923 2341 2057 2387 quando

1165 2401 1240 2424 cum
1251 2388 1463 2424 relationibus
1474 2387 1665 2424 advenerint
1675 2412 1686 2429 ,
1712 2390 1804 2435 plura
1816 2391 1922 2439 dicere
1936 2405 1944 2424 :
1973 2393 2057 2427 Non

1167 2440 1273 2475 solum
1286 2440 1326 2474 de
1338 2438 1466 2473 honore
1477 2464 1488 2481 ,
1515 2438 1569 2474 sed
1582 2439 1710 2483 iusuper
1721 2440 1763 2475 de
1784 2441 1894 2476 labore
1912 2442 2034 2485 cyrilli
2045 2469 2054 2476 .

1169 2489 1317 2525 Secundo
1339 2489 1493 2524 discimus
1504 2514 1514 2530 ‚
1540 2489 1630 2534 quod
1644 2490 1775 2525 Sanetus
1788 2492 1937 2536 Cyrillus
1954 2493 2056 2527 etiam

1167 2541 1302 2576 istorum
1326 2550 1466 2582 quatuor
1480 2539 1720 2584 Episcoporum
1739 2542 1960 2577 exclusionem
1971 2551 2057 2578 retu-

1166 2592 1238 2625 lerit
1258 2615 1270 2632 ‚
1297 2600 1416 2634 rogans
1437 2588 1641 2633 singulariter
1660 2591 1848 2627 confirmaii
1874 2605 1882 2624 :
1909 2593 1954 2628 Et
1976 2593 2055 2637 adji.

1163 2641 1253 2675 ciens
1275 2639 1351 2674 illos
1370 2639 1510 2683 reparari
1534 2636 1604 2673 non
1621 2641 1710 2684 posse
1730 2641 1796 2676 fine
1819 2643 1912 2688 gravi
1937 2643 2058 2686 injuria

1165 2690 1385 2732 Maximiani,
1413 2689 1471 2734 qui
1496 2689 1573 2724 illos
1588 2689 1623 2723 in
1636 2690 1690 2724 sua
1709 2691 1848 2734 synodo
1859 2702 1928 2726 uon
1940 2692 2058 2728 solum-

1169 2739 1272 2776 modo
1293 2741 1502 2775 damnaverat
1516 2764 1528 2781 ,
1553 2738 1606 2774 std
1617 2740 1745 2784 insuper
1757 2741 1822 2776 illis
1832 2752 1998 2778 curaverat
2010 2745 2061 2778 su-

1164 2790 1382 2836 perordinari.
1410 2789 1533 2825 Tertio
1546 2816 1558 2832 ‚
1584 2790 1675 2834 quod
1696 2790 1853 2827 Pontifex
1875 2793 1971 2827 fuerit
1982 2793 2058 2826 alie-

1165 2854 1226 2876 nus
1249 2841 1290 2875 ab
1313 2840 1376 2875 hac
1386 2835 1506 2875 duritia
1520 2855 1531 2875 .-
1558 2840 1663 2889 Qod
1675 2843 1837 2885 optaverit
1849 2841 1977 2876 nullum
1998 2852 2056 2885 per

1165 2891 1430 2937 degradationem
1443 2890 1553 2936 perdi,
1579 2903 1617 2925 ac
1637 2889 1792 2935 perpetu&
1812 2890 1831 2924 a
1854 2901 1933 2934 pace
1945 2892 2055 2926 exclu-

1164 2942 1222 2983 di,
1249 2942 1306 2975 nisi
1329 2941 1434 2976 solum
1458 2940 1649 2985 perditionis
1683 2941 1790 2974 filium
1813 2939 2055 2978 haeresiarcham

1164 2991 1377 3027 Nestorium.
1404 2991 1535 3040 Qarto
1558 2991 1730 3032 discimus,
1758 2990 1847 3035 quod
1870 2991 1968 3025 etiam
1981 2992 2055 3027 Ma-

1164 3042 1328 3077 ximianus
1348 3044 1533 3088 frequenter
1553 3040 1593 3074 de
1616 3039 1666 3074 his
1697 3040 1793 3075 rebus
1830 3041 1975 3077 Romam
2007 3053 2053 3077 re-

1165 3093 1293 3127 tulerit.
1321 3092 1478 3127 Pontifex
1500 3091 1534 3125 in
1560 3090 1649 3124 hanc
1663 3090 1872 3126 clementiam
1883 3091 2058 3129 descendit

1166 3153 1294 3187 propter
1318 3144 1506 3179 Romanam
1520 3140 1669 3175 Helladii
1680 3153 1717 3175 ac
1730 3139 1880 3176 Eutherii
1892 3165 1905 3183 ‚
1930 3153 1969 3178 ac
1981 3143 2053 3186 plu-

1166 3193 1250 3228 rium
1272 3193 1338 3227 illis
1360 3190 1592 3227 adhaerentium
1612 3191 1851 3239 Episcoporum
1864 3191 2052 3237 appellatio·

1168 3254 1261 3278 nem.
1290 3244 1372 3278 Haec
1385 3245 1468 3278 infra
1488 3241 1688 3290 adducetur,
1713 3242 1747 3276 ὃς
1760 3240 1978 3277 elucidabitur
1993 3268 2000 3275 .

1216 3293 1325 3338 Hujus
1337 3293 1504 3329 relationis
1525 3301 1650 3337 tempus
1668 3291 1898 3338 cognoscimus
1909 3305 1952 3329 ex
1963 3293 2050 3327 Pon-

1168 3343 1265 3379 tificis
1274 3346 1427 3389 rescripto
1438 3342 1479 3378 ad
1501 3342 1694 3378 relationem
1717 3343 1825 3377 Sansti
1839 3344 1977 3387 CyrilH,
2005 3343 2051 3376 af-

1170 3395 1319 3430 firmante
1330 3393 1414 3431 hanc
1425 3393 1517 3430 fuiffe
1528 3390 1840 3429 solemniterlectam
1850 3395 1889 3428 ad
1901 3393 2051 3429 Sanctam

1655 3443 1692 3477 X
1741 3455 1765 3481 2
1961 3450 2000 3475 ac
