2320 3730
360 237 377 266 Ι
395 231 456 280 36

326 297 485 343 Rabbulas
502 297 651 335 alacritas
676 297 709 333 δε
732 297 933 341 confidentia
955 294 1017 342 fuit
1038 302 1071 325 re
1084 300 1156 325 vera

276 348 543 393 incomparabilis
569 350 604 384 ἀ
626 347 905 393 inexpugnabilis.
933 344 1068 387 Sanstus
1090 339 1157 384 Cy-

274 400 367 443 rillus
377 398 494 442 merito
503 401 642 435 affirmat
655 401 755 443 ipsam
767 397 861 432 fuisse
873 393 1035 431 robustam
1048 390 1137 425 illam
1148 414 1159 431 ‚

274 449 383 485 immo
409 450 443 495 ἀ
465 451 638 496 Ρεῐίερὶαω
660 446 853 483 charitatem
865 472 876 488 ,
901 446 942 479 de
961 453 1023 485 qua
1036 442 1155 485 scripsit

273 501 315 537 ad
329 500 502 543 Romanos
514 501 648 535 sancius
657 499 778 533 Paulus
790 496 985 541 Apostolus:
1014 493 1080 536 ,Qui
1103 503 1155 525 nos

268 549 428 595 separabit
436 552 458 592 >ti
468 550 613 589 charitate
623 549 734 590 Christi
746 551 759 582 ?
786 552 831 581 An
842 545 996 579 tribulam
1008 544 1020 576 ?
1047 548 1093 576 An
1103 554 1156 576 an-

265 600 388 645 gustia?
415 599 628 644 Anperfi’curto
640 602 653 634 ?
680 598 837 640 Anfames
849 597 861 628 ?
889 598 934 627 An
945 594 1069 637 nuditas
1078 594 1092 638 r?
1107 597 1154 627 An

265 649 449 694 periculum?
477 654 524 684 An
534 651 657 696 gladius
672 651 684 682 ?
712 649 755 680 Et
769 642 956 688 concludit:
971 642 1065 678 Nihil
1074 649 1153 688 enim

266 700 450 744 ’intolerabile
461 700 499 740 est
509 707 550 736 eis
559 724 570 740 ,
594 705 643 742 qui
649 698 780 740 firmiter
788 696 874 738 apud
889 694 924 739 fi
940 693 1079 738 statuunt
1095 704 1153 727 cer-

270 751 573 796 tamenfidelccrrare
586 772 598 788 ,
622 744 739 792 cursum
754 744 892 788 perficere
903 768 915 784 ‚
936 743 1026 788 fidem
1043 742 1151 788 serva-

267 812 323 840 re,
346 801 662 840 ut&1ncorrup110nis
675 794 845 838 merrqniur
868 806 1022 839 coronam..
1050 794 1149 838 Plura

266 860 308 884 ex
320 848 369 884 his
380 847 549 884 discimus.⁴
574 844 707 890 Primo,
716 846 805 891 quod
817 845 986 881 Rabbulas
997 845 1042 880 ob
1056 846 1151 879 suum

265 899 495 934 saneiiffimum
521 908 560 932 ac
571 897 834 942 gloriosissimum
853 897 977 939 facinus
998 894 1150 930 inciderit

263 950 298 983 in
322 947 522 991 graviffimas
540 947 782 983 tribulationes.
811 946 850 981 In
873 947 976 985 tales,
1001 957 1072 990 quae
1089 945 1149 980 Ec·

261 997 359 1031 clefiae
378 998 526 1043 regimen
549 998 719 1033 redderent
738 996 990 1040 difficillimum:
1020 996 1147 1031 Diffici-

259 1047 343 1088 lius,
371 1059 470 1093 quam
484 1049 594 1084 navim
606 1048 692 1083 inter
703 1049 844 1083 marinas
864 1046 1069 1091 tempestates
1090 1058 1147 1091 gu-

259 1097 393 1142 bernare
415 1124 422 1132 .
449 1098 540 1145 Qa
563 1098 683 1142 nempe
707 1098 809 1141 major
835 1109 875 1132 ac
904 1098 1015 1142 potior
1034 1097 1148 1138 Cleri,

257 1147 406 1193 adeoque
416 1149 449 1183 &
465 1149 587 1193 Populi
601 1159 672 1193 pars
683 1148 849 1194 deserebat
861 1147 930 1189 ejus
940 1144 1149 1189 communio*-

257 1209 335 1232 nem
348 1224 356 1231 .
385 1199 538 1235 secundo
550 1199 725 1243 discimus,
750 1197 841 1241 quod
853 1193 989 1237 Sanfius
1002 1195 1148 1240 Cyrillus

258 1247 419 1295 Rabbulae
440 1251 566 1285 facinus
579 1260 658 1284 tunc
680 1249 715 1282 in
726 1247 867 1291 exordio
892 1247 1020 1291 penitus
1034 1246 1151 1290 proba-

257 1300 337 1333 verit
349 1325 356 1332 .
385 1300 524 1346 Certum
535 1299 579 1335 est
591 1299 686 1334 illum
696 1299 865 1344 insigniter
876 1297 1045 1337 exultasse,
1057 1296 1146 1340 quod

256 1349 310 1392 sua
328 1350 482 1395 Capitula
494 1375 506 1392 ,
520 1351 553 1384 in
567 1361 639 1396 quae
649 1350 829 1391 Orientalis
840 1347 995 1392 Dioecefis
1009 1357 1148 1388 vomue-

255 1409 307 1434 rat
330 1410 380 1434 tut
392 1400 625 1442 anathemata,
651 1401 715 1444 jam
739 1399 862 1435 ibidem
884 1399 1067 1442 inciperent
1088 1396 1148 1442 sub

254 1450 462 1486 anathemate
474 1453 658 1497 canonizari
671 1476 678 1484 .
706 1451 799 1485 Hinc
810 1449 946 1493 affirmat
959 1447 1147 1483 Rabbulam

252 1501 446 1546 effefactum
456 1502 591 1535 omnibus
604 1501 808 1546 Orientalibus
822 1498 956 1542 Ecclefiis
981 1499 1146 1532 columnam

252 1561 289 1590 ac
296 1549 521 1592 firmamentum
533 1558 673 1586 veritatis
685 1576 692 1583 .
719 1552 763 1586 Et
774 1549 884 1586 lucide
909 1562 947 1584 ac
961 1548 1077 1584 diserte
1095 1548 1147 1583 af-

254 1599 363 1634 firmat
375 1599 596 1635 Theodorum
609 1604 672 1636 esse
682 1602 826 1645 radicem
849 1599 953 1637 totius
979 1599 1146 1644 Nestoria·

254 1660 304 1683 nae
319 1650 477 1694 perfidiae.
505 1650 723 1690 Nestorianos
738 1652 870 1695 sperasse
880 1675 891 1692 ,
918 1649 1009 1693 quod
1020 1660 1076 1693 per
1088 1647 1145 1683 hu—

253 1698 303 1742 jus
324 1701 508 1744 potentiam
531 1701 721 1741 invaderent
740 1711 878 1741 omnem
904 1699 1030 1742 Orbem
1053 1708 1148 1741 terra-

253 1761 268 1783 1
271 1760 327 1783 um
338 1774 346 1782 ·
372 1749 478 1799 Qud
489 1763 544 1795 per
555 1752 661 1796 ipsum
672 1751 737 1794 jam
750 1750 926 1796 rapuissent
937 1748 1145 1793 fortisiimam

253 1798 372 1834 Sedem
385 1804 404 1841 ‚'
423 1813 478 1845 per
489 1811 589 1844 quam
612 1802 811 1847 devorarent
834 1810 950 1835 omnes
960 1799 1122 1841 Ecclesias
1137 1824 1144 1832 .

252 1849 354 1896 Qod
379 1849 420 1894 ad
447 1850 543 1895 illum
570 1851 728 1895 scelerata:
753 1849 981 1883 concursiones
1006 1848 1142 1882 fierent.

253 1899 368 1935 Palam
391 1901 552 1947 intelligit
575 1899 825 1946 Antiochenam
837 1898 1031 1933 Ecclefiam.
1059 1896 1146 1941 Rab-

254 1950 348 1984 bulas
359 1961 426 1985 erat
438 1951 646 1986 silicernium
659 1976 670 1991 ‚
697 1950 802 1984 immo
815 1960 921 1983 coecus
948 1959 1011 1991 prae
1034 1948 1125 1983 senio
1136 1973 1146 1989 ,

255 1999 395 2043 ideoque
406 2000 532 2034 videtur
556 2001 639 2033 inter
650 2011 687 2033 ac
711 2011 765 2042 per
777 1998 835 2032 has
846 1998 1047 2040 calamitates
1061 1997 1147 2031 festi-

254 2051 342 2091 nafle
349 2060 386 2083 ac
399 2050 548 2094 migrasse
557 2050 597 2084 ad
610 2049 780 2083 meliorem
791 2050 893 2080 vitam
906 2046 1008 2079 futuri
1024 2045 1144 2078 saeculi.

255 2098 301 2132 Et
328 2099 363 2142 in
385 2098 450 2143 hoc
473 2099 619 2145 tumultu
645 2098 717 2143 ibas
743 2096 789 2132 est
815 2105 984 2140 promotus
1012 2094 1053 2139 ad
1078 2094 1146 2137 ejus

256 2147 455 2194 Cathedram
467 2174 475 2182 .
652 2187 656 2191 .
817 2149 822 2152 “
1095 2143 1100 2147 '

307 2199 442 2243 Horum
450 2200 602 2242 omnium
615 2208 743 2242 tempus
766 2195 965 2235 addiscimus
976 2206 1017 2230 ex
1031 2193 1145 2229 Theo-

255 2248 335 2284 dosii
347 2250 555 2295 imperatoris
574 2249 617 2285 ad
629 2244 1015 2289 LeontiumPraefestum
1027 2245 1146 2288 scripta

259 2300 332 2345 lege
351 2325 362 2341 ,
388 2299 454 2344 qua
480 2301 675 2343 Nestorium
699 2296 829 2334 Simoni
851 2295 959 2343 Mago
977 2320 988 2336 ,
1023 2296 1057 2340 ὃς
1075 2296 1146 2339 ejus

258 2351 436 2386 Senatores
446 2351 652 2395 Simonianis
671 2350 851 2393 ,aequiparat
865 2370 876 2386 ,
900 2356 938 2379 ac
950 2344 1012 2379 isto
1029 2345 1145 2384 infami

258 2402 399 2435 nomine
418 2401 659 2445 nuncupandos
670 2399 778 2442 sanxit
791 2421 802 2438 ,
827 2404 863 2429 ut
877 2397 962 2436 cujus
971 2393 1066 2436 scelus
1074 2394 1147 2437 sunt

257 2456 292 2483 in
307 2449 466 2493 deserendo
486 2455 548 2485 Deo
565 2455 699 2490 imitati,
724 2449 791 2491 ejus
814 2445 988 2485 vocabulum
1003 2445 1075 2484 jure
1099 2448 1149 2478 vi-

258 2501 389 2535 deantur
401 2501 453 2546 effe
471 2499 588 2545 Jbrtiti.
616 2499 717 2544 Legis
727 2494 856 2531 occafio
875 2495 939 2529 fuit
953 2493 1067 2538 nefarii
1080 2493 1147 2528 Ne-

258 2550 351 2586 storii
374 2552 529 2592 audacia,
555 2562 619 2594 qua
631 2546 839 2592 Synodaliter
863 2543 1056 2589 degradatus
1071 2568 1082 2584 ‚
1107 2556 1146 2578 ac

260 2612 315 2645 per
334 2600 524 2646 Principem
546 2602 759 2644 deportatus,
784 2601 855 2631 non
876 2594 968 2630 defiit
991 2592 1146 2629 adversus

261 2653 524 2687 Sacro-Sanstam
546 2650 742 2694 Ephesinam
763 2645 936 2692 Synodum
957 2643 1059 2679 libros
1076 2645 1147 2687 scri-

261 2702 358 2746 bere,
385 2702 551 2747 &ubique
561 2702 759 2744 dispergere.
788 2697 856 2739 Eos
869 2707 985 2731 omnes
996 2694 1049 2729 lex
1061 2704 1146 2730 vetat

262 2752 330 2798 legi
340 2764 398 2797 aut
408 2752 547 2787 describi
562 2778 572 2793 ,
598 2751 733 2785 mandat
745 2747 867 2792 inquiri
886 2758 924 2781 ac
935 2746 1028 2781 exuri
1045 2770 1053 2787 ‚
1081 2745 1148 2780 Da—

262 2813 295 2846 ta
305 2802 353 2845 est
371 2803 542 2850 trigesimo
563 2802 681 2846 quinto
703 2799 793 2841 istius
818 2798 925 2831 saeculi
946 2808 1035 2831 anno
1051 2806 1081 2844 3.
1094 2797 1147 2837 die

264 2853 437 2902 Augusti,
464 2854 567 2899 Tunc
589 2853 689 2897 igitur
712 2848 837 2885 occulti
855 2847 1058 2882 Nestorianae
1070 2846 1147 2890 blas-

262 2903 400 2947 phemiae
420 2906 563 2947 fautores
585 2910 750 2937 verterunt
785 2900 816 2934 se
837 2897 878 2932 ad
897 2898 962 2931 alia
987 2896 1142 2937 consilia:

262 2953 445 2999 ,Coeperunt
462 2953 641 2998 Theodori
653 2952 753 2986 libros
764 2948 799 2991 in
811 2948 976 2996 Syriacam
995 2972 1006 2988 ‚
1033 2947 1150 2981 Arme-

265 3004 374 3047 niam,
402 3018 440 3041 ac
463 3006 624 3045 Persicam
642 3003 794 3047 linguam
820 2997 986 3034 transferri
1008 3021 1020 3037 ,
1046 3008 1083 3038 ac
1106 2998 1149 3031 se-

266 3055 387 3096 minare
407 3067 462 3102 per
484 3056 619 3092 istarum
629 3053 793 3088 Gentium
804 3049 1010 3084 Provincias.
1041 3047 1090 3081 Ita
1106 3049 1148 3082 se-

267 3105 419 3149 metipsos
441 3098 625 3147 consolari,
654 3114 692 3138 ac
712 3099 854 3145 stabilire
875 3099 964 3132 suam
988 3096 1147 3132 haerefim.

266 3152 351 3198 Qae
371 3148 657 3191 omnia'videntur
678 3153 763 3195 intra
775 3160 901 3195 annum
923 3160 991 3182 non
1010 3150 1148 3192 potuisse

268 3202 358 3239 fieri.
383 3206 592 3251 Qapropter
610 3203 786 3246 festivitas,
810 3210 888 3246 ante
915 3198 1007 3241 cujus
1030 3199 1148 3232 instan-

269 3255 312 3298 tis
332 3253 458 3296 lapsum
495 3256 642 3298 Andreas
671 3250 901 3295 Samosatensis
933 3248 1052 3292 scripsit
1081 3259 1148 3283 non

271 3303 410 3349 potuisse
436 3303 588 3339 celebrari
612 3302 784 3346 Synodum
804 3327 815 3344 ,
852 3300 995 3337 omnino
1021 3299 1149 3334 videtur

271 3354 366 3399 fuisse
386 3352 512 3397 Pascha
532 3355 610 3394 anni
631 3351 787 3395 'trigesimi
806 3351 955 3398 septimi.
980 3349 1056 3383 Esse
1078 3362 1147 3384 non

272 3406 382 3450 potuit
408 3402 589 3449 Dominica
613 3401 778 3438 Nativitas
803 3428 813 3437 .
854 3401 988 3437 Etenim
1013 3401 1149 3446 Sanetus

699 219 1034 273 VAiuoRuM
1070 213 1322 257 Parnon
1357 206 1678 266 Episfirozss,

1216 290 1359 333 Ioannes
1384 289 1640 335 chrysostomus
1666 321 1678 338 ,
1704 293 1923 333 Antiochense
1948 288 2099 337 Ecclesiae

1215 340 1388 385 Presbyter
1424 340 1461 375 in
1486 343 1628 386 quadam
1662 345 1802 381 homilia
1825 345 1941 382 diserte
1958 347 2100 387 affirmat

1216 390 1310 435 istam
1321 390 1531 436 festivitatem
1544 395 1580 428 in
1600 393 1764 437 Orientali
1774 397 1917 439 Dioecesi
1929 407 1999 438 non
2012 397 2100 436 ince-

1216 442 1318 486 pisse,
1345 442 1403 477 nisi
1424 442 1446 478 a
1469 444 1590 490 viginti
1610 444 1725 481 annis.
1752 446 1865 494 Qate
1875 445 1941 490 hoc
1950 457 2103 491 tempore

1216 492 1343 536 videtur
1363 493 1505 529 necdum
1526 496 1620 538 fuisse
1632 505 1722 531 tanta
1736 520 1748 544 ,
1764 491 1812 534 “ut
1833 497 1935 540 posset
1945 496 2103 541 impedire

1215 554 1253 577 ac
1276 543 1469 588 suspendere
1487 546 1660 590 Synodos.
1688 545 1794 589 Porro
1816 544 1983 588 Rabbulas
2004 548 2100 583 suum

1214 593 1341 628 facinus
1354 605 1424 638 non
1436 598 1578 640 patravit
1590 598 1678 632 solus
1688 623 1698 639 ‚
1725 597 1781 632 fed
1800 609 1877 637 cum
1888 596 2028 639 Synodo
2038 598 2101 632 suae

1214 643 1413 686 Provinciae.
1444 646 1489 682 Et
1499 648 1655 691 similium
1666 647 1878 693 Synodorum
1889 644 2019 691 tempus
2030 646 2103 690 Jux-

1214 704 1246 728 ta
1265 694 1441 731 Nicaenum
1455 698 1630 735 Canonem
1641 711 1709 734 erat
1719 711 1797 734 ante
1809 696 2102 747 Qadragesimam

1214 744 1345 780 Paschae
1358 760 1370 780 .·
1397 746 1442 786 Et
1454 749 1518 784 isto
1539 761 1630 786 anno
1640 749 1764 793 Pascha
1787 747 1953 790 incidebat
1963 749 1998 782 in
2009 746 2101 787 diem

1214 796 1423 832 undecimam
1462 799 1591 845 Aprilis
1617 824 1629 842 ,
1664 801 1808 844 ideoque
1836 798 2100 846 Qadragefima'ae

1212 846 1385 881 exordium
1397 870 1407 886 2
1427 849 1517 891 quod
1536 848 1641 892 ,hodie
1661 850 1802 893 dicimus
1815 850 1905 884 diem
1918 849 2077 883 Cinctum
2088 870 2101 892 ρ

1211 907 1279 931 erat
1291 907 1347 944 24·
1359 897 1526 943 Februarii
1538 925 1547 933 .
1578 900 1724 942 Proinde
1748 902 1808 935 ista
1822 899 1981 941 Rabbulae
1994 899 2104 941 Syno-

1211 947 1272 981 dus
1294 949 1358 982 fuit
1379 948 1465 989 circa
1489 951 1637 986 medium
1659 950 1803 994 ejusdem
1812 951 1948 984 mensis.
1980 947 2104 989 Antio-

1211 996 1316 1033 chena
1327 999 1465 1042 Joannis
1476 1000 1671 1041 Patriarchae
1683 1001 1838 1044 synodus
1861 1000 1925 1035 fuit
1937 998 2019 1039 facia
2030 997 2103 1041 post

1185 1074 1191 1079 ι
1211 1044 1334 1089 Ρόῗῦῇέ
1348 1074 1356 1081 ·
1385 1049 1514 1094 Eodem
1526 1062 1674 1095 tempore
1685 1051 1853 1092 Rabbulas
1864 1048 2103 1086 Alexandriam

1212 1096 1253 1130 ad
1265 1097 1432 1140 cyrillum
1442 1100 1564 1143 scripsit
1577 1125 1588 1141 ,
1612 1102 1648 1135 δε
1659 1102 1783 1144 accepit
1794 1100 1861 1143 ejus
1874 1098 2085 1142 Rescriptum
2096 1120 2107 1130 .

1213 1145 1269 1180 Ad
1288 1146 1432 1186 eundem
1454 1149 1622 1191 Cyrillum
1649 1150 1768 1198 scripsit
1797 1149 1939 1191 Ioannes
1963 1147 2104 1182 Patriat÷

1211 1194 1273 1230 cha
1298 1220 1310 1236 ‚
1345 1197 1379 1231 &
1406 1209 1522 1233 contra
1559 1196 1650 1235 hunc
1682 1198 1878 1242 venerabilis
1908 1197 2105 1245 Maximus,

1211 1246 1384 1280 Diaconus
1405 1248 1440 1281 δε
1463 1247 1754 1284 Archi-Mandrita
1767 1274 1779 1290 ,
1803 1247 1934 1283 accessit
1956 1246 2106 1287 Alexan·

1210 1296 1334 1330 driam.
1363 1298 1507 1340 Ioannes
1529 1299 1653 1343 scripsit
1676 1300 1777 1334 etiam
1800 1299 1842 1333 ad
1869 1298 2105 1341 Imperatorem

1211 1345 1465 1387 Theodosium,
1489 1348 1577 1390 &ad
1601 1350 1756 1390 Sanctum
1782 1349 1964 1387 Proclum,
1989 1345 2106 1390 Regiae

1209 1397 1352 1439 civitatis
1367 1395 1595 1432 Patriarcham
1606 1423 1613 1430 .
1634 1398 1679 1433 Et
1692 1398 1862 1441 Rescripta
1873 1395 2021 1439 accepit.
2048 1392 2106 1435 Ad

1210 1447 1353 1482 eundem
1380 1446 1540 1482 Proclum
1567 1448 1758 1492 scripserunt
1785 1473 1797 1489 ,
1833 1447 1868 1482 ὅτ,
1895 1445 2107 1489 Rescriptum

1209 1507 1405 1540 acceperunt
1420 1497 1657 1532 Armeniorum
1675 1498 1845 1532 Ecclesiae.
1873 1496 1918 1530 Et
1929 1495 2020 1539 plura
2039 1494 2106 1530 alia

1211 1549 1483 1591 intercurrerunt.
1515 1547 1658 1593 Egregie
1678 1548 1868 1590 festinatum
1889 1544 1959 1587 est,
1983 1545 2007 1579 si
2032 1545 2108 1584 ,uni-

1210 1610 1266 1637 cus
1278 1608 1384 1632 annus
1399 1597 1512 1638 omnia
1531 1598 1714 1642 expleverit
1730 1623 1737 1630 .
1763 1599 1807 1641 Et
1819 1598 1906 1640 inter
1923 1595 1982 1638 bas
1993 1594 2106 1635 turbas

1210 1646 1406 1692 venerabilis
1417 1646 1588 1692 Rabbulas
1598 1647 1707 1683 obiit.
1735 1648 1836 1683 Certe
1847 1647 1903 1681 vix
1926 1654 2004 1688 ante
2013 1654 2106 1681 exor-

1209 1699 1303 1734 dium
1322 1699 1403 1733 anni
1437 1697 1595 1745 trigesimi
1615 1698 1725 1732 octavi
1746 1722 1755 1730 .
1795 1698 1910 1744 Qare
1935 1704 2015 1739 ante
2038 1694 2106 1736 hoe

1210 1759 1338 1794 tempus
1352 1749 1425 1783 lbas
1450 1760 1518 1783 non
1531 1747 1636 1793 potest
1659 1747 1754 1783 fuisse
1766 1744 1947 1792 Episcopus
1957 1769 1966 1786 .

1259 1799 1418 1839 Titulus,
1448 1799 1506 1843 qui
1528 1799 1790 1839 Samosatensem
1803 1795 1972 1841 Andrean:
1994 1793 2107 1829 inseri-

1210 1848 1259 1884 bit
1273 1848 1394 1891 Sandae
1417 1853 1565 1882 memoriae
1589 1846 1814 1896 venerabilem,
1838 1846 1885 1889 ,⁶st
1905 1845 1949 1887 ab
1958 1845 2104 1886 lteram.

1210 1897 1330 1943 Longe
1356 1895 1444 1941 aliud
1470 1897 1583 1932 scribit
1609 1895 1806 1938 venerabilis
1827 1919 1840 1936 ,
1869 1904 1925 1939 per
1944 1893 2107 1938 Iacobum

1210 1948 1405 1990 Gretzerum
1429 1947 1583 1992 vulgatus
1607 1971 1619 1988 ,
1646 1947 1836 1982 Anastasius
1862 1943 1988 1985 Sinaita
2005 1967 2013 1976 .
2040 1944 2108 1980 Re·

1209 1999 1270 2031 fert
1295 1996 1436 2037 Andreae
1447 2007 1563 2038 contra
1585 2006 1739 2040 quartum
1751 1995 1860 2029 sancti
1874 1993 2107 2038 CyrilliCapi-

1209 2047 1319 2079 tulum
1345 2047 1528 2087 calumnias
1552 2057 1591 2086 ac
1616 2045 1791 2088 invefflvas
1816 2069 1827 2085 ‚
1852 2044 1888 2087 βε
1914 2043 2103 2089 subjungit:

1211 2093 1342 2134 Audistis
1367 2118 1379 2134 ,
1407 2098 1536 2128 Fratres
1564 2119 1575 2135 ‚
1604 2098 1751 2128 Draconis
1775 2095 1935 2136 nequlffimi
1974 2096 2106 2134 Andreae

1208 2150 1342 2184 convitia
1358 2167 1370 2184 ,
1396 2155 1463 2186 quae
1473 2156 1513 2178 ex
1521 2143 1639 2186 pedore
1647 2144 1818 2184 Nestorium
1831 2142 2105 2186 venemplen'iffimo

1210 2195 1362 2237 adversas
1384 2194 1631 2236 Saplentifflmum
1653 2194 1814 2235 Dofifforum
1828 2194 1970 2235 cyrinum
1991 2195 2105 2235 eruda-

1210 2252 1259 2286 vit
1282 2269 1290 2277 .
1322 2244 1495 2279 Anastasio
1518 2243 1597 2278 huic
1615 2254 1752 2289 magnas
1778 2239 1939 2285 debemus
1958 2244 2106 2288 gratias,-
2127 2243 2200 2291 §sps
2216 2254 2265 2282 η,

1209 2294 1381 2344 Qioniam
1406 2305 1467 2328 nos
1492 2294 1592 2329 docet
1614 2294 1656 2329 ab
1679 2295 1746 2329 isto
1769 2294 1906 2333 Andr-ea
1918 2294 2013 2328 fuine
2024 2305 2106 2329 con-

1211 2346 1326 2389 scripta
1339 2345 1408 2379 duo
1420 2355 1519 2391 opera
1541 2354 1658 2387 contra
1669 2343 1779 2383 Sancti
1789 2342 1916 2386 Cyrilli
1928 2342 2084 2387 Capitula
2095 2369 2105 2377 .

1211 2395 1291 2429 Hoc
1303 2394 1394 2428 enim
1405 2419 1416 2435 ,
1442 2394 1536 2437 cujus
1551 2391 1606 2428 hic
1618 2395 1755 2436 adducit
1767 2394 1883 2432 verba,
1910 2393 1957 2433 est
1975 2394 2107 2436 penitus

1210 2444 1300 2479 aliud
1314 2443 1357 2485 ab
1380 2443 1441 2477 illo
1453 2466 1465 2490 ,
1491 2443 1582 2486 quod
1594 2443 1745 2479 Andreas
1766 2442 1886 2486 scripsit
1912 2442 1973 2477 sub
1986 2444 2108 2485 Orien·

1211 2495 1330 2538 talium
1343 2493 1580 2537 Episcoporum
1603 2494 1743 2533 nomine
1756 2518 1764 2525 .
1793 2493 1838 2533 Et
1862 2492 1945 2533 hinc
1965 2493 2003 2527 in
2015 2493 2110 2528 Con-

1211 2540 1502 2586 stantinop'olitana
1514 2543 1698 2576 collatione
1708 2542 1794 2576 dixit
1807 2542 1979 2583 Hypatius
1994 2541 2106 2588 Ephe-

1210 2596 1294 2629 finus
1308 2594 1504 2635 Episcopus:
1532 2591 1658 2624 SanHus
1669 2592 1796 2628 cyrillus
1806 2590 2022 2632 intexpofittone
2034 2594 2107 2632 ,duo-

1209 2647 1305 2679 decim
1324 2642 1531 2684 capitulorum
1565 2641 1718 2679 advenias
1745 2639 1965 2675 Theodoretum
1987 2643 2023 2675 6·
2045 2648 2106 2676 Δη-

1210 2696 1314 2728 dream
1330 2690 1464 2735 scribens
1501 2713 1512 2730 ‚
1536 2695 1590 2733 qui
1612 2699 1715 2723 contra
1736 2692 1841 2724 eadem
1863 2693 2011 2733 Captmla
2025 2690 2105 2735 scri-

1206 2743 1332 2788 pserunt
1356 2766 1367 2782 ,
1405 2738 1463 2784 fid
1487 2741 1710 2774 nec¹advers1>s
1731 2741 1885 2784 Orientale
1912 2743 2104 2783 concilium,

1210 2796 1288 2838 quod
1304 2794 1347 2826 illi
1372 2796 1434 2824 Arii
1458 2792 1511 2825 vel
1533 2792 1714 2832 Apollinaris
1750 2795 1917 2832 opinionem
1940 2789 2102 2836 imposuim-

1212 2843 1311 2888 visum
1321 2841 1358 2883 est
1373 2865 1385 2881 ,
1411 2842 1468 2875 (π.
1502 2840 1689 2886 Distinguit
1714 2851 1777 2875 tres
1791 2836 2023 2885 Capitulorum
2041 2841 2105 2883 ho!

1213 2896 1272 2939 stes
1295 2905 1332 2938 ac
1354 2892 1600 2935 impugnatores
1614 2905 1625 2925 .·
1651 2890 1906 2936 Theodoretum
1930 2915 1942 2932 ‚
1969 2891 2101 2926 Andre-

1212 2958 1287 2985 am,
1315 2954 1352 2978 ac
1382 2940 1553 2984 Orientale
1581 2942 1773 2985 Concilium
1793 2967 1799 2974 .
1826 2941 1876 2983 At
1899 2937 1978 2982 vero
2001 2940 2100 2986 hujus

1213 2989 1358 3041 Concilii
1374 2991 1538 3034 Scriptum
1560 2992 1605 3026 est
1629 2993 1729 3035 etiam
1751 2991 1794 3036 ab
1816 2990 1951 3027 Andrea
1966 3013 1976 3021 -
2001 2992 2099 3027 Hinc

1211 3047 1300 3086 enim
1325 3045 1359 3078 in
1371 3042 1486 3085 litteris
1504 3043 1546 3078 ad
1560 3043 1720 3087 Joannem
1738 3042 1932 3082 Constantis
1949 3041 2097 3087 Augusti

1212 3093 1458 3139 Cubicularium
1471 3116 1482 3133 ,
1508 3104 1578 3136 quae
1597 3093 1638 3127 de
1659 3094 1749 3128 restis
1770 3092 1921 3136 Ecclesiae
1933 3091 2099 3137 dogmati·

1211 3148 1270 3192 bus
1296 3146 1370 3179 sunt
1404 3142 1555 3187 adversus
1589 3145 1744 3188 Severum
1782 3142 2096 3188 Eutychianistam,

1211 3196 1322 3234 scribit
1357 3194 1491 3229 Sanetus
1528 3193 1644 3230 Abbas
1670 3206 1708 3229 ac
1742 3193 1873 3238 Martyt
1899 3193 2093 3236 Maximus:

1211 3246 1335 3283 sancius
1358 3243 1481 3284 ‚cyrillus
1504 3251 1537 3276 in
1561 3246 1696 3289 Apologia
1722 3278 1725 3281 Α
1749 3245 1898 3285 adversas
1920 3245 2090 3285 ᾼηᾼίνεσηι,

1210 3304 1262 3342 qui
1279 3301 1396 3331 tertium
1415 3296 1477 3336 ejus
1492 3297 1664 3337 Capitulum
1690 3283 1919 3337 rsprebenderat
1932 3318 1945 3342 ,
1963 3293 2006 3335 sic
2026 3297 2072 3327 ait
2085 3315 2103 3324 .,

1210 3345 1360 3382 Adducit
1386 3344 1480 3379 verba
1499 3345 1660 3390 exstantia
1681 3345 1717 3387 in
1739 3344 1847 3379 sineri
1862 3343 1986 3387 ,Cyrilli
2002 3342 2094 3385 Apo·

1209 3398 1299 3445 logia
1311 3394 1459 3431 adversus
1470 3396 1729 3441 reprehensiones
1739 3394 1958 3437 Orientalium
1971 3391 2092 3475 .uRem

1969 3455 1981 3477 i
2008 3452 2043 3476 u-
