2320 3730
622 184 927 242 ὃειιοιιιε,
967 198 1029 228 ετ
1063 181 1252 230 Nous
1289 197 1721 237 unowanus„

227 270 298 314 ejus
321 279 386 305 nos-
402 268 638 314 supergaudere
659 270 807 306 fecerunt
830 295 837 302 .
865 270 910 306 Et
929 268 1060 305 oramus
1080 279 1118 304 ut

228 321 372 355 sanam
393 326 488 353 tuum
509 330 607 364 caput
641 320 784 357 donetur
805 321 905 357 nobis
928 319 1117 366 longiffimo

227 378 398 412 tempore,
424 368 581 413 perpetuo
604 369 671 405 haec
683 382 873 416 exponenS‚
902 371 996 406 fimul
1020 367 1117 406 &ad-

227 429 386 456 monens.
415 419 497 466 Qae
515 421 606 455 enim
624 422 782 465 prseterita
805 422 855 455 vel
869 422 987 465 scripta
1005 420 1058 455 vel
1069 420 1120 455 di·

228 471 280 504 &a
299 470 398 509 sunt,
423 470 528 505 aliena
553 471 706 506 ducimus
726 470 745 506 a
767 472 948 508 sanctorum
970 495 981 510 ,
1008 470 1118 505 beato-

227 529 367 564 rumque
376 518 511 556 Parrum
523 520 606 557 fide.
635 521 843 565 Expofitioni
867 519 945 555 vero
965 530 1027 556 tuae
1040 521 1118 554 San-

230 569 352 605 aitaris
364 594 375 611 ,
396 569 602 606 Orthodoxae
613 571 791 612 existenti,
819 572 854 606 &
864 572 939 607 satis
948 568 1033 605 clare
1047 581 1117 614 prae-

228 619 357 654 dicanti
372 621 459 663 piam
475 621 574 656 fidem
586 646 597 663 ,
623 622 877 666 acquiescimus.
906 622 951 656 Et
962 631 1032 654 non
1054 630 1118 656 nos

230 669 390 712 dijudicet
403 670 612 715 Religiofitas
627 682 705 711 tua,
729 671 770 706 ed
782 671 872 715 quod
893 670 1049 707 bacienus
1076 669 1117 704 ad

230 718 388 754 Paternas
410 728 481 755 tuas
504 722 598 757 ulnas
623 733 693 757 non
713 721 928 766 percurrimus
947 747 954 754 .
982 721 1118 756 Etenim

230 769 355 812 semper
374 782 437 804 nos
458 772 598 805 omnino
618 770 831 808 turbaverunt
855 772 913 806 illa
934 771 1090 815 Capitula
1107 792 1119 811 ,

230 830 303 863 quae
323 820 357 855 ὃς
370 830 424 859 tua
436 820 644 865 Religiofitas
654 821 765 866 saepius
779 832 815 858 ut
827 833 927 866 prava
947 819 1118 856 existentia

233 869 370 912 repulit.
399 869 436 903 N
439 882 502 905 unc
512 881 622 908 autem
635 874 762 917 optima
772 871 974 917 expositione
984 882 1045 907 tuae
1055 869 1119 904 Re—

231 918 419 963 ligiofitatis
435 922 558 955 accenli
570 947 582 964 ‚
607 934 764 967 rogamus
784 923 995 958 SanCtitatem
1006 930 1095 954 tuam
1107 944 1119 962 ‚

230 978 352 1003 utores
372 981 432 1012 pro
452 970 570 1013 nobis,
597 971 687 1016 quod
710 974 747 1006 in
761 973 839 1007 fidei
862 973 981 1015 pietate
1006 969 1119 1013 perste-

230 1020 352 1058 mus,&
365 1019 540 1064 diligenter
548 1023 709 1054 servemus
724 1021 797 1055 vita:
809 1019 1015 1055 munditiam.
1042 1019 1120 1054 Hoc

229 1078 372 1109 namque
391 1067 433 1100 de
452 1067 550 1101 nobis
571 1078 633 1102 tuae
644 1069 882 1115 Religiofitatis
901 1070 946 1105 est
971 1070 1098 1104 lucrum
1110 1095 1120 1111 ,

230 1125 267 1152 nt
288 1115 350 1148 filii
371 1116 421 1149 tui
444 1118 547 1152 animi
571 1118 690 1154 virtute
715 1120 889 1162 proficiant
914 1146 921 1155 .
950 1121 1119 1161 Omnem,

230 1177 302 1209 quae
314 1176 423 1200 tecum
444 1167 489 1200 est
503 1192 513 1207 ,
540 1168 788 1204 Fraternitatem
812 1182 901 1215 ego,
927 1170 961 1206 ὄε
974 1170 1030 1215 qui
1056 1181 1118 1205 me-

230 1227 308 1251 cum
331 1217 423 1256 sunt,
449 1217 629 1262 plurimum
650 1219 844 1255 salutamus,

291 1335 504 1401 Judicent
540 1342 583 1388 δε
606 1338 662 1390 de
700 1339 790 1389 istis
816 1377 829 1402 ,
877 1343 957 1409 qui
993 1343 1118 1391 Beati

230 1405 501 1456 Theodoreti
528 1426 580 1458 ac
609 1412 736 1460 Beati
762 1410 848 1461 Ibae
862 1415 993 1462 Dicta
1016 1431 1119 1462 con-

230 1475 468 1536 demnant3
507 1483 564 1528 Et
591 1483 752 1547 pariter
778 1480 834 1531 de
871 1484 1119 1534 Antioche-

231 1563 292 1597 no
319 1546 499 1597 Praesule
538 1554 693 1598 Sancto
712 1556 912 1614 Joanne,
949 1556 1028 1619 qui
1054 1570 1120 1602 ta-

230 1615 290 1666 lia
324 1614 560 1667 scribentes
596 1619 779 1669 minime
815 1620 999 1691 respuit.

433 1772 917 1819 ScHOLION.

345 1917 415 1952 AEc
427 1929 494 1952 non
510 1919 556 1954 est
581 1919 849 1964 qualiscumque,
875 1920 930 1954 sed
944 1918 1120 1964 Synodalis

370 1969 539 2012 Epistola,
565 1981 629 2013 qua
648 1970 858 2005 Maximinus
872 1970 1034 2005 Anazarbi
1045 1971 1122 2014 Epi·

232 2019 374 2062 scopus,
401 2019 547 2053 secundae
566 2019 693 2054 Ciliciae
715 2020 933 2064 Metropolita
957 2045 969 2061 ,
993 2033 1032 2055 ac
1054 2032 1122 2055 om-

234 2079 294 2103 nes
315 2068 384 2110 eJus
406 2092 416 2107 ,
442 2079 581 2112 excepto
607 2071 858 2112 Mopsuestienfi
880 2071 1021 2103 Meletio
1041 2093 1052 2109 ,
1078 2080 1124 2102 re·

232 2118 336 2152 deunt
345 2116 385 2151 ad
396 2119 533 2161 Joannis
543 2118 738 2152 Patriarchae
748 2117 974 2152 obedientiam
985 2143 995 2159 ,
1007 2118 1041 2153 δε
1055 2129 1120 2152 am·

232 2167 546 2211 plestunturinitam
558 2179 687 2211 pacem.
717 2168 820 2202 Haud
841 2167 939 2202 dubie
962 2180 1031 2201 non
1056 2169 1119 2202 fuit

231 2215 454 2252 Antiochiam
477 2217 675 2256 transmissa,
706 2217 764 2250 nisi
790 2217 861 2259 post
873 2228 1039 2259 receptum
1050 2217 1120 2250 Me-

233 2267 304 2300 letii
318 2265 571 2310 Anagnossicon
587 2289 593 2296 .
620 2266 682 2299 Ista
702 2266 782 2299 item
800 2265 954 2307 synodus
965 2263 1053 2298 haud
1065 2265 1119 2299 du-

233 2316 288 2350 bie
308 2316 373 2350 fuit
395 2315 477 2349 fasta
490 2314 671 2349 Anazarbi.
700 2315 743 2349 Et
768 2314 950 2349 estibidem
965 2312 1121 2349 secunda.

231 2365 359 2401 Prioris
381 2365 463 2400 Asta
487 2367 580 2409 supra
601 2365 790 2399 audivimus
814 2390 821 2397 .
859 2363 963 2399 Porro
987 2366 1121 2408 praesens

235 2416 372 2458 epistola
398 2426 460 2449 nos
483 2415 581 2449 docet
594 2414 722 2457 Synodi
741 2415 846 2455 Acta,
870 2414 1006 2458 &plura
1036 2415 1118 2448 alia.

235 2463 348 2498 Primo
370 2488 382 2504 ‚
420 2464 510 2507 quod
534 2465 675 2508 Joannes
699 2462 887 2498 patriarcha
913 2474 1014 2498 novas
1036 2465 1122 2507 pacis

234 2514 448 2549 conditiones
469 2513 680 2548 Anazarbum
702 2513 823 2548 miserit
845 2523 900 2556 per
924 2513 1121 2548 Neoterium

235 2563 424 2598 Comitem.
451 2562 624 2604 Secundo,
651 2564 742 2608 quod
763 2562 828 2598 una
840 2564 962 2598 miserit
978 2562 1053 2599 fidei
1069 2563 1122 2598 Li-

234 2612 381 2653 bellum,
409 2612 630 2655 profitendum
650 2615 684 2648 &
707 2612 971 2648 subscribendum
994 2615 1036 2648 ab
1052 2625 1121 2648 om-

233 2661 349 2697 nibus.
376 2661 523 2703 Tertio,
549 2662 640 2707 quod
663 2662 857 2697 Libellusin
870 2664 977 2706 capite
998 2663 1119 2698 habue-

234 2713 278 2748 rit
294 2713 473 2746 Nicaenum
493 2711 691 2755 Symbolum
703 2737 714 2754 ,
740 2710 858 2747 deinde
879 2713 971 2756 plura
989 2715 1124 2749 Sancto-

233 2774 307 2798 rum
328 2761 462 2796 Parrum
485 2761 672 2797 testimonia
696 2786 708 2802 ,
732 2764 930 2807 exponentia
950 2764 983 2798 δε
1005 2765 1121 2799 confir—

233 2812 360 2847 mantia
382 2811 575 2846 Articulum
610 2810 653 2845 de
673 2812 861 2849 Dominicae
883 2814 1121 2848 Incarnationis

232 2860 419 2905 Mysterio.
448 2860 600 2910 Qarto,
628 2860 827 2905 quodetiam
839 2861 1119 2899 anathematizarit

233 2911 482 2957 Apollinarium
493 2937 503 2953 ‚
525 2912 560 2946 &
572 2913 705 2946 cunetas
717 2912 787 2956 ejus
799 2913 1119 2949 abominandiffimas

232 2962 472 3005 expositiones.
500 2961 562 2996 Per
573 2973 652 3006 quas
665 2963 807 2998 omnino
831 2965 995 2999 intellexit
1011 2964 1118 3009 Cyril-

234 3011 260 3044 li
271 3011 426 3055 Capitula
439 3037 446 3044 .
470 3011 526 3046 An
540 3012 605 3056 ipsa
618 3013 825 3056 exprefferit,
846 3013 984 3059 ignoro.
1014 3013 1118 3062 Qid-

235 3060 317 3102 quid
329 3061 390 3102 lit,
414 3060 449 3094 &
463 3061 629 3104 Ioannes,
655 3062 906 3099 &Maximinus
928 3066 991 3100 sese
1002 3065 1117 3099 mutuo

234 3109 469 3145 intellexerunt
483 3136 489 3142 .
516 3111 621 3146 Lucet
634 3123 676 3146 ex
689 3111 740 3146 his
761 3113 886 3148 verbis.-
917 3117 1011 3159 ‚Quod
1024 3115 1116 3148 hacre-

236 3170 296 3193 nus
315 3162 360 3194 ad
370 3162 521 3194 Paternus
544 3170 614 3194 tuas
636 3163 724 3195 ulnas
751 3174 809 3197 non
818 3172 1036 3206 percurrimus,
1065 3177 1116 3197 nos

236 3213 353 3243 omnini
375 3210 534 3244 turbarunt
562 3211 618 3245 illa
641 3215 784 3255 Capitula
806 3216 864 3248 &a
891 3215 974 3249 Haec
1005 3217 1115 3249 omnia

238 3260 484 3303 perplacuerunt
518 3260 671 3296 Secundae
695 3262 821 3298 Ciliciae
848 3264 1019 3309 Episcopis
1035 3290 1045 3305 ,
1082 3266 1115 3299 ὅ(

237 3308 325 3353 ipsos
345 3310 544 3345 reduxerunt
565 3311 600 3346 in
622 3312 760 3358 gratiam
790 3314 824 3348 δε
845 3315 1112 3350 communionem

240 3358 377 3403 Ioannis
387 3358 594 3396 Patriarchae.

1895 208 1985 254 321

1401 339 1668 392 CAPUT
1705 345 1840 393 CLX.
1896 351 2055 413 --248

1177 468 1325 521 Epzstola
1345 495 1357 514 ,
1396 469 1517 523 inquit
1536 495 1549 515 ,
1588 470 1785 510 Theodoram·
1824 474 1855 508 E
1852 468 1979 523 pzfiopi
2017 477 2061 514 ad

1231 526 1431 568 Helladium
1458 522 1674 578 Tharsenfi’m
1687 553 1699 574 ,
1728 531 1786 580 qui
1812 532 1842 566 ei
1862 526 2060 579 firzpferat,

1233 583 1270 623 &¹
1294 583 1460 623 direxerat
1489 584 1614 623 litteras
1635 611 1647 630 ‚
1687 599 1754 636 quae
1783 585 1804 623 ὰ
1831 585 2060 636 Constantino-

1228 641 1304 691 poli
1331 652 1492 680 venerant
1518 671 1527 679 .
1557 640 1698 693 Scripfit
1719 642 1816 680 'verb
1845 646 1874 682 ei
1901 643 2060 682 hortando

1233 710 1309 736 eum
1328 725 1340 744 ‚
1369 709 1408 738 ut
1435 703 1588 738 uniretur
1617 701 1825 740 Antiocheno
1848 727 1860 746 ,
1903 696 2063 746 firmans,

1234 754 1321 805 quod
1359 756 1380 794 ὰ
1408 760 1535 795 nemine
1563 767 1727 807 cogeretur
1767 756 1961 811 depofitioni
1988 770 2065 798 con-

1228 808 1352 864 sentire
1379 810 1547 866 Perfhnae.

1259 916 1297 950 T
1318 918 1440 952 litteras
1460 943 1472 961 ‚
1499 930 1579 964 quas
1604 927 1661 953 tua
1685 921 1843 956 Sanctitas
1866 919 2042 956 destinavit
2053 945 2068 962 ,.

1196 1000 1199 1001 ⁷
1283 967 1411 1011 inspexi
1433 992 1444 1009 ,
1471 969 1505 1003 δε
1525 969 1844 1013 Magnificentiffimi
1865 982 1962 1016 atque
1982 971 2069 1005 Glo-

1181 1017 1334 1054 riofiffimi
1360 1017 1539 1063 Qaessoris
1562 1019 1744 1061 Epistolam
1766 1020 1832 1064 legi
1853 1045 1865 1061 ‚
1891 1032 1990 1065 quam
2009 1030 2066 1066 per

1182 1068 1257 1102 Deo
1281 1067 1526 1109 Amiciffimos,
1553 1068 1729 1101 Donatum
1751 1069 1980 1113 Presbyterum
1996 1096 2006 1112 ,
2032 1072 2066 1106 δε

1184 1116 1344 1153 Acacium
1358 1117 1549 1152 Diaconum
1563 1116 1660 1153 nobis
1673 1117 1862 1152 destinavit.
1892 1120 1975 1163 Legi
1986 1120 2066 1154 vero

1181 1168 1303 1203 &alias
1322 1166 1442 1201 litteras
1465 1166 1684 1209 Amicorum,
1711 1167 1871 1202 &inveni
1896 1168 1987 1212 quod
1998 1178 2067 1202 om-

1184 1229 1238 1252 nes
1262 1229 1320 1261 pro
1343 1228 1420 1261 pace
1442 1216 1537 1252 nobis
1562 1214 1710 1252 hortatus
1732 1217 1905 1252 offerrent.
1932 1218 2069 1253 Memor

1183 1268 1258 1302 vero
1279 1268 1324 1302 est
1346 1268 1379 1301 δε
1402 1269 1560 1302 Sanctitas
1583 1277 1639 1303 tua
1662 1293 1673 1310 ,
1701 1268 1778 1312 quia
1801 1267 1836 1302 &
1856 1268 1875 1303 a
1902 1268 2067 1312 principio

1180 1318 1322 1353 dixerim
1344 1316 1581 1353 Orthodoxam
1603 1319 1666 1353 effe
1690 1318 1874 1362 Epistolam
1893 1343 1905 1359 ‚
1931 1329 2002 1362 quae
2025 1316 2066 1353 ab

1182 1368 1352 1414 AEgyptio
1364 1368 1482 1403 directa
1497 1369 1543 1403 est
1561 1394 1568 1401 .
1596 1368 1641 1403 Et
1653 1368 1776 1403 nullam
1786 1367 1872 1403 circa
1883 1380 1955 1404 eam
1967 1379 2067 1413 quan·

1181 1419 1307 1454 d013bet
1319 1418 1514 1454 discordiam
1529 1416 1651 1453 habui.
1676 1419 1759 1454 Haec
1774 1419 1873 1464 igitur
1893 1418 1980 1464 apud
2003 1428 2070 1453 me-

1183 1470 1359 1513 metipsum
1383 1470 1534 1515 cogitans
1553 1469 1669 1504 omnia
1691 1494 1702 1511 ,
1734 1470 1769 1506 &
1791 1469 1882 1514 quod
1903 1480 2008 1504 unum
2027 1468 2066 1502 fit

1183 1520 1328 1554 Ecclefiae
1348 1519 1470 1565 dogma
1492 1545 1503 1562 ,
1528 1521 1561 1555 ἀ
1584 1520 1661 1564 quia
1682 1519 1906 1555 haereticorum
1934 1519 2067 1552 illorum

1182 1570 1412 1613 Capitulorum
1436 1569 1537 1604 virtus
1551 1579 1706 1604 evacuata
1727 1570 1795 1609 est,
1821 1570 1902 1603 dum
1924 1569 1996 1602 duae
2013 1578 2068 1601 na-

1182 1630 1259 1654 turae
1272 1629 1329 1662 pro
1341 1630 1404 1653 una
1421 1619 1654 1663 praedicentur‚
1682 1619 1870 1654 &confessa
1890 1616 2067 1661 lmpaffibi-

1183 1671 1223 1705 lis
1238 1671 1373 1708 Deitas,
1399 1670 1585 1703 collocutus
1605 1671 1676 1702 sum
1687 1669 1841 1703 Domino
1864 1678 1961 1709 meo,
1989 1666 2067 1701 Deo

1184 1719 1390 1754 Amiciffimo
1404 1719 1567 1763 Episcopo
1579 1719 1698 1763 Joanni
1709 1741 1720 1758 ‚
1745 1720 1779 1754 ὅ(
1793 1718 1907 1752 inveni
1917 1728 1994 1752 eum
2007 1728 2066 1761 pro

1182 1768 1394 1805 orthodoxia
1406 1770 1546 1805 studiose
1556 1778 1735 1804 cei-tantem
1750 1794 1762 1809 ‚
1787 1769 1983 1803 &Ecclefiae
1994 1768 2070 1802 uni-

1183 1821 1308 1853 tionem
1327 1820 1395 1853 fieri
1414 1819 1620 1853 {estinan-’em
1632 1844 1642 1859 ‚
1668 1817 1924 1862 &depofitionis
1935 1817 2069 1852 subscri·

1184 1870 1333 1913 ptionem
1355 1868 1491 1902 minime
1511 1868 1700 1913 exigentem
1725 1868 1765 1903 ab
1788 1869 1858 1909 eis,
1884 1869 1940 1913 qui
1962 1869 2066 1903 facere

1184 1920 1328 1953 nollent.
1357 1919 1476 1953 Inveni
1498 1919 1576 1952 vero
1598 1919 1720 1960 &eos‚
1748 1919 1805 1963 qui
1823 1920 1897 1954 sunt
1919 1918 2070 1953 secundae

1184 1969 1311 2004 Ciliciae
1323 1994 1334 2010 ‚
1361 1968 1401 2003 ad
1414 1980 1489 2003 eum
1517 1969 1766 2003 communionis
1777 1969 1959 2010 Epistolam
1971 1968 2085 2014 desti:⁸

1185 2023 1288 2054 narie.
1318 2019 1541 2053 Necessarium
1562 2019 1662 2063 igitur
1683 2019 1838 2052 aestimavi
1859 2017 1998 2062 dirigere
2010 2015 2068 2052 lio-

1184 2068 1456 2101 norandiffimum
1478 2069 1512 2101 ὃς
1525 2068 1823 2101 reverendissimum
1837 2067 2067 2110 Presbyterum

1184 2117 1337 2152 Bafilium
1358 2129 1434 2152 cum
1458 2116 1509 2151 his
1528 2117 1645 2151 litteris
1667 2142 1677 2158 ,
1705 2118 1738 2152 &
1768 2129 1883 2163 rogare
1915 2118 2069 2152 Sant‘ium

1184 2179 1278 2202 tuum
1302 2168 1439 2210 Caput:
1468 2167 1523 2200 Ne
1547 2167 1658 2208 perdas
1678 2178 1811 2210 gregem
1835 2168 1898 2201 tibi
1919 2169 2069 2202 commis·

1183 2218 1276 2255 sum,
1302 2215 1382 2248 dum
1394 2216 1495 2248 causae
1516 2214 1638 2257 nullius
1650 2213 1786 2247 interfit.
1820 2214 1909 2249 Nam
1933 2227 1989 2258 per
1999 2228 2067 2261 gra·

1184 2265 1263 2298 tiam
1274 2263 1384 2297 Dei&
1397 2264 1480 2296 resta
1489 2262 1569 2296 fides
1580 2261 1727 2296 obtinuit
1738 2287 1749 2303 ‚
1776 2264 1810 2298 &
1823 2264 1863 2300 ad
1876 2264 2066 2308 injustitiam

1184 2324 1244 2347 nos
1254 2313 1360 2347 secum
1375 2312 1483 2347 nullus
1496 2312 1661 2356 impellet.
1689 2313 1811 2361 Qaeso
1835 2315 1937 2360 igitur
1948 2317 2066 2350 Sansti-

1183 2373 1282 2397 tatem
1307 2372 1399 2397 tuam
1425 2388 1436 2404 ‚
1463 2363 1647 2406 iterumque
1665 2386 1674 2401 ‚
1703 2375 1745 2396 ne
1776 2363 1903 2398 differas
1923 2365 2065 2408 litteras,

1183 2413 1235 2447 sed
1247 2422 1285 2447 ut
1309 2412 1446 2452 scribas,
1465 2412 1500 2445 &
1512 2412 1609 2446 salves
1622 2412 1800 2448 Ecclefiam
1812 2439 1819 2447 .
1847 2415 2066 2461 Qandoqui-

1183 2463 1256 2497 dem
1276 2472 1404 2497 nectua
1425 2462 1627 2497 conscientia
1650 2463 1854 2498 vulneratur.
1882 2465 1954 2499 Nec
1974 2467 2063 2501 enim

1185 2524 1244 2547 nos
1254 2513 1355 2556 justus
1364 2512 1463 2556 judex
1475 2512 1585 2546 aliena:
1597 2512 1760 2556 injustitiae
1769 2516 1878 2559 exiget
1891 2515 2038 2550 ultiones
2050 2541 2057 2549 .

1182 2563 1295 2607 Inquit
1319 2563 1408 2597 enim
1424 2576 1435 2596 .-
1463 2564 1527 2605 .Qui
1548 2562 1780 2606 ligassarcinam
1794 2588 1805 2604 ,
1830 2564 1893 2608 ipse
1914 2568 2062 2607 &porta-

1182 2612 1241 2646 bit.
1272 2616 1317 2645 Et
1331 2617 1379 2655 qui
1400 2623 1493 2646 uvam
1514 2612 1649 2646 acerbam
1671 2615 1849 2655 comederit,
1875 2617 1942 2656 ejus
1954 2617 2060 2650 dentes

1182 2661 1365 2706 obstupefient
1379 2686 1386 2694 .
1414 2662 1488 2696 Nos
1500 2663 1657 2697 convenit
1678 2663 1711 2696 ἀ
1723 2664 1955 2700 contentiones
1974 2665 2063 2698 fiste-

1182 2725 1235 2754 re,
1261 2713 1294 2746 &
1307 2712 1464 2746 Ecclefias
1474 2712 1675 2757 conjungere
1687 2736 1697 2753 ‚
1711 2714 1745 2748 ἀ
1759 2714 1943 2749 commiffas
1954 2714 1972 2749 a
1985 2716 2064 2750 Deo

1183 2774 1248 2797 non
1271 2762 1400 2807 perdere
1411 2765 1519 2799 Oves:
1549 2763 1604 2798 Ne
1619 2763 1664 2798 ob
1689 2762 1755 2798 hoc
1777 2773 1940 2800 tormenta
1960 2765 2063 2801 solva·

1182 2824 1253 2849 mus
1265 2836 1272 2845 .

1379 2966 1870 3014 Senor10N.

1288 3112 1357 3147 AEc
1367 3112 1500 3156 epistola
1514 3123 1574 3146 nos
1585 3111 1690 3156 primo
1701 3111 1799 3148 docet
1809 3136 1820 3152 ‚
1840 3112 1929 3158 quod
1941 3115 2034 3152 Sacra
2048 3140 2060 3158 ,

1311 3175 1408 3206 quam
1430 3161 1626 3206 singulariter
1648 3163 1798 3197 adversus
1812 3165 2035 3200 Alexandrum
2048 3191 2059 3208 ,

1180 3213 1369 3248 Helladium
1393 3225 1429 3247 ac
1441 3211 1694 3247 Theodoretum
1708 3213 1849 3258 Ioannes
1873 3214 2058 3251 Patriarcha

1181 3273 1231 3306 per
1243 3263 1476 3298 Domitianum
1497 3262 1698 3310 Qaestorem
1721 3264 1931 3307 obtinuerat,
1960 3266 2058 3300 fuerit

1179 3313 1285 3347 statim
1310 3315 1459 3348 intimata
1486 3313 1646 3347 Helladio
1669 3312 1844 3349 Tharsenfi
1868 3316 2055 3360 EpiscopO,

1180 3363 1397 3408 Metropolitae
1421 3363 1526 3407 primae
1548 3362 1688 3398 Ciliciae.
1716 3366 1773 3399 An
1793 3367 1890 3402 fuerit
1914 3364 2056 3411 juridice

1929 3422 2003 3450 intl-
