2320 3730
634 187 949 239 Scironis,
984 198 1047 228 ετ
1080 181 1274 228 N0·r1s
1309 190 1704 227 tunsi-Raris.

385 398 652 452 CAPUT
687 401 918 453 LXXXII.
966 412 1110 459 .--170

223 587 401 658 'Epistola
448 587 604 637 Andreae
650 585 828 657 Epifiopt’
878 583 1115 652 ,Samosbtem'

365 657 422 706 ad
455 656 720 711 AEexandrum
743 654 972 726 Epifiopum

551 725 769 804 Hierapolis
782 763 794 775 .
879 732 881 734 ¹

224 918 488 1006 PRaecolligit
512 917 648 962 quidem
659 917 817 960 Sanctitas
827 925 882 951 tua
893 912 974 950 reste
985 914 1026 949 ab
1037 912 1109 958 ipsis

325 970 427 1005 initiis
450 966 550 1010 finem
564 967 790 1009 Ecclefiasticae
800 966 915 1001 causae.
944 965 1021 1009 Ego
1035 962 1110 997 vero

226 1033 271 1056 ex
292 1020 407 1055 litteris
424 1043 436 1058 ‚
476 1028 555 1061 quas
578 1016 681 1050 modo
707 1016 816 1059 accepi
839 1039 851 1056 ,
877 1025 946 1048 non
968 1012 1109 1048 eundem

224 1068 465 1114 praecolligam‚
487 1065 657 1106 sedunum
670 1065 791 1099 sciam:
817 1063 1011 1106 Manifestas
1036 1075 1112 1099 cau·

223 1120 274 1152 sas
284 1116 406 1151 habeo.
436 1115 480 1148 Et
490 1125 562 1158 quae
571 1114 706 1156 quidem
718 1115 798 1155 lint,
817 1115 1028 1150 necessarium
1041 1126 1110 1148 non

224 1167 273 1203 est
292 1168 328 1201 in
341 1166 456 1200 litteris
477 1175 598 1208 ponere
609 1189 616 1197 .
644 1165 730 1205 Sciat
741 1173 850 1199 autem
862 1165 1021 1200 Sanstitas
1032 1174 1087 1198 tua
1100 1189 1111 1205 ‚

224 1217 303 1262 quia
315 1217 411 1254 suave
433 1216 469 1249 [it
479 1213 565 1256 nihil
577 1239 589 1257 ‚
615 1214 669 1250 sed
682 1214 931 1255 Alexandrinus
952 1215 1087 1256 quidem
1100 1239 1110 1255 ,

224 1269 305 1302 sicut
325 1275 473 1310 apparet,
501 1260 609 1316 neque
630 1273 810 1308 permutare
830 1263 956 1310 aliquid
981 1264 1050 1299 vult
1059 1275 1111 1298 eo—

224 1328 299 1353 rum
321 1339 333 1356 ‚
360 1327 430 1358 quae
453 1316 550 1358 semel
571 1314 658 1353 male
676 1315 858 1359 conscripta
880 1316 978 1355 sunt,
1005 1325 1110 1358 neque

225 1367 357 1402 transire
370 1365 389 1407 a
402 1366 534 1409 proprio
555 1365 646 1399 sensu
659 1389 666 1404 2
693 1364 738 1399 Et
759 1364 836 1399 ideo
848 1363 934 1399 nihil
946 1364 988 1402 ab
999 1364 1111 1409 AEgy-

226 1427 288 1463 pto
309 1417 344 1450 in
367 1425 463 1453 tanto
474 1425 621 1459 tempore
637 1415 828 1459 scripserunt
841 1425 895 1461 pet
906 1414 1087 1459 Epistolam
1099 1439 1110 1455 ‚

227 1467 287 1510 qui
300 1464 434 1510 profecti
446 1465 538 1499 sunt.
566 1465 642 1503 Nos
655 1465 754 1506 vero,
780 1465 1020 1500 etsi-multoties
1031 1465 1111 1499 mil-

226 1517 291 1551 lies
302 1514 443 1560 perfistat
453 1514 486 1549 in
498 1513 602 1559 impio
614 1515 784 1559 Dogmate
794 1539 806 1556 ‚
832 1515 983 1549 contenti
1004 1516 1112 1550 sumus

224 1565 301 1605 his,
327 1577 398 1609 qua:
419 1565 502 1599 olim
528 1575 585 1607 per
596 1563 779 1607 Epistolam
792 1565 909 1607 scripta
920 1566 1015 1605 sunt,
1041 1576 1112 1608 quae

225 1615 357 1659 integre
367 1611 618 1654 Orthodoxiam
643 1613 836 1657 ptaedicant.
864 1613 966 1648 Talia
977 1613 1111 1656 quidem

222 1662 388 1710 praesentia
410 1664 506 1704 sunt,
531 1662 661 1706 qualem
680 1661 756 1697 vero
778 1661 920 1698 habeant
930 1663 1053 1706 finem,
1079 1665 1111 1698 &

227 1716 335 1759 usque
357 1713 398 1754 ad
409 1713 491 1759 quid
513 1713 552 1747 fit
563 1711 680 1753 statuta
689 1713 850 1757 perditio,
878 1714 1006 1748 noverit
1019 1715 1111 1749 Deus

225 1765 441 1815 omnipotens
453 1787 461 1796 .
488 1767 568 1804 Dum
587 1762 665 1797 vero
681 1763 819 1811 indigne
835 1764 1008 1800 mortalem
1023 1775 1111 1799 nunc

224 1815 404 1860 praedicant
415 1825 492 1849 eum
504 1837 515 1854 ,
541 1812 625 1854 clare
636 1825 693 1858 pro
705 1814 758 1849 sua
772 1814 937 1857 impietate
956 1814 1111 1849 fiduciam

225 1874 367 1910 gerunt:
392 1864 486 1904 Dum
499 1863 556 1906 qui
567 1874 622 1897 eos
634 1865 760 1907 pascere
771 1864 941 1905 videntur,
972 1862 1114 1898 studiose

226 1915 306 1949 :illos
317 1913 492 1950 incitantes
502 1923 672 1951 exerceant
685 1925 755 1948 non
766 1913 807 1948 ad
821 1912 1053 1958 blasphemiam
1066 1915 1113 1948 so-

225 1963 321 2003 lum,
347 1961 401 2003 sed
420 1963 461 1998 ad
477 1973 593 1997 omnes
603 1962 821 2006 impudentias
843 1974 942 2008 atque
953 1964 1112 1998 malitias.

227 2015 278 2049 Et
298 2014 355 2056 qui
373 2024 443 2053 non
465 2013 661 2052 consenserit
684 2038 696 2053 ,
722 2013 842 2058 impius
869 2014 904 2049 δε
924 2014 1112 2048 Dominum

226 2075 356 2109 negans
366 2063 488 2106 ubique
501 2061 688 2106 praedicatur
697 2086 710 2108 ρ
734 2063 768 2096 &
781 2063 956 2097 multarum
967 2062 1112 2096 millium

227 2113 388 2151 mortium
399 2111 520 2157 dignus
533 2136 540 2143 -

281 2163 326 2197 Et
337 2161 373 2196 hi
384 2163 475 2202 vero,
483 2162 540 2206 qui
550 2161 632 2195 olim
644 2160 778 2205 quidem
792 2173 852 2196 nec
862 2161 1006 2197 fetebant
1017 2160 1114 2204 hujus

229 2212 411 2256 impietatis
431 2211 580 2249 auditum
595 2235 607 2251 ,
632 2211 808 2255 incongrui
828 2222 917 2246 nunc
943 2212 977 2246 &
1001 2213 1114 2255 segnes

230 2262 308 2298 fasti
322 2260 402 2305 pene
418 2260 541 2302 ubique
552 2259 593 2294 ad
606 2259 808 2304 reprimenda
821 2259 889 2294 haec
900 2255 1114 2303 quodammo-

229 2312 279 2346 do
291 2311 450 2347 cesserunt
463 2334 474 2350 ,
500 2318 598 2354 atque
611 2310 667 2353 ipsi
679 2321 809 2354 quoque
821 2310 945 2344 curvati
956 2310 1048 2350 sunt,
1075 2320 1116 2342 ne

231 2360 317 2396 forte
336 2362 368 2395 &
380 2360 436 2394 illa
448 2384 458 2400 ,
485 2370 556 2403 quae
572 2359 757 2394 Adversarii
771 2360 939 2403 proferunt
951 2384 962 2400 ‚
989 2357 1073 2394 bene
1085 2361 1116 2393 se

228 2409 374 2444 habeant
402 2409 602 2451 requirentes
626 2422 637 2441 .-
674 2409 717 2442 Et
745 2409 821 2442 illos
842 2407 987 2445 maxime
1013 2433 1025 2448 ,
1061 2409 1117 2450 qui

231 2459 328 2493 valde
339 2457 502 2495 Primores
524 2456 608 2491 inter
630 2468 691 2491 nos
713 2457 905 2492 videbantur
926 2469 984 2502 pro
995 2456 1117 2492 Ortho-

232 2508 334 2543 doxia
352 2517 493 2547 certare,
525 2507 670 2540 videntes
691 2507 732 2542 ad
745 2506 833 2541 aliud
855 2508 1057 2548 declinatos,
1084 2508 1117 2542 &

231 2568 348 2603 pacem
370 2556 410 2592 ad
424 2555 501 2590 illos
521 2555 708 2598 amplexos.
736 2555 780 2590 Et
800 2558 894 2600 super
912 2557 964 2591 his
988 2557 1121 2601 quidem

229 2607 384 2643 Ecclefiae
394 2604 613 2643 calamitatem
624 2605 788 2650 gemimus
799 2630 811 2646 ,
838 2606 872 2642 &
887 2618 949 2640 nos
964 2606 1050 2650 ipsos
1064 2619 1122 2642 no-

232 2659 283 2692 die
304 2668 342 2691 ac
368 2655 423 2690 die
443 2654 476 2689 &
493 2654 568 2693 aliis
587 2654 664 2689 vero
684 2655 798 2690 multis
815 2655 956 2690 tristitiis
974 2657 1122 2692 vulnera-

234 2719 311 2742 mus
331 2731 341 2746 ,
369 2706 410 2739 eo
429 2705 517 2748 quod
539 2706 672 2750 praesens
692 2706 731 2740 {it
753 2706 905 2740 omnium
934 2715 1121 2751 temporum

233 2757 405 2801 peffimum
431 2765 558 2798 tempus
577 2780 584 2787 .
614 2756 658 2793 Et
679 2756 861 2800 frequenter
882 2756 1054 2792 desideravi
1077 2758 1122 2792 ob

234 2806 302 2841 hoc
317 2807 351 2839 in
366 2804 511 2841 solitario
523 2804 598 2839 loco
610 2805 731 2843 alicubi
752 2804 924 2842 devacanti
947 2817 1009 2842 tuae
1020 2807 1122 2843 collo-

233 2857 293 2901 qui
308 2855 474 2891 Sanstitati
489 2877 499 2894 ,
523 2854 557 2887 ὅ(
568 2855 699 2898 quidem
713 2855 797 2890 nihil
819 2857 908 2892 aliud
923 2868 1016 2902 agere
1030 2882 1042 2899 ,
1069 2857 1121 2892 fle-

233 2918 269 2941 re
281 2905 358 2941 vero
379 2917 416 2940 ac
428 2905 597 2943 lamentari
620 2906 873 2949 tantummodo,
899 2917 968 2942 tam
992 2919 1051 2952 pro
1071 2907 1121 2942 his

233 2967 307 2997 quae
317 2956 402 2990 dicta
414 2955 487 2989 sunt
501 2979 512 2998 ‚
524 2966 621 2997 quam
637 2967 695 3003 pro
709 2956 781 2998 aliis
790 2969 860 3002 quae
871 2957 1030 3003 penejam
1043 2959 1119 2997 duci

233 3004 390 3055 perdidici
400 3032 406 3038 .

1886 197 1980 242 225

1178 341 1285 387 Haec
1310 334 1415 385 dum
1431 348 1638 398 geruntur
1668 334 1934 398 inoriente,
1968 356 2055 407 pax

1244 411 1290 456 in
1303 403 1566 466 Alexandria
1589 403 1699 453 faeta
1714 402 1802 464 est,
1838 409 1973 456 Paulo
1992 410 2057 458 -ad
2091 401 2094 405 i

1242 476 1300 526 ad
1325 477 1547 545 Cyrillum
1568 473 1835 543 Episcopum
1868 476 2058 526 Alexan-

1243 548 1346 597 driae
1387 547 1520 597 dante
1546 545 1785 620 Epistolam
1813 547 1940 600 Pacis
1966 582 1980 606 ,
2016 551 2059 597 &

1244 619 1419 685 Cyrillo
1431 635 1507 687 per
1518 616 1707 673 eundern
1723 614 1990 686 Episcopum
2004 616 2062 669 ad

1234 694 1456 754 Joannem
1501 688 1766 738 Antiochiae'
1798 685 2064 756 Episcopum

1243 757 1478 807 Pacificam
1542 758 1782 833 Epistolam
1844 756 2064 812 transmit-

1243 842 1367 882 tente
1401 844 1479 896 per
1516 828 1712 878 Clericos
1749 827 1844 878 suos
1883 865 1897 877 .
1947 829 2066 895 Qia

1243 898 1350 948 vcro
1396 898 1629 965 culpantur
1678 900 1816 965 aliqui
1853 900 2062 948 Orienta-

1242 970 1352 1022 lium
1384 1005 1398 1029 ,
1434 966 1555 1034 quod
1590 966 1646 1017 de
1683 966 1767 1016 hac
1804 986 1910 1034 pace
1946 967 2069 1036 quasi

1244 1039 1371 1091 aliter
1403 1075 1415 1098 ,
1450 1054 1586 1105 quam
1621 1035 1865 1091 debuerant
1893 1074 1905 1098 ‚
1939 1037 2067 1106 suspi-

1246 1110 1337 1159 cati
1371 1108 1455 1157 fint
1489 1107 1580 1157 five
1615 1104 1968 1173 conscripserint,
2004 1110 2072 1156 vi-

1247 1178 1427 1229 deamus
1474 1182 1519 1227 ,δε
1570 1177 1734 1249 Cyrilli
1784 1176 2073 1244 Archi-Epi-

1244 1249 1367 1317 scopi
1403 1248 1498 1317 post
1545 1264 1697 1316 pacem
1733 1245 1913 1297 ¹diversis
1960 1246 2074 1295 dire-

1246 1325 1335 1371 &as
1384 1318 1597 1388 Epistolas
1632 1356 1644 1368 .
1696 1320 1764 1368 Sic
1814 1333 1962 1367 tamen
2008 1333 2075 1367 et-

1247 1393 1335 1446 iam
1383 1387 1625 1458 Synodales
1679 1387 1874 1440 Codices
1923 1386 2076 1441 debit&

1248 1466 1293 1515 ὅτ,
1354 1460 1517 1510 sincere
1568 1478 1668 1508 cum
1729 1463 1819 1513 Dei
1882 1461 2075 1515 timore*

1250 1548 1492 1599 quaeramus
1537 1566 1551 1590 ‚
1601 1535 1644 1579 &
1695 1529 1944 1579 videbimus
1992 1546 2074 1595 pu-

1251 1617 1330 1663 to,
1365 1604 1471 1669 quia
1506 1618 1642 1649 nemo
1674 1598 1798 1666 possit
1818 1615 1948 1647 unam
1979 1614 2076 1665 par-

1253 1687 1343 1722 tem
1392 1709 1406 1732 ‚
1455 1687 1606 1722 eorum
1654 1669 1883 1718 dumtaxat
1932 1705 1945 1729 ‚
1997 1669 2076 1734 qui

1253 1740 1544 1793 Theodoreto
1581 1737 1699 1794 idem
1734 1738 1950 1792 senserant
1974 1773 1987 1797 ,
2023 1736 2078 1786 de

1254 1814 1510 1862 Nestoriani
1559 1812 1799 1873 Dogmatis
1839 1807 2077 1875 suspicione

1255 1884 1458 1950 culpare,
1494 1882 1574 1948 qui
1605 1896 1752 1929 tamen
1779 1883 1822 1928 δε
1848 1880 2077 1928 alteram-⁴

1254 1952 1310 2002 de
1336 1952 1605 2020 Eutychiani
1638 1951 1877 2012 Dogmatis
1901 1948 2075 2008 favore,

1254 2022 1287 2070 fi
1311 2021 1471 2071 'tamen
1504 2038 1594 2069 non
1617 2019 1678 2069 est
1700 2037 1753 2069 ex
1780 2024 1874 2085 ejus
1885 2032 2071 2087 parta,

1254 2090 1532 2165 pulsaverunt
1543 2127 1558 2137 .

1371 2260 1867 2307 SenorroN.

1188 2403 1370 2488 ETiam
1393 2404 1541 2445 Andreas
1562 2407 1793 2441 Samosatenfis
1815 2406 1997 2452 Episcopus
2016 2409 2068 2453 Jo-

1289 2456 1369 2491 anni
1382 2454 1577 2495 Patriarchae
1587 2458 1710 2500 semper
1722 2457 1825 2491 fuerat
1836 2456 1877 2491 ab
1888 2458 2013 2492 intimis
2025 2461 2068 2494 se-

1184 2507 1277 2542 cretis
1288 2506 1446 2541 consiliis.
1474 2506 1653 2546 Praesertim
1672 2507 1707 2540 in
1719 2504 1780 2542 hac
1792 2508 1885 2541 causa
1898 2532 1905 2540 .
1933 2509 2068 2542 Etenim

1185 2557 1234 2590 uti
1271 2555 1492 2591 Theodoreto
1515 2580 1527 2596 ‚
1554 2557 1598 2590 ita
1618 2558 1652 2591 &
1678 2554 1756 2591 huic
1776 2557 1918 2601 Ioannes
1940 2557 2069 2601 jusserat

1186 2605 1322 2641 scribere
1347 2615 1462 2640 contra
1483 2606 1606 2654 Cyrilli
1629 2605 1783 2649 Capitula
1805 2632 1812 2640 .
1840 2609 1883 2642 Et
1905 2608 1970 2652 ipse
1990 2620 2068 2644 cum

1184 2665 1274 2691 tanta
1291 2655 1506 2691 satisfactione
1526 2656 1714 2701 scripserat,
1740 2666 1776 2691 ut
1796 2667 1866 2692 tota
1887 2659 2068 2693 orientalis

1183 2707 1336 2750 Synodus
1348 2706 1396 2740 illi
1410 2707 1537 2750 Scripto
1547 2705 1672 2742 dederit
1686 2729 1697 2746 ,
1723 2718 1761 2740 ac
1775 2707 1943 2750 praefixerit
1953 2707 2069 2742 autho-

1182 2758 1309 2791 ritatem
1334 2757 1382 2790 sui
1408 2757 1568 2791 nominis.
1597 2756 1708 2804 Qare
1729 2756 1831 2794 &ille
1849 2757 2067 2792 admirabatur

1183 2806 1243 2841 hos
1265 2805 1483 2842 clandestinos
1502 2807 1694 2844 Traaatus,
1723 2805 1860 2841 Praesens
1878 2817 1984 2841 tamen
1998 2809 2065 2850 epi-

1184 2855 1264 2891 stola
1278 2856 1504 2891 Alexandrum
1515 2857 1768 2901 Metropolitam
1780 2869 1849 2893 non
1861 2857 2062 2900 interrogat,

1183 2906 1234 2941 sed
1259 2906 1388 2942 instruit
1408 2907 1450 2942 de
1461 2908 1556 2942 variis
1567 2906 1767 2945 rumoribus.
1796 2906 1852 2941 Est
1867 2906 1980 2950 scripta
1993 2918 2062 2941 non

1181 2957 1314 2992 modico
1325 2968 1471 3003 tempore
1481 2958 1551 3002 post
1564 2956 1947 3000 Theodoretiepistolam
1962 2981 1969 2988 .
1998 2958 2063 2991 Lu·

1179 3018 1281 3043 cetex
1308 3006 1359 3043 his
1368 3007 1490 3045 verbis:
1516 3007 1610 3041 Nihil
1620 3007 1659 3039 ab
1672 3009 1801 3050 AEgypto
1812 3013 1939 3040 intanto
1952 3015 2062 3050 tempo-

1178 3069 1209 3092 re
1232 3056 1435 3103 scripserunt,
1462 3063 1514 3102 qui
1531 3057 1660 3100 profe&
1677 3056 1763 3101 sunt.
1791 3057 1886 3091 Hinc
1909 3057 2060 3092 Andreas

1180 3106 1265 3142 nihil
1277 3110 1369 3143 fausti
1383 3110 1424 3144 ab
1437 3109 1505 3153 ipsis
1516 3109 1693 3152 exspectat,
1721 3107 1772 3142 sed
1785 3108 1898 3143 omnia
1909 3107 2060 3142 infelicis-

1179 3159 1256 3193 fima
1269 3184 1276 3192 .
1303 3160 1409 3194 Addit
1421 3157 1514 3202 hujus
1524 3158 1716 3201 conjediurae
1726 3158 1836 3192 causas
1851 3159 1914 3203 effe
1924 3157 1980 3192 fibi
1992 3168 2056 3192 ma-

1181 3209 1327 3251 nifestas,
1356 3209 1409 3244 sed
1421 3220 1499 3253 quas
1511 3219 1578 3243 non
1597 3206 1746 3252 expediat
1758 3209 1909 3244 scribere,

1228 3260 1310 3294 Haec
1329 3259 1422 3294 verba
1436 3284 1446 3300 ‚
1472 3263 1538 3291 Nos
1559 3260 1631 3297 verb
1653 3258 1707 3300 etfi
1711 3260 1860 3293 multoties
1876 3259 1982 3293 millies
1989 3266 2055 3300 per-

1172 3309 1253 3352 fistat
1263 3316 1296 3344 in
1305 3315 1392 3353 lmpio
1410 3311 1543 3352 dogmate
1554 3333 1565 3350 ,
1591 3315 1717 3347 contenti
1735 3308 1839 3353 sumus
1860 3308 1909 3343 hi!
1920 3320 1974 3349 quq
1987 3309 2052 3339 olim

1176 3367 1230 3407 per
1239 3360 1385 3404 epistolam
1391 3359 1503 3404 scripsit
1512 3384 1524 3403 ‚
1542 3358 1616 3402 ficut
1625 3371 1693 3404 quae
1704 3362 1816 3404 integre
1839 3356 2053 3393 orthodoxiam

1928 3413 2007 3447 prae-
