2320 3730
343 217 441 265 344

686 195 1021 251 VaaroRuM
1057 202 1307 250 PArrRuM
1342 202 1666 269 Ευιετοιαε,

264 290 305 325 fis
328 289 429 323 libros
451 289 683 329 transtulerunt
706 290 741 323 in
765 291 867 326 varias
890 288 1021 331 linguas
1036 312 1046 328 ‚
1071 289 1104 322 δε
1118 289 1176 323 fic·
1221 290 1282 332 rit,
1310 292 1383 325 fiat.
1414 292 1575 326 Caeterum
1587 293 1668 327 dum
1680 295 1803 337 pridem
1814 297 1891 333 talia
1902 300 2102 336 facereinsti.

265 350 447 375 evenerunt
473 334 583 390 523⁰&
602 337 850 389 motusabunde
860 335 1010 387 descripti
1021 338 1056 388 in
1070 338 1158 384 supe-

262 389 421 426 rioribus.
672 414 675 417 -
967 392 973 399 ““
1110 393 1113 397 “

435 602 652 659 CAPUT
690 605 962 658 CLXXXV,
1003 621 1146 669 2--273

256 745 407 807 :Relatio
423 781 437 804 ,
474 743 620 813 inquit
651 779 664 804 ,
688 743 861 810 ficunda
895 744 1149 815 Euphratssae

324 812 475 867 judicis
482 811 515 874 ‚'
545 818 610 881 qui
624 818 943 881 perturbationem
972 821 1142 865 civitatis

257 949 259 951 ·
321 884 518 951 agnoscens
541 901 696 958 propter
730 891 877 935 exitum
910 886 1147 954 Sanfflfsit'mi

319 952 499 1023 EPI'flOPI'
537 955 756 1011 Alexandri
767 957 931 1022 fabiam
948 994 962 1018 ‚
1004 958 1144 1007 direxit

255 1054 258 1057 >
318 1024 702 1091 Magnificentiſsimo
762 1033 902 1075 Comiti
957 1033 1116 1075 Orientis
1125 1046 1142 1087 ν,

314 1093 575 1159 transmittens
600 1101 658 1140 ζῶ
674 1096 810 1162 Populi
828 1097 1117 1144 acclamationes
1128 1134 1141 1157 ,

315 1181 399 1210 tam
413 1161 518 1227 adst
530 1198 544 1222 ‚
583 1180 697 1227 quam
727 1163 781 1210 ad
800 1165 1142 1232 Magnificentiſsi-

314 1251 420 1280 Μαι-αα
446 1237 628 1280 Comitem
644 1239 784 1280 Titum
795 1234 936 1299 fiic‘ias
951 1273 964 1297 ,
1002 1242 1062 1283 <²9¹
1089 1237 1141 1285 ad

314 1301 440 1372 ipsiam
458 1320 594 1370 quoque
609 1302 815 1354 Antiochiae
824 1305 1029 1373 Praest‘dem
1042 1344 1054 1356 .

240 1445 347 1531 H
352 1445 505 1493 Ierapolis
517 1446 550 1480 ὅ(
561 1444 733 1483 devotioni
757 1448 919 1488 servIens‚-
943 1448 975 1482 ὃς
995 1448 1052 1495 pio
1063 1448 1140 1483 defi-

375 1497 466 1530 derio
492 1496 655 1535 stimulata
677 1523 687 1538 ‚
716 1497 848 1533 Divino
871 1497 1004 1543 quidem
1030 1498 1138 1532 motui

237 1548 326 1580 ceffit
343 1573 353 1588 ,
382 1547 415 1580 δε
438 1545 604 1589 Praecepto
619 1546 818 1592 'Magnifico
842 1559 980 1593 gemens
998 1574 1006 1580 .
1033 1548 1137 1583 Nunc

235 1598 316 1630 vero
340 1597 464 1638 expetit
492 1598 774 1644 misericordiam,
801 1610 865 1645 qua
879 1599 1045 1644 'diligatur
1069 1598 1138 1641 ejus

235 1646 457 1686 defiderium,
485 1649 625 1689 expansa
640 1649 732 1690 super
757 1649 951 1683 Alexandro
976 1651 1074 1688 sene,
1102 1649 1136 1682 &

233 1697 338 1733 ludius
351 1697 486 1743 quidem
501 1697 655 1741 suscitans
669 1709 725 1742 per
736 1699 878 1740 plateas,
905 1698 1072 1732 inundans
1084 1708 1135 1731 au·

235 1756 305 1782 tem
318 1747 499 1789 lachrymis
510 1742 639 1787 solum}
666 1749 700 1781 &
713 1749 825 1782 fei-ein
839 1749 941 1792 ipsam
965 1748 1029 1791 jam
1041 1747 1138 1782 Divi-

233 1799 375 1832 nitatem
389 1796 469 1839 quid
480 1796 553 1829 aust
570 1797 776 1839 praesumere.
804 1798 879 1832 Nec
889 1799 979 1832 enim
998 1799 1133 1832 consue-

233 1857 285 1881 tas
296 1849 438 1880 astiones
449 1845 583 1879 exhibet
595 1848 776 1891 gratiarum
796 1873 804 1881 .
833 1849 877 1882 Et
903 1848 1026 1882 receffit
1047 1849 1134 1882 clau-

233 1898 318 1932 dens
330 1899 450 1931 sannas
466 1895 627 1930 Ecclefias
641 1921 652 1938 ‚
679 1898 714 1931 δε
728 1898 792 1932 tale
804 1899 883 1942 quid
898 1903 1019 1942 agens,
1037 1899 1133 1943 quale

234 1950 289 1982 cui
312 1950 443 1981 veniam
471 1957 636 1990 competat
662 1947 839 1991 impartiri.
869 1949 1042 1996 Qoniam
1066 1960 1133 1992 per-

235 2000 382 2033 cutiente
393 1997 593 2030 conscientia
609 1998 657 2030 vel
669 1998 750 2041 quid
764 2009 951 2042 perpetrent
961 2000 1110 2033 nesciunt
1121 2023 1131 2039 ,

235 2045 431 2082 anhelantes
441 2044 599 2079 defectum
613 2070 623 2084 ,
636 2058 677 2079 ne
689 2048 784 2080 illum
797 2073 807 2087 ‚
827 2059 923 2090 quern
935 2047 1031 2081 valde
1041 2059 1131 2080 com-

237 2098 446 2142 pediuntur,
475 2097 648 2129 amittant.
679 2095 759 2129 Hoc
771 2096 906 2140 quidem
929 2107 984 2140 per
1006 2095 1132 2130 Pufilli-

234 2158 342 2183 tatem
354 2157 461 2184 meam
475 2146 624 2188 pervenit
635 2143 677 2177 ad
691 2147 792 2179 finem
804 2169 811 2177 .
839 2145 928 2180 Nam
950 2149 1045 2181 Sacra
1059 2147 1130 2189 qui-

236 2199 312 2233 dem
326 2200 398 2229 loca
411 2196 508 2228 resera
515 2205 546 2227 ta
558 2194 631 2225 sunt
644 2217 656 2234 ,
685 2194 720 2226 ἃς
731 2195 889 2227 consueta
901 2196 1109 2238 complentur
1119 2219 1128 2227 .

236 2245 344 2294 Qod
357 2254 466 2279 autem
480 2244 643 2286 reliquum
655 2242 720 2276 fuit
729 2265 740 2281 ‚
766 2242 943 2286 petitiones
955 2244 1012 2277 sub
1024 2244 1132 2286 conju-

234 2295 365 2333 rarione
377 2295 537 2338 depofitas
550 2294 676 2336 inspexi
696 2292 849 2328 omnium
862 2318 872 2333 ‚
898 2292 959 2335 qui
978 2294 1059 2328 boni
1088 2293 1132 2326 vi-

236 2349 380 2386 dentur,
407 2345 441 2378 &
468 2345 524 2388 qui
548 2356 606 2388 pro
623 2342 718 2376 Patre
731 2354 927 2386 precantur,
953 2356 991 2378 ac
1016 2344 1131 2387 suppli-

238 2409 317 2433 cant
333 2408 368 2430 ut
382 2396 423 2430 ab
437 2395 494 2429 illo
507 2395 700 2439 pascantur,
729 2395 785 2436 qui
797 2394 880 2428 cosa
895 2395 999 2436 pueris
1022 2395 1131 2438 Magi-

239 2449 303 2483 ster
315 2447 501 2481 mitiffimus
511 2445 680 2479 educavit.
711 2444 828 2479 Eidem
843 2455 984 2487 namque
1005 2456 1065 2478 nec
1086 2445 1127 2477 vi-

238 2510 308 2534 tam
325 2496 477 2532 sevivete
490 2495 708 2534 arbitrantur,
734 2495 793 2528 nifi
817 2495 909 2538 super
929 2506 986 2528 eos
1000 2495 1129 2538 Episco-

240 2560 354 2593 patum
369 2549 443 2581 Deo
460 2546 685 2580 Amiciffitnus
697 2544 886 2578 Alexander
897 2553 1023 2585 teneat,
1039 2545 1129 2588 cujus

242 2602 345 2633 vitam
357 2597 489 2641 quidem
503 2597 663 2630 mirantur
673 2619 683 2634 ,
710 2593 970 2637 obstupescentes
979 2596 1129 2629 Sacerdo—

244 2650 284 2684 tii
308 2650 487 2692 pietatem,
513 2647 547 2679 &1
567 2644 696 2686 pietatis
726 2645 857 2686 pondus
874 2645 1069 2689 diligentes,
1096 2646 1130 2679 &

242 2695 550 2738 doctrinasjustitiae
563 2694 898 2729 suiscircumferentes
926 2696 958 2728 in
983 2696 1129 2739 linguis,

245 2747 507 2792 colligentesque
528 2745 665 2783 cuncta,
692 2756 761 2786 quae
786 2746 887 2779 multa
900 2746 995 2786 sunt,
1021 2745 1061 2779 ad
1082 2757 1131 2778 ro-

243 2795 430 2834 borandum
453 2794 502 2828 sui
524 2794 643 2827 amoris
664 2792 808 2827 ardorem
830 2810 840 2829 .-
867 2795 1133 2839 Adjicicntesque

247 2848 406 2893 praefatis,
433 2843 522 2888 quod
536 2852 612 2877 ante
622 2854 749 2886 ternpus
762 2845 852 2878 suum
866 2845 906 2878 de
928 2845 988 2879 hac
1013 2847 1077 2879 vita
1091 2857 1133 2879 re·

251 2899 370 2932 cedant
381 2921 391 2937 ‚
418 2897 451 2930 &
466 2895 522 2929 nifi
533 2892 692 2928 efficiatur
711 2893 800 2938 quod
816 2906 920 2937 petere
931 2896 1051 2930 instant
1063 2921 1074 2937 ,
1100 2896 1133 2928 in

252 2948 440 2991 semetipsos
452 2945 530 2979 mali
543 2942 666 2987 aliquid
680 2944 907 2986 perpetrabunt
917 2969 927 2984 ,
939 2946 1027 2987 pueri
1039 2946 1136 2979 fimul

255 3012 294 3033 ac
305 3000 392 3032 senes
405 3023 414 3037 ,
443 2996 594 3029 mulieres
605 3005 641 3027 ac
654 2994 795 3038 virgines
806 3019 817 3035 ,
843 2996 877 3029 ὃ(
898 3006 1012 3029 omnes
1036 3006 1136 3029 matu-

257 3061 300 3082 rae
320 3060 356 3081 ac
370 3046 479 3081 senilis
489 3045 612 3083 aetatis,
639 3045 660 3078 fi
681 3043 820 3079 defuerit
846 3043 954 3078 adhuc
974 3045 1013 3079 ad
1026 3046 1138 3080 sanaae

258 3098 407 3131 Eccleliae
420 3095 647 3140 praefidendum
659 3120 670 3136 ‚
697 3096 751 3138 qui
767 3107 837 3128 eam
851 3095 895 3129 est
907 3093 1023 3128 habere
1048 3097 1139 3130 sorti-

252 3152 313 3181 'tus
325 3171 334 3186 ,
361 3148 447 3180 dum*
461 3145 599 3179 necdum
618 3145 775 3190 quieverit
801 3142 873 3190 lege
883 3154 1000 3179 naturae
1014 3170 1021 3176 .
1047 3146 1138 3179 Dum

258 3205 321 3232 tuae
334 3196 451 3230 interfit
465 3196 731 3240 Magnitudinis‚
758 3195 847 3239 cujus
858 3196 964 3239 operis
973 3195 1018 3228 est
1031 3196 1140 3239 ,quid-
1202 3220 1205 3222 -

262 3246 341 3291 quid
357 3246 435 3278 illud
452 3247 527 3278 mali
540 3245 598 3284 fit,
626 3246 809 3280 discuterea
823 3246 997 3290 Subjestis,
1023 3246 1057 3279 &
1078 3257 1115 3280 ea
1129 3270 1139 3286 ‚

260 3306 332 3339 quae
345 3296 437 3338 plena
456 3296 527 3328 sunt
541 3294 674 3328 tristitiae
691 3307 728 3329 ac
740 3296 942 3330 difficultatis
953 3319 964 3335 ‚
990 3293 1119 3341 abigere
1129 3321 1140 3337 ‚

262 3347 297 3380 ὅτ,
320 3355 430 3387 pacem
454 3344 660 3387 laetitiamque
680 3345 868 3380 civitatibus
889 3346 1076 3387 introferre,
1102 3359 1139 3380 ea

264 3390 335 3444 quai
349 3393 512 3432 subsecuta
535 3394 608 3428 sunt
630 3394 794 3438 indicavi,
819 3405 855 3431 ut
873 3395 1030 3442 quidquid
1051 3397 1141 3432 flete-

1218 341 1328 385 tiffent
1338 366 1349 383 ,
1376 341 1675 384 Reverendiffimus
1687 342 1877 381 Alexander
1888 348 2101 390 Relationem

1216 392 1286 426 fieri
1300 389 1368 426 no'n
1391 393 1558 436 permitit,
1584 393 1734 427 Domine
1757 394 2039 435 Admirandiffime
2065 402 2100 436 ὃς

1145 452 1147 454 ·
1215 443 1559 488 Magnificentiffime.
1588 444 1660 477 Oro
1674 444 1784 478 Deum
1802 466 1813 483 ‚
1838 454 1874 478 ut
1898 456 1954 489 tu,
1981 451 2099 486 Domi-

1214 504 1256 539 ne
1268 494 1315 528 mi
1327 517 1338 542 ‚
1365 493 1544 531 incolumis
1569 493 1602 526 δε
1612 505 1669 537 per
1681 493 1795 535 omnia
1807 494 1888 535 felix
1898 500 2097 541 temporib&

1213 541 1324 590 longis
1341 543 1516 592 perdures,
1541 544 1729 586 communis
1748 544 1917 593 Salvator,
1942 546 1977 581 ὃ(
1996 545 2090 591 bene-

1212 592 1366 632 ficiorum
1387 592 1570 637 Praestitor.

1408 752 1902 800 Seriotton.

1212 935 1215 937 Α
1316 898 1385 933 AEc
1406 899 1552 943 Epistola
1572 898 1683 935 denuo
1703 900 1847 935 ostendit
1869 899 2096 936 Alexandrum

1253 983 1256 986 ,
1338 947 1430 983 fuiffe
1452 950 1565 995 magni
1588 951 1737 985 nominis
1760 951 1974 995 Episcopum.
2000 951 2098 984 Hinc

1204 992 1352 1040 Populus
1374 998 1409 1032 &
1432 1011 1488 1043 per
1497 1000 1770 1041 acclamationes,
1796 1002 1831 1035 δε
1847 1012 1902 1045 per
1912 1000 2008 1034 duras
2018 1011 2098 1034 con-

1205 1046 1440 1092 tradictiones,
1465 1050 1498 1085 &
1522 1061 1578 1093 per
1602 1051 1792 1084 cessationes
1815 1050 1833 1085 ὲ
1858 1050 2038 1084 Divinisin
2051 1050 2098 1093 ip·

1205 1096 1274 1128 sum
1285 1096 1486 1132 demonstrat
1509 1109 1638 1133 tantum
1655 1099 1801 1135 affeflum
1814 1125 1821 1131 .
1849 1100 1980 1134 Harum
1993 1100 2095 1134 accla-

1204 1145 1392 1180 mationum
1413 1147 1578 1191 originem
1590 1148 1729 1190 exponit
1744 1149 1778 1182 in
1791 1149 2015 1193 Misopogone
2032 1150 2095 1183 lm-

1203 1205 1330 1237 perator
1343 1196 1492 1239 Julianus
1508 1221 1515 1229 .
1543 1196 1613 1231 Hic
1624 1209 1795 1239 nunquam
1816 1222 1826 1238 ,
1854 1209 1910 1232 aut
1940 1199 2094 1233 rariffime

1201 1244 1376 1286 Theatra,
1405 1246 1658 1289 frequentiffime
1678 1247 1829 1283 Deorum
1851 1247 1994 1292 Templa
2026 1247 2095 1283 adi·-

1202 1296 1258 1330 bat
1269 1320 1280 1337 ,
1308 1296 1450 1341 ideoque
1462 1296 1686 1331 Antiochenae
1694 1299 1836 1332 civitatis
1848 1299 1978 1333 fidelem
1990 1309 2094 1342 popu·

1203 1346 1270 1380 lum
1294 1345 1427 1381 induxit
1448 1346 1598 1381 adversus
1611 1347 1676 1382 haec
1689 1358 1944 1382 murmurantem
1957 1372 1964 1381 .
1990 1352 2096 1382 Venti·

1202 1394 1249 1429 tat
1258 1402 1291 1429 in
1301 1399 1443 1439 Templa,
1467 1408 1526 1430 non
1546 1398 1671 1442 Agrestis
1692 1407 1747 1431 tua
1757 1397 1984 1441 causapopulus
1997 1422 2009 1438 ‚
2035 1402 2092 1430 im⁴

1202 1458 1248 1479 mo
1267 1453 1359 1479 enam
1382 1446 1575 1491 Magistratus
1597 1449 1756 1490 complures
1789 1454 1823 1483 in
1857 1448 1989 1491 Templa'
2028 1459 2091 1489 conf

1200 1497 1325 1539 βιαιως
1344 1499 1379 1532 cb·
1401 1504 1543 1540 acciperis
1563 1497 1744 1541 cumplaufiae
1758 1499 1926 1532 &clamore
1936 1497 2091 1542 magnifici

1202 1553 1234 1579 in
1257 1546 1408 1588 Templis,
1434 1558 1468 1581 ut
1491 1554 1525 1580 in
1545 1548 1702 1582 Tbeams.
1734 1549 1778 1582 Et
1806 1549 1871 1592 ipse
1897 1547 2090 1592 respondet:

1202 1600 1260 1630 Vos
1282 1599 1350 1630 remi
1373 1603 1406 1630 in
1433 1599 1556 1639 Templa
1579 1601 1708 1631 Deorum
1728 1597 1818 1640 causa
1842 1603 2030 1638 convenitis,
2056 1598 2092 1632 θ

1200 1657 1266 1680 cum
1288 1657 1352 1680 mea
1375 1645 1465 1690 causa
1481 1646 1601 1688 venistis
1613 1672 1623 1688 ,
1649 1653 1750 1680 omnia
1762 1646 1890 1690 miscetis
1901 1647 2091 1682 &tur-batis.

1202 1696 1330 1730 Decebat
1352 1702 1430 1729 enim
1455 1697 1543 1730 bonos
1565 1708 1600 1730 ac
1620 1696 1757 1735 modestos
1775 1702 1878 1735 viros,
1903 1708 1968 1730 cum
1973 1695 2090 1737 filemio

1197 1755 1377 1789 precantes,
1404 1745 1480 1779 bona
1502 1748 1523 1778 ἃ
1548 1749 1617 1779 Diis
1622 1754 1730 1789 petere
1743 1771 1751 1779 .
1779 1745 1987 1781 Antiocheni
2006 1757 2091 1780 mur-

1203 1795 1397 1837 murabant,
1423 1794 1513 1840 quod
1536 1796 1685 1839 Julianus
1705 1795 1851 1831 Theatra
1873 1808 1942 1832 non
1963 1796 2090 1838 adiret,

1201 1847 1342 1888 ideoque
1363 1848 1419 1890 ipfi
1444 1847 1623 1881 acclamare
1649 1858 1718 1880 non
1746 1847 1902 1891 possent;
1929 1847 1974 1881 Et
2000 1845 2092 1892 quod

1200 1897 1241 1931 ad
1268 1897 1325 1940 ipfi
1351 1896 1599 1931 acclamandum
1625 1907 1821 1943 cogerentur
1853 1896 1997 1941 Templa
2022 1897 2093 1932 adi-

1197 1958 1252 1987 re,
1279 1948 1312 1981 &
1345 1946 1442 1981 isthic
1466 1948 1678 1983 acclamando
1703 1959 1798 1992 agere
1818 1957 1932 1982 contra
1944 1957 2091 1981 morem.

1199 1998 1242 2032 Et
1254 1998 1322 2041 ipse
1332 2009 1389 2032 eos
1402 1998 1510 2043 arguit
1522 2023 1532 2040 ‚
1555 1999 1644 2042 quod
1658 1998 1803 2041 Templa
1816 1998 1878 2032 suis
1888 1996 2089 2032 clamoribus

1200 2048 1408 2088 profanarent
1424 2072 1431 2079 .
1459 2048 1512 2080 Ex
1536 2048 1657 2090 quibus
1679 2048 1854 2087 discimus,
1879 2048 1968 2092 quod
1985 2047 2093 2090 Popu-

1198 2096 1278 2129 lares
1289 2096 1542 2129 acclamationes
1552 2098 1569 2129 ὲ
1581 2096 1738 2129 Theatris
1751 2097 1903 2130 duxerint
1914 2097 2088 2140 originem.

1197 2145 1290 2180 Hinc
1318 2155 1533 2189 pervenerunt
1555 2144 1596 2179 ad
1617 2146 1795 2186 Senatum,
1821 2146 1861 2180 ad
1881 2145 2089 2189 Episcopales

1197 2195 1371 2237 Synodos,
1400 2193 1441 2227 ad
1453 2194 1633 2234 Ecclefias,
1659 2195 1701 2227 ad
1714 2196 1860 2237 quemvis
1871 2195 1980 2228 locum
1996 2219 2003 2226 .
2030 2194 2090 2229 Eis

1197 2244 1283 2276 varia
1307 2243 1540 2277 maledicentia
1563 2243 1709 2276 convitia
1725 2242 1901 2278 admiscere
1915 2269 1925 2284 ‚
1952 2245 1996 2278 est
2008 2245 2091 2279 anti-

1197 2304 1258 2336 qua
1273 2293 1307 2326 in
1319 2294 1474 2327 Romano
1490 2291 1633 2335 Imperio
1648 2293 1821 2336 petulantia
1836 2319 1844 2326 .
1871 2293 1964 2328 Hinc
1983 2294 2088 2338 igitur

1194 2344 1292 2378 etiam
1321 2343 1591 2385 Hierapolitanus
1611 2341 1756 2385 Populus
1780 2344 1921 2387 conjecit
1939 2343 2028 2388 plura
2041 2345 2075 2378 in

1194 2393 1362 2427 Comitem
1396 2393 1515 2427 Titum
1539 2417 1549 2432 ‚
1575 2404 1613 2426 ac
1642 2393 1802 2436 Joannem
1841 2393 2083 2428 patriarcham·

1194 2444 1287 2477 Hinc
1311 2443 1426 2477 Praeses
1438 2442 1610 2485 Lybianus
1631 2442 1699 2486 ejus
1710 2455 1766 2487 pro
1777 2444 1878 2486 eiesto
1891 2442 2083 2478 Alexandro

1193 2494 1454 2537 deprecationem
1480 2505 1539 2527 nec
1562 2493 1602 2527 ad
1622 2491 1732 2533 hunc,
1760 2504 1820 2529 nec
1832 2495 1871 2529 ad
1889 2494 1982 2527 illum
1997 2504 2082 2528 retu·—

1193 2545 1252 2586 lic,
1279 2544 1332 2578 sed
1341 2543 1383 2580 ad
1395 2543 1565 2580 Comitem
1583 2542 1749 2579 Orientis,

1357 2758 1568 2823 CAPUT
1604 2760 1898 2809 CLXXXVI.
1933 2777 2078 2824 -274

1197 2901 1273 2948 His
1307 2900 1458 2945 Irenaeus
1491 2897 1562 2946 illa
1587 2895 1751 2968 fhbjecit
1776 2935 1788 2946 .
1836 2897 1919 2947 lde'o
1949 2897 2078 2967 posin·-

1302 2987 1404 3031 mus,
1440 2988 1480 3017 ne
1505 2973 1584 3035 quis
1606 2974 1785 3028 miretur,
1822 2989 1887 3019 cm·
1912 2967 1973 3018 hic

1400 3059 1507 3088 voces
1553 3039 1688 3108 Populi
1722 3038 1871 3088 minim}

1521 3108 1740 3178 firipfirit.

1315 3238 1479 3274 *Anifestat
1502 3240 1636 3286 quidem
1654 3240 1790 3276 Relatio
1802 3240 1890 3274 illius
1900 3238 2080 3274 Provincia:

1343 3291 1464 3334 Judicis
1477 3291 1565 3325 illam
1579 3291 1751 3334 plurimam
1773 3289 1917 3324 civitatis
1929 3290 2079 3324 lamenta·

1203 3344 1327 3377 tionem
1350 3366 1361 3381 ,
1401 3341 1480 3383 quin
1503 3340 1605 3375 immo
1640 3339 1923 3375 &confusionem
1944 3364 1955 3380 ‚
1980 3346 2078 3380 qum!

1205 3404 1263 3438 pto
1286 3391 1488 3437 reparatione
1509 3391 1595 3430 illius
1615 3391 1694 3428 Deo
1716 3391 1913 3427 Amiciffimi
1934 3383 2080 3469 lc'iastoriss

1975 3444 2031 3470 rex
