2320 3730
569 221 880 275 Sertours,
920 231 983 261 m·
1017 214 1211 261 Norts
1238 211 1643 257 iuusruarn.

199 306 346 351 regulam
360 329 368 337 .
394 303 563 350 Qoniam
578 305 650 338 sunt
663 303 844 346 hetroclyta
857 329 867 344 ,
880 303 1015 346 ideoque
1025 300 1082 334 ad-

201 356 345 390 miranda
367 355 546 398 plurimum
563 379 573 394 ,
602 354 789 389 nullatenus
812 353 971 389 imitanda
992 375 998 383 .
1026 351 1082 384 Et-

201 405 291 440 enim
311 404 351 439 de
363 406 480 441 Saano
491 404 660 442 Phaedimo
672 429 683 444 ‚
715 403 882 438 Amaseno'
893 402 1059 445 Episcopo
1072 423 1082 439 ‚

202 455 305 490 totius
315 455 416 490 Ponti
428 466 506 489 tunc
517 455 734 498 Metropolita
749 478 760 493 ‚
780 453 814 486 &
825 452 943 486 Sancto
955 451 1084 494 Grego-

200 505 252 539 rio
273 505 532 550 Thaumaturgo
551 529 562 545 ‚
590 505 751 548 Episcopo
774 500 1058 538 Neo-Caesaraeensi
1071 522 1082 537 ,

199 554 314 591 scribit
337 556 373 590 in
385 554 481 598 hujus
501 556 615 599 elogio
629 555 761 590 sancius
772 551 953 594 Gregorius
967 549 1083 598 Nysse-

200 615 266 641 nus
279 619 293 638 :.
315 611 465 640 caeterum
487 615 550 637 cum
574 604 752 638 Pbaedimus
773 625 785 641 ,
810 607 854 633 cui
874 604 1038 634 Divinitas
1063 600 1082 631 ἃ

201 658 316 700 Spiritu
337 654 578 698 SanHopraesciae
589 653 763 696 futurorum
785 651 926 693 quaedam
950 655 1001 683 vis
1024 655 1083 682 ine-

1144 304 1308 332 moveretur
1329 321 1340 338 ,
1364 296 1495 338 amplius
1518 305 1627 328 manus
1665 298 1808 336 imponere
1833 310 1841 329 :
1869 299 2025 333 Nimirum

1145 360 1232 390 quem
1243 358 1288 382 ore
1300 351 1355 381 Dei
1369 348 1523 381 laudatum
1535 370 1546 386 ,
1573 343 1701 386 &ipfius
1711 344 1794 377 tadu
1801 343 2025 391 sanffificatum

1145 407 1338 442 cognoverant
1352 423 1360 431 .
1384 397 1469 432 Item
1479 396 1587 431 Graeci
1598 396 1760 429 affirmant
1776 394 1927 430 sanetum
1944 397 2039 433 Am..

1146 447 1353 491 philochium
1376 472 1388 488 ‚
1414 447 1620 482 Iconiensem
1643 445 1841 490 Episcopum
1862 469 1872 484 ‚
1899 446 2027 488 Lycao.

1147 498 1208 532 niae
1231 498 1480 543 Metropolitam
1499 521 1511 538 ,
1546 497 1640 531 fuisse
1667 507 1737 530 non
1766 505 1820 538 per
1844 493 2026 538 Episcopos

1129 572 1131 596 3
1145 549 1368 584 consecratum
1382 573 1393 590 ,
1404 547 1458 583 sed
1470 548 1489 582 a
1501 547 1626 581 Sanssis
1639 545 1778 591 Angelis
1794 569 1802 577 .
1833 543 1883 578 lta
1897 543 2030 580 testatur

1129 600 1132 650 ᾗ
1146 597 1353 641 Nicephorus
1389 598 1542 632 Calixtus
1567 624 1574 631 .

1613 596 1748 631 Adduci
1774 593 1893 639 poffint
1940 594 2030 637 plura

1129 648 1313 691 {exempla
1340 647 1563 684 Ven‘zmnulla
1582 647 1711 685 ratione
1736 645 1856 691 possint
1882 644 1965 681 verti
1989 645 2026 679 in

202 717 276 750 rat,
299 711 334 739 ln
355 707 403 739 illo
424 714 552 747 tempore
572 701 776 745 Amasenorum
798 699 931 741 Ecclefiae
955 699 1083 740 Antr'stes
1147 698 1293 742 regulam
1305 722 1313 730 .

202 756 270 800 effe&
282 780 294 797 ,
318 757 442 791 &omni
455 754 551 795 studio
567 753 717 787 laboraret
731 776 743 792 ,
769 760 802 785 ut
815 754 961 794 Magnum
979 753 1083 794 Grego-

201 813 284 842 rium
293 832 305 848 ,
330 811 364 839 in
370 805 539 848 potestatem
552 803 707 837 redarum
719 826 730 843 ,
752 799 885 842 Ecclessae
895 800 1085 841 adminlflra-

201 855 468 900 tionipraeficeret‚
495 863 529 888 ur
543 853 590 887 bic
600 854 786 887 sacerdotem
809 854 844 885 id
856 858 972 896 agitare
978 848 1065 893 senfin
1074 873 1085 890 ,

202 913 330 951 cogitare
350 911 437 947 coepit
458 928 470 944 ,
495 916 556 948 qua
576 910 692 937 rationo
712 905 805 937 latere
814 902 926 946 paffet,
953 902 1032 934 alios
1045 899 1089 932 ad

203 959 300 992 aliam
317 949 505 1000 solitudinem
526 953 672 997 tranfiens
691 979 698 987 .
726 955 786 986 Sed
801 952 989 993 posteaquam
1011 948 1090 983 nibil

205 1012 391 1042 intentatum
413 1006 581 1047 relinquens
604 1005 654 1037 ille
677 1007 729 1036 vir
746 1012 874 1045 magnus
885 1001 1062 1035 Pbaedimus
1079 1023 1090 1039 ‚

208 1060 335 1092 &omni
344 1053 559 1088 machinatione
580 1061 686 1092 utens,
714 1062 772 1086 non
782 1060 903 1094 poterat
926 1057 1028 1085 virum
1047 1050 1092 1082 ad

207 1105 407 1140 Sacerdotium
426 1103 591 1143 adducere,
617 1107 781 1136 innumeris
803 1102 893 1135 oculis
916 1110 1090 1144 praecaven-

206 1164 294 1196 tem,
320 1154 474 1196 nequando
499 1153 663 1186 Sacerdotis
687 1163 777 1185 manu
795 1160 972 1194 caperetur,
999 1159 1091 1192 atque

208 1213 331 1248 uterque
341 1209 420 1238 inter
435 1200 597 1247 sesestudio
606 1211 756 1236 certarent
768 1225 778 1241 ‚
807 1203 855 1235 illo
867 1203 988 1244 quidem
1010 1208 1093 1241 eape-

210 1266 267 1296 ce,
291 1254 342 1288 boc
362 1251 646 1295 veropersequenns
667 1262 775 1284 manus
796 1251 920 1293 effugere
929 1254 1065 1291 cupiente
1082 1271 1093 1288 ,

209 1306 317 1339 idcirco
339 1309 452 1346 impetu
470 1303 599 1346 quodam
610 1304 725 1335 Divino
745 1299 926 1334 Pbaedimus
940 1302 984 1333 ad
990 1306 1094 1341 propo-

205 1353 296 1398 fitum
307 1352 439 1395 studium
456 1351 638 1395 promens,
664 1350 745 1384 nihil
767 1361 876 1384 curans
902 1350 1095 1390 interjedJum

209 1402 367 1449 spatium,
393 1414 450 1446 quo
471 1405 641 1446 &Gregorio
663 1400 861 1434 dirimebatur
876 1425 887 1440 ,
912 1402 1024 1443 quippe
1046 1398 1096 1433 ille

211 1454 321 1489 aberat
329 1458 437 1487 itinere
445 1453 539 1485 tridui
550 1476 560 1492 ,
583 1449 643 1494 sed
651 1452 697 1483 ad
706 1454 801 1484 Deum
818 1449 983 1494 suspiciens
995 1474 1007 1491 ‚
1030 1458 1096 1491 pre·

211 1502 353 1548 carusque
373 1513 406 1537 ut
427 1503 462 1535 ὠ*
497 1499 559 1544 ipse
587 1502 622 1534 6·
635 1500 685 1533 ille
705 1507 825 1542 pariter
848 1506 880 1533 in
893 1502 948 1535 illa
966 1501 1040 1533 bora
1076 1501 1098 1532 ἃ

212 1557 279 1589 Deo
297 1550 511 1596 respicerentur
522 1573 534 1591 ,
559 1552 617 1584 loco
629 1560 735 1583 manus
759 1549 946 1592 impofitionis
960 1554 1098 1594 Gregorio

212 1602 342 1640 adhibet
357 1601 538 1646 sermonem,
569 1604 631 1634 Deo
652 1599 819 1643 confit-rans
829 1611 894 1633 eum
906 1626 916 1641 ‚
942 1606 992 1643 qui
1004 1607 1100 1641 corpo·

212 1665 249 1690 n
257 1664 356 1688 coram
365 1653 489 1687 nonade
509 1659 554 1684 et.
580 1650 672 1685 >Eum
683 1651 883 1685 consecravit
901 1651 1098 1694 Episcopum

214 1702 260 1740 ad
268 1704 437 1739 civitatem
449 1700 785 1737 Neo-Caesaraeensem
794 1726 802 1734 .
830 1700 912 1735 Non
923 1702 1101 1736 solummo-

215 1753 264 1790 do
273 1754 437 1789 absentem
448 1777 460 1794 ,
485 1751 539 1786 sed
549 1751 583 1786 &
593 1751 688 1795 plene
705 1752 915 1788 relustantem
927 1776 940 1794 ,
962 1750 1102 1795 ideoque

217 1802 260 1839 de
273 1804 362 1846 sylva
373 1813 548 1848 gyrantem
561 1802 596 1835 in
610 1802 734 1845 sylvam
748 1828 755 1835 .

270 1853 345 1887 Nec
354 1865 392 1886 ea
403 1854 466 1886 fuit
477 1852 578 1885 solius
588 1850 749 1886 Phaedimi
763 1854 922 1886 sententia
938 1876 945 1884 .
968 1850 1103 1885 Etenim

219 1902 314 1948 quod
336 1902 436 1935 etiam
459 1899 592 1935 Sanstus
613 1900 806 1935 Gennadius
817 1900 1000 1936 Patriarcha
1015 1902 1104 1935 Con-

219 1951 533 1995 stantinopolitanus
543 1951 697 1985 Sanctum
707 1952 882 1985 Danielem
896 1953 1051 1995 Stylitem
1060 1950 1105 1983 di-

221 2003 363 2037 stantem
384 1999 622 2035 consecraverit
640 2001 675 2033 in
687 2000 917 2044 Presbyterum
930 2025 940 2041 ‚
965 2002 999 2035 &
1016 1999 1104 2041 quod

220 2051 346 2088 Daniel
356 2049 639 2086 consecrationem
651 2049 782 2085 duxerit
794 2061 896 2084 ratam
907 2074 918 2090 ‚
937 2061 976 2083 ac
988 2049 1023 2081 in
1036 2049 1104 2091 ipsa

220 2101 450 2137 ministraverit
461 2125 473 2142 ‚
498 2101 632 2135 testatur
644 2100 713 2143 ejus
727 2100 792 2135 vita
805 2100 892 2144 apud
904 2102 1105 2142 symeonem

219 2151 468 2195 Metaphrasten
489 2163 526 2185 ac
539 2151 755 2185 Laurentium
771 2151 919 2186 Surium,
950 2149 1044 2198 Qin
1071 2148 1106 2182 δε

218 2201 329 2247 plures
342 2202 437 2236 fuisse
448 2201 538 2234 istius
551 2201 717 2234 sententia:
729 2202 898 2235 se&atores
907 2225 918 2241 ,
944 2201 1039 2243 supra
1051 2210 1106 2233 au-

221 2250 364 2286 divimus
372 2251 390 2286 ὲ
399 2252 517 2286 Sancto
527 2250 740 2294 Hieronymo
752 2276 760 2283 .
786 2250 865 2285 Huc
875 2252 975 2285 etiam
987 2251 1107 2293 spectat

220 2302 342 2345 opinio
364 2301 476 2335 nescio
494 2300 586 2343 cujus
599 2299 791 2345 Egabrensis
805 2301 837 2334 in
852 2299 1012 2344 Hispania
1031 2298 1109 2342 Epi·

202 2353 335 2397 ⁴scopi,
358 2352 415 2395 qui
427 2361 535 2385 coecus
559 2351 789 2386 consecrandis
801 2351 942 2385 Clericis
963 2351 1108 2393 impone-

218 2400 279 2436 bat
301 2411 441 2440 manus,
466 2399 701 2433 benedietionis
722 2400 800 2434 vero
823 2400 997 2433 formulam
1018 2399 1108 2440 jube·

45 2430 163 2459 emme
175 2434 199 2462 ς’
218 2450 281 2484 bat
292 2450 488 2491 recitariper
502 2447 732 2490 Presbyterum
746 2473 753 2480 .
781 2448 829 2482 Ita
845 2446 945 2483 habes
957 2449 992 2481 in
1004 2448 1110 2480 secun·

220 2500 268 2535 da
278 2498 462 2542 Hispalensi
487 2496 625 2540 Synodo
639 2522 646 2529 .
674 2496 740 2532 Isto
764 2497 866 2542 igitur
886 2507 1030 2541 tempore
1042 2497 1112 2541 qui-

225 2550 304 2585 dam
316 2547 480 2583 docebant
491 2546 554 2580 tria
577 2570 584 2578 .
611 2545 746 2587 Primo,
773 2547 864 2589 quod
879 2548 945 2581 sola
956 2548 1036 2581 citra
1046 2558 1112 2580 ma-

226 2610 290 2634 nus
310 2597 553 2642 impositionem
565 2595 672 2630 oratio
697 2596 799 2638 posset
810 2598 998 2631 consecrare
1010 2596 1113 2630 Cleri-

226 2659 286 2685 cos
307 2673 315 2681 .
345 2645 497 2682 Secundo
521 2670 532 2686 ,
559 2644 648 2689 quod
668 2646 855 2681 consecrare
888 2647 991 2689 posset
1013 2646 1111 2680 etiam

227 2699 409 2734 nescientes
431 2708 469 2731 ac
490 2695 636 2729 invitos.
664 2694 809 2736 Tertio,
834 2697 923 2739 quod
946 2698 1045 2730 etiam
1060 2696 1112 2730 ab·

231 2750 340 2784 sentes
351 2773 358 2780 .
387 2747 431 2781 Et
442 2746 555 2780 omnia
567 2745 628 2778 tria
643 2745 761 2781 merito
772 2746 941 2781 damnavit
954 2771 964 2786 ‚
985 2757 1022 2779 ac
1034 2746 1111 2780 deti·

230 2800 269 2833 sit
288 2799 422 2832 Sanc‘ius
449 2792 663 2838 Hieonymus
685 2818 693 2827 .
737 2795 891 2839 Ejusdem
914 2797 1033 2831 mentis
1050 2796 1112 2830 fuit

217 2846 489 2886 ΥΤέιεοάοῐιτωε,
515 2845 672 2879 &omnes
684 2844 833 2881 Eruditi.
861 2847 904 2881 Et
921 2846 1000 2881 hinc
1022 2846 1113 2880 disci-

231 2909 306 2934 mus
317 2899 406 2932 laxas
417 2909 453 2932 ac
469 2894 660 2939 periculosas
670 2895 844 2938 opiniones
852 2899 914 2932 esse
928 2896 1066 2932 vetustas
1077 2896 1112 2929 in

231 2949 396 2983 Ecclesia.
425 2946 535 2991 Etiam
558 2945 598 2979 de
611 2946 729 2980 Sancto
742 2945 871 2991 Ignatio
885 2971 894 2987 ‚
921 2947 1019 2982 tertio
1041 2946 1111 2991 post

234 2998 389 3041 Sanctum
399 2997 534 3031 Petrum
546 2992 763 3030 Antiochenae
775 2997 920 3032 Ecclesiae
937 2998 1111 3041 Episcopo,

235 3046 350 3094 scribit
371 3046 405 3080 in
430 3043 666 3090 marginalibus
690 3045 733 3079 ad
757 3049 901 3083 odtavam
937 3048 1110 3091 Synodum

237 3094 381 3131 scholiis
403 3094 590 3130 Anastasius
615 3094 771 3130 Romanae
783 3098 929 3133 Ecclefiae
940 3097 1112 3140 Presbyter

240 3144 446 3185 Cardinalis,
471 3156 507 3179 ac
523 3143 799 3192 Bibliothecarius
811 3149 982 3190 :grradunt
994 3152 1111 3186 Graeci,

238 3197 318 3240 quod
325 3194 475 3238 parvulus
488 3219 498 3234 ‚
523 3206 609 3236 quem
623 3198 765 3230 Dominus
776 3199 955 3233 advocatum
960 3199 1067 3240 statuit
1080 3203 1113 3231 in

239 3248 336 3281 medio
360 3247 480 3285 dicens,
507 3245 579 3278 Nisi
590 3247 734 3280 conversi
758 3249 908 3290 fueritis,
932 3250 967 3283 &
988 3249 1113 3283 efficia·-

239 3296 324 3332 mini
345 3296 424 3329 sicut
450 3292 503 3328 hic
525 3294 695 3337 parvulus,
720 3296 775 3336 Iste
801 3302 935 3342 Ignatius
954 3298 1022 3341 fuit
1043 3323 1054 3340 ,
1080 3300 1114 3332 (vt

240 3347 345 3380 idcirco
368 3345 442 3378 bunc
465 3343 622 3386 Deiferum
643 3354 836 3387 nuncupant.
861 3351 948 3382 Unde*
977 3360 1029 3383 nec
1044 3353 1113 3390 Apo·

234 3396 299 3438 stoli
311 3394 489 3436 aufifuerint
496 3401 522 3428 ει·
531 3419 541 3434 ,
568 3405 634 3428 cum
644 3397 689 3428 ad
697 3399 726 3428 E
729 3395 832 3438 cclefiae
844 3397 1041 3440 Praesulatum
1047 3408 1113 3441 pro·

339 3444 446 3486 christ.
458 3449 536 3488 Lupi
546 3448 645 3488 Opera
657 3449 761 3480 T.V11.

1359 930 1403 976 C
1426 928 1632 980 APUT
1667 933 1832 979 XLVI.
1893 947 2040 994 --134

1150 1065 1327 1135 Epistola
1372 1065 1551 1116 Dorothei
1585 1067 1842 1137 Metropolitae
1875 1104 1889 1128 ‚
1935 1066 2041 1133 mzffa

1291 1136 1346 1184 ad
1379 1137 1566 1207 Populum
1601 1139 1907 1211 Constantinopo-

1493 1207 1656 1259 litanum
1689 1245 1705 1262 .,

1258 1347 1434 1384 Evertente
1452 1348 1736 1386 Reverendiffimo
1763 1352 1914 1387 Martino
1939 1350 2050 1385 Com-

1282 1398 1490 1443 presbytero,
1519 1401 1712 1445 suscipimus
1733 1401 1751 1437 a
1762 1403 1864 1438 vestra
1876 1400 2048 1436 Charitate

1158 1451 1303 1490 litteras,
1326 1450 1568 1494 &colligentes
1582 1452 1796 1496 nosmetipsos
1815 1453 1851 1487 in
1873 1452 1961 1486 idem
1976 1474 1987 1490 ,
2013 1451 2048 1484 &

1159 1500 1302 1545 legentes
1314 1510 1369 1534 eas
1384 1500 1511 1535 confusi
1523 1501 1633 1536 sumus
1656 1502 1857 1542 immodice,
1882 1501 2048 1545 colligen-

1158 1561 1206 1585 tes
1232 1549 1308 1594 quia
1321 1551 1355 1584 in
1369 1550 1427 1585 tali
1440 1560 1588 1595 tempore
1599 1552 1780 1587 multorum
1803 1552 1947 1586 millium
1960 1549 2049 1584 Cha-

1159 1601 1326 1634 rismatum
1348 1601 1464 1644 plena,
1492 1602 1642 1637 &amica
1667 1602 1735 1636 Dei
1748 1602 1842 1635 navis
1863 1601 1965 1635 vestra
1979 1600 2050 1643 pio-

1161 1661 1232 1685 rum
1245 1650 1457 1686 Sacerdotutn
1467 1650 1518 1684 siti
1529 1661 1618 1686 nunc
1631 1650 1742 1685 aestuat
1757 1663 1765 1683 :
1794 1651 1843 1685 Ita
1854 1660 1891 1685 ut
1908 1648 2053 1685 nonnul-

1161 1701 1186 1736 li
1205 1700 1343 1744 quidem
1362 1700 1543 1735 vestrorum
1570 1698 1810 1735 Catechumeni
1831 1699 1960 1736 de'hac
1983 1700 2051 1733 vita

1161 1751 1322 1794 exierint3
1349 1750 1405 1785 alii
1416 1749 1494 1785 vero
1505 1751 1573 1785 vita
1586 1751 1801 1786 desiderantes
1814 1751 1929 1786 ultima
1943 1751 2052 1785 Com-

1164 1801 1335 1835 munionis
1351 1801 1516 1843 Iudicium
1527 1824 1539 1840 ,
1567 1801 1602 1833 in
1615 1800 1686 1842 ipso
1698 1801 1773 1834 vitae
1782 1801 1926 1834 termino
1938 1799 1971 1834 id
1983 1811 2051 1833 non

1166 1850 1333 1893 potuerint
1342 1847 1490 1882 obtinere
1503 1873 1514 1888 ,
1541 1848 1583 1882 εό
1596 1849 1687 1892 quod
1699 1850 1942 1884 adversarentur
1965 1860 2055 1884 com-

1165 1899 1333 1934 municare
1344 1898 1545 1942 cumimpiis
1556 1922 1567 1939 ‚
1594 1899 1649 1933 sed
1661 1900 1702 1933 sic
1712 1899 1751 1933 ad
1773 1900 1961 1935 Dominum
1987 1901 2054 1933 mi-

1165 1958 1339 1994 graverunt
1359 1973 1366 1980 .
1394 1948 1634 1982 Verumtamen
1655 1950 1778 1982 nostrae·
1793 1950 1869 1983 fidei
1895 1950 2055 1984 nobilita·-

1166 2011 1233 2035 tem
1244 1998 1406 2033 recordati
1419 2022 1431 2038 ,
1456 2008 1553 2040 quam
1564 1997 1741 2032 didicimus
1759 1998 1777 2032 ὲ
1790 1999 1951 2042 prioribus
1974 2010 2056 2033 tem·

1166 2047 1299 2092 poribus
1310 2070 1320 2087 ,
1347 2046 1387 2080 ad
1400 2048 1580 2090 gratiarum
1593 2048 1756 2083 astionem
1769 2049 1914 2083 conversi
1926 2050 2034 2083 sumus
2049 2072 2060 2088 ,

1167 2096 1260 2133 omni
1281 2095 1497 2130 tribulatione
1519 2096 1663 2141 deposita
1678 2123 1686 2131 .
1714 2098 1805 2145 Qia
1826 2100 1860 2133 &
1884 2099 1940 2134 ille
1955 2099 2058 2142 justus

1169 2148 1272 2192 Iudex
1281 2171 1292 2187 ‚
1319 2157 1396 2180 cum
1407 2147 1443 2180 sit
1453 2146 1555 2181 eciam
1569 2148 1730 2189 clemens,
1758 2150 1793 2183 &
1803 2160 1858 2193 per
1871 2151 1986 2184 omnia
1999 2161 2060 2184 no-

1168 2199 1270 2232 strum
1282 2195 1488 2239 Propositum
1502 2197 1652 2238 noverit,
1678 2198 1778 2232 etiam
1800 2200 1868 2232 sola
1886 2200 2060 2235 voluntate

1169 2246 1346 2283 contentus
1357 2244 1423 2280 est.
1452 2246 1495 2280 Et
1518 2246 1559 2280 ad
1574 2247 1718 2281 nostram
1738 2248 1817 2291 saepe
1838 2248 2059 2284 intentionem

1170 2298 1334 2334 mensurat
1354 2295 1489 2332 divitias
1508 2295 1735 2332 misericordia:
1759 2299 1844 2339 suae,
1870 2309 1908 2334 ac
1929 2301 2060 2335 fontem

1170 2348 1303 2392 propriae
1314 2346 1490 2391 largitatis.
1520 2347 1758 2382 Verumtamen
1779 2348 1889 2384 vestrae
1901 2349 2060 2385 Charita-

1170 2399 1212 2431 tis
1226 2396 1406 2439 Epistolam
1429 2408 1570 2431 nonnos
1591 2398 1652 2433 soli
1665 2399 1907 2442 cognovimus,
1933 2400 1987 2434 sed
2013 2410 2065 2434 et-

1170 2448 1235 2481 iam
1248 2446 1315 2490 legi
1325 2456 1397 2479 eam
1420 2444 1554 2481 Christo
1569 2447 1686 2480 amicis
1706 2447 1880 2488 Plebibus,
1907 2460 1983 2483 cum
2007 2449 2064 2484 lit-

1170 2498 1246 2532 teris
1255 2495 1481 2530 Orientalium¹
1498 2496 1575 2531 Deo
1585 2496 1855 2532 amicissimorum
1879 2498 2061 2544 Episcopo-

1171 2559 1242 2581 rum
1253 2571 1264 2587 ,
1289 2556 1402 2580 coram
1417 2545 1561 2580 Ecclesia
1573 2547 1724 2581 fecimus.
1753 2548 1979 2584 Communem
1990 2561 2061 2584 ora·

1171 2598 1297 2632 tionem
1319 2595 1428 2629 cuncti
1451 2607 1510 2639 pro
1536 2597 1638 2630 vestra
1666 2596 1841 2633 stabilitate
1866 2611 1904 2634 ac
1917 2600 2059 2638 fiducia,

1171 2658 1238 2691 quae
1264 2643 1443 2680 secundum
1468 2646 1579 2680 Deum
1599 2646 1645 2680 est
1663 2670 1675 2687 ,
1700 2658 1776 2681 cum
1802 2651 2062 2693 compunctione

1172 2696 1279 2733 cordis
1304 2697 1339 2730 &
1352 2694 1530 2739 lachrymis
1540 2695 1723 2731 obtulimus
1733 2698 1888 2733 Domino
1903 2697 2037 2734 Christo
2049 2725 2061 2741 ‚

1173 2758 1208 2782 ut
1218 2746 1259 2781 ad
1274 2747 1398 2780 summa
1410 2746 1557 2781 Eeclefiae
1570 2747 1799 2783 Gubernacula
1823 2750 1859 2783 in
1870 2750 2060 2794 tempestate

1173 2797 1234 2832 hac
1249 2797 1391 2831 maxima
1402 2796 1612 2840 deprecantes
1625 2823 1632 2830 .

1222 2847 1285 2881 Sed
1309 2845 1361 2880 his
1381 2847 1426 2880 ita
1448 2848 1548 2892 gestis
1569 2848 1587 2882 a
1607 2848 1705 2884 nobis
1727 2848 1761 2882 in
1773 2849 1914 2883 Domini
1937 2849 2060 2891 corde,

1175 2907 1316 2940 nequam
1327 2897 1474 2932 Doemon
1487 2897 1671 2933 stimulatus
1683 2900 1723 2933 de
1735 2897 1786 2933 his
1801 2923 1813 2940 ‚
1837 2911 1908 2943 quae
1930 2899 1971 2933 ab
1991 2911 2063 2935 om«

1175 2946 1271 2981 nibus
1281 2948 1399 2990 pariter
1424 2957 1522 2991 atque
1542 2950 1654 2982 affeci‘u
1667 2949 1792 2984 sincero
1805 2948 1927 2983 fiebant
1939 2973 1950 2990 ,
1977 2961 2060 2993 pra:-

1175 2998 1297 3042 paravit
1309 3007 1345 3032 ut
1357 2999 1573 3042 superveniret
1586 2998 1627 3031 ad
1636 2998 1815 3033 Civitatem
1827 3000 1970 3033 nostram
1980 3009 2061 3034 cum

1175 3048 1504 3093 Magnificentissimo
1530 3049 1564 3082 &
1601 3046 1855 3092 Religiosiffimo
1894 3049 2059 3094 Magistro

1173 3098 1296 3133 militiae
1307 3098 1442 3133 Plintha
1454 3098 1648 3133 Saturninus
1659 3097 1793 3139 quidam
1806 3121 1818 3138 ,
1843 3099 1899 3144 qui
1911 3099 2059 3134 diffama-

1174 3148 1228 3182 bat
1240 3150 1443 3193 semeripsum
1463 3149 1504 3182 ab
1518 3147 1684 3191 Apostatis
1709 3148 1744 3182 ὅ(
1756 3147 2059 3185 praevaricatoribus

1176 3198 1372 3243 Episcopum
1391 3200 1483 3233 fuisse
1500 3199 1686 3232 ordinatum
1707 3197 1822 3233 nostrae
1847 3199 2030 3244 Metropoli
2048 3223 2055 3230 .

1175 3250 1245 3296 Qi
1271 3250 1305 3283 δε
1318 3261 1372 3293 per
1383 3248 1573 3283 violentiam
1586 3259 1697 3291 capere
1709 3248 1795 3284 hanc
1812 3248 1939 3285 studuit
1953 3258 2057 3294 patro·

1176 3299 1266 3335 cinio
1287 3300 1348 3334 viri
1371 3299 1528 3343 praedicti.
1555 3299 1619 3333 Sed
1639 3298 1776 3342 Spiritus
1794 3300 1912 3335 armati
1934 3301 2055 3334 virtute

1177 3348 1296 3392 Populi
1308 3350 1408 3385 nostri
1420 3373 1431 3389 ,
1458 3348 1642 3383 Imitatores
1659 3349 1766 3384 vestra:
1787 3351 1822 3384 in
1834 3349 1970 3384 Christo
1990 3349 2056 3382 sor-

1179 3398 1328 3434 titudinis
1338 3399 1412 3438 fasti
1422 3400 1511 3434 sunt.
1539 3398 1663 3435 Omnia
1674 3399 1762 3434 enim
1774 3400 1896 3442 reliqua
1917 3399 1953 3430 in
1974 3406 2057 3438 prae-2

1620 3451 1655 3484 O
1704 3461 1728 3486 2
1923 3446 2005 3481 senti
