2320 3730
360 179 455 223 182

333 256 471 290 Cunctis
484 266 626 301 namque
639 254 879 291 instantibusin
894 254 1024 299 Epheso
1037 276 1047 290 ‚
1061 253 1093 284 ὅ(
1107 261 1176 305 ξὶῦῐὶ

282 305 561 349 acquiescentibus
574 308 820 342 communicare
833 306 884 341 his
898 330 908 345 ,
936 304 1047 349 quiex
1060 302 1178 334 onen-

704 172 1039 222 VAR10RUM
1076 171 1351 215 ΡΑτΚυΜἸ
1378 168 1703 231 Emsrotffi,

1194 253 1200 320 l

1241 247 1451 292 Episcoporum
1462 255 1658 286 Orientalium
1674 253 1718 286 ad
1736 263 1782 286 me
1793 253 1909 286 litteras
1922 251 2062 295 mifi'tper
2071 254 2130 289 1)οέ

1239 305 1352 331 minum
1371 311 1467 332 meum
1490 302 1802 344 Magnificennffimum
1824 303 1990 337 Tribunum
2022 305 2128 346 Aristo!

281 367 313 390 te
324 357 400 392 suut
412 381 423 398 ,
452 358 713 403 proponentibus
727 356 802 391 vero
813 379 824 395 ,
850 354 924 395 quia
938 363 1005 386 non
1018 352 1078 385 erit
1090 350 1175 394 prius
1235 352 1319 383 laum
1331 375 1342 391 ,
1367 350 1477 392 quibus
1492 349 1681 394 fignificabat
1700 351 1902 387 oblitteranda
1930 355 1981 398 effi
2003 361 2125 396 omnia,

279 403 367 446 1²00,
394 408 451 442 nifi
473 409 665 454 susceperint
680 406 919 449 depositionem
945 402 1110 443 Nestorii,
1139 401 1173 435 ἃ
1237 412 1428 443 quascumque
1437 401 1526 434 libris
1543 399 1728 443 &Epistolis
1739 401 1840 440 nostris
1849 410 2058 444 continentur,
2086 408 2122 440 (9·

280 457 629 494 anathematizaverint
667 455 838 491 nobiscum
873 456 1045 497 Dogmata
1082 450 1174 494 ejus,

1237 451 1422 495 infistendum
1432 452 1483 494 effe
1493 458 1544 485 um·
1556 451 1681 492 symbolo
1692 477 1701 492 ,
1729 453 1809 494 quod
1823 457 1855 484 in
1872 455 1982 488 sanila
1992 461 2124 490 Nicaena

278 508 451 552 quomodo
465 510 523 543 nifi
538 509 601 544 hoc
614 508 710 542 fuerit
723 508 861 545 fastum,
887 515 1007 547 eaquae
1033 502 1072 536 ad
1086 512 1193 544 com-3
1234 504 1342 540 synodo
1363 502 1400 542 est
1420 504 1552 535 editum.
1584 506 1649 546 Ego
1671 504 1742 536 vero
1761 503 1807 534 ad
1823 501 1887 535 haec
1898 505 2083 547 longiffimam
2096 512 2125 540 ez

279 560 474 594 munionem
488 560 672 603 pertinent,
693 557 849 592 stabunt?
876 554 962 599 Qis
981 563 1090 586 autem
1105 564 1171 586 non
1188 587 1191 608 Ι

276 609 435 646 clamabit
457 620 570 644 contra
597 620 679 647 nos,
705 608 782 641 dum
797 604 1033 648 perdiderimus
1045 603 1172 638 animas

275 660 422 700 nostras,
449 661 483 694 δε
505 659 729 704 negaverimus
752 656 873 689 restam
899 655 1018 695 fidem,
1047 655 1082 688 &
1099 665 1169 697 quae

273 710 355 745 teste
376 711 461 746 dista
474 710 630 745 omnibus
644 707 858 750 placuerunt,
884 716 946 739 nos
959 705 1144 751 ejecerimus
1156 729 1167 746 ,

272 769 430 802 tanquam
453 771 522 793 non
546 758 629 791 redte
650 757 711 790 fint
735 756 843 794 dista?
873 755 926 789 An
953 767 1023 793 non
1035 765 1165 801 oportet

270 812 350 844 fasta
373 820 453 853 pace
476 818 537 841 nos
549 806 713 850 Epistolas
724 807 854 847 mittere
873 805 947 847 his,
974 806 1030 851 qui
1043 806 1165 848 ubique

269 861 362 903 supet
380 859 462 894 alios
481 857 754 902 Religiofiffimos
782 857 963 901 Episcopos
986 858 1134 892 eminent
1153 882 1163 899 ,

269 920 307 944 ut
327 909 426 952 &ipfi
452 908 634 942 concordes
655 908 760 942 effesti
782 905 920 942 reddant
941 907 989 942 eis
1014 919 1163 942 commu-

267 960 424 993 nionem?
451 958 584 994 Deinde
606 959 679 1005 quis
702 958 740 992 fit
761 980 772 998 ,
798 957 856 1001 qui
876 958 922 992 eis
945 957 1076 993 suadeat
1101 982 1112 998 ,
1138 958 1160 990 fi

264 1008 344 1052 quid
366 1009 488 1044 fastum
508 1009 607 1044 fuerit
628 1018 739 1052 praeter
752 1006 841 1052 quod
864 1008 1021 1043 omnibus
1031 1009 1137 1052 placet
1150 1032 1160 1047 ‚

264 1058 422 1102 &inquo
435 1070 552 1095 omnes
571 1058 756 1095 institerant
772 1084 783 1101 ,
807 1069 844 1093 ut
856 1068 1021 1102 oporteret
1039 1057 1162 1100 depoli-

263 1119 336 1143 tum
355 1108 467 1145 haberi
480 1110 674 1144 Nestorium
691 1134 702 1150 ,
727 1110 762 1144 &
783 1108 1058 1143 anathematizare
1079 1108 1162 1141 insa-

262 1160 425 1195 nissimam
435 1158 694 1203 ejusdoecrinam
710 1182 721 1199 ‚
749 1159 830 1202 quin
855 1159 968 1202 potius
991 1157 1161 1192 verbosita-

263 1220 330 1245 tem
351 1221 467 1246 contra
487 1210 644 1245 omniurn
666 1209 814 1245 nostrum
838 1209 1036 1244 Salvatorem
1049 1208 1158 1254 Jesum

263 1260 431 1296 Christum
445 1263 458 1298 ἒ

315 1313 536 1348 Contristatos
551 1310 628 1346 vero
640 1311 737 1347 nimis
749 1336 759 1352 ,
784 1309 1084 1345 &intolerabiliter
1102 1308 1158 1343 do-

260 1361 364 1397 lentes
381 1373 510 1407 propter
531 1361 606 1404 illa,
633 1374 703 1404 quae
720 1372 836 1397 contra
863 1372 915 1395 me
926 1360 1016 1406 gesta
1031 1361 1104 1394 sunt
1116 1358 1156 1393 ab

259 1413 508 1453 Orientalibus,
537 1423 604 1449 tam
626 1425 667 1447 ex
680 1412 781 1447 Clero
797 1411 1009 1447 Alexandriae
1021 1434 1031 1449 ‚
1058 1420 1156 1453 quam

257 1465 393 1497 cunstos
405 1463 617 1507 AEgyptiacae
630 1463 786 1496 Dioecefis
807 1463 987 1505 Episcopos
1010 1460 1156 1504 Religio-

257 1512 390 1547 siffimos
401 1514 445 1547 fic
456 1513 624 1557 mitigavit
637 1513 806 1546 Dominus
817 1523 908 1546 meus
923 1510 1156 1546 admirandiffi-

255 1573 330 1597 mus
341 1563 517 1598 Tribunus
539 1562 722 1597 Aristolaus
736 1587 747 1603 ,
772 1573 807 1597 ut
822 1561 906 1596 mihi
929 1562 1029 1596 etiam
1041 1560 1155 1595 levisfi-

255 1624 346 1647 mam
358 1614 446 1657 pacis
457 1613 609 1647 facienda:
627 1612 774 1647 redderet
790 1613 876 1647 viam
889 1635 899 1651 ‚
926 1612 961 1646 &
974 1623 1091 1647 omnes
1103 1623 1153 1645 ve-

256 1664 367 1698 nirent
395 1664 430 1698 in
453 1661 639 1706 hujusmodi
660 1662 887 1696 voluntatem.
917 1661 960 1698 Et
973 1661 1151 1706 plurimum

254 1714 389 1756 quidem
403 1725 455 1748 me
466 1713 573 1748 fateor
583 1712 649 1756 ejus
663 1711 925 1747 Admirabilitati
945 1714 1009 1747 effe
1023 1712 1151 1746 debito-

250 1766 322 1798 'rem
341 1789 351 1805 ‚
376 1765 453 1808 quia
465 1762 568 1797 modo
581 1762 666 1797 mihi
680 1763 717 1797 sit
729 1773 907 1806 cooperans
918 1762 959 1796 ad
970 1763 1084 1797 omnia
1095 1787 1105 1803 ,
1116 1765 1149 1797 ὅ(

253 1813 517 1858 competentibus
528 1811 724 1853 rationibus,
737 1823 807 1854 quae
820 1812 1149 1853 contristabant,abo·

253 1864 366 1899 leverit
383 1889 389 1896 .
417 1864 528 1898 Saluta
543 1862 795 1896 Fraternitatem
807 1873 876 1903 quae
886 1861 972 1906 apud
984 1871 1016 1895 te
1025 1862 1079 1895 est.
1092 1863 1148 1897 Te

252 1926 324 1958 quae
347 1914 518 1950 nobiscum
539 1913 583 1947 est
603 1936 614 1954 ,
641 1913 839 1947 Fraternitas
857 1913 894 1946 in
925 1913 1078 1947 Domino
1103 1915 1145 1947 sa·

251 1965 355 2000 lutat.

440 2119 940 2164 SenottoN.

362 2263 437 2300 Anc
459 2262 643 2309 Epistolam
664 2264 800 2299 Sanctus
827 2259 1141 2305 Cyrilluslaudatin

386 2317 501 2351 litteris
513 2313 552 2350 ad
566 2313 729 2349 Acacium
742 2313 991 2347 Melitinensem
1013 2311 1144 2354 Episco-

250 2380 330 2413 pum
353 2394 360 2402 .
389 2367 540 2410 Exponit
562 2365 665 2409 prima
689 2364 914 2399 Orientalium
947 2361 1142 2397 Antistitum

251 2431 307 2464 per
318 2416 557 2453 sserrhaeensem
578 2415 742 2450 Acacium
770 2413 938 2448 Postulata
951 2436 962 2453 ,
987 2412 1021 2446 &
1033 2411 1144 2453 adJun-

252 2471 305 2514 git
331 2483 343 2504 .·
370 2472 436 2513 Ego
459 2470 531 2501 vero
559 2467 604 2500 ad
623 2465 679 2508 ista
694 2463 829 2509 rescripsi
845 2461 1030 2506 Expolr‘tioni
1048 2462 1144 2505 fidei,

253 2532 344 2562 quam
357 2523 478 2552 Nicaeni
493 2521 602 2552 Patres
613 2518 774 2551 ediderunt
788 2540 798 2555 ,
824 2513 1012 2547 adhaeremns
1027 2524 1126 2546 omnes
1136 2536 1146 2551 ,

251 2570 332 2604 nihil
340 2577 461 2608 eorum,
487 2573 594 2611 quaein
606 2565 674 2608 ipsa
685 2571 872 2598 continentur
885 2587 895 2602 ,
921 2561 1143 2602 labefac‘lantes.

253 2622 329 2653 Sunt
339 2623 417 2654 enim
427 2630 461 2652 ea
474 2623 576 2651 omnia
587 2615 663 2650 rell&
675 2625 710 2647 ac
722 2614 875 2655 inculpate
885 2613 1004 2645 tradita
1017 2636 1027 2651 ‚
1052 2622 1145 2654 neque

254 2678 354 2705 tutum
377 2669 416 2709 est
434 2667 495 2709 post
516 2668 600 2700 illam
618 2665 693 2708 fidei
704 2665 865 2698 editionem
876 2663 1037 2706 quidquam
1047 2662 1145 2695 adbuc

253 2718 387 2760 curiosius
411 2717 561 2751 trat‘lare.
589 2718 670 2759 ,ραι
690 2717 762 2749 vero
789 2714 865 2747 rec‘lr?
891 2723 994 2747 contra
1016 2712 1144 2752 Nestorii

254 2769 455 2814 blasphemias
463 2765 631 2811 scripfimus
647 2791 657 2806 ,
683 2778 717 2800 ea
729 2762 979 2808 bujtcsmodieffi‚
1005 2772 1038 2796 ut
1061 2764 1143 2796 nulla

255 2820 341 2855 nobis
362 2824 479 2853 ratione
497 2816 672 2861 persuaderi
689 2816 768 2861 poffit
780 2840 790 2855 ,
816 2824 851 2848 ut
871 2814 948 2848 redit
963 2812 1080 2856 firipea
1091 2814 1143 2856 effe

256 2881 395 2914 negemus
418 2894 425 2902 .
453 2873 537 2911 Opus
555 2868 681 2911 proinde>
706 2871 800 2910 magis
823 2866 873 2909 effe
896 2889 907 2904 ‚
931 2873 965 2898 ut
983 2862 1040 2905 ipſs
1046 2866 1144 2904 Juxta

257 2921 427 2961 Pientiffimi
449 2923 640 2961 Imperatoris
657 2921 834 2956 Decretum,
859 2915 1032 2957 saneiaeque
1042 2913 1143 2956 Ephe·

250 2969 324 3012 finae
348 2971 452 3010 synodi
465 2968 646 3013 sanc‘lionem
659 2993 670 3009 ,
695 2969 778 3002 illum
802 2972 852 3010 qui
861 2973 964 2999 contra
976 2966 1143 2998 salvatoris

258 3021 368 3061 Christi
374 3022 502 3065 gloriam
510 3025 667 3064 pugnavn
682 3044 692 3060 ,
718 3020 853 3057 ejicerent
865 3040 876 3056 ‚
895 3026 930 3050 at
942 3020 1052 3056 impias
1062 3015 1142 3048 illius

258 3069 456 3112 blasphemias
477 3070 670 3104 anathemate
692 3067 928 3112 infitiarentur,
955 3063 1072 3107 ejusque
1094 3066 1141 3098 de-

258 3119 386 3164 positioni
406 3118 600 3164 consentirent
612 3145 622 3161 ,
647 3130 682 3153 ac
704 3118 875 3159 Sanc‘liffimi
894 3113 1033 3158 Episcopi
1043 3118 1144 3148 Maxi-

257 3173 352 3201 miani
374 3171 596 3203 Ordinationem
614 3170 831 3211 approbarent.
859 3167 902 3200 Et
925 3166 959 3200 in
972 3165 1089 3199 litteris
1102 3164 1142 3200 ad

259 3217 518 3262 Theognostum
538 3243 550 3259 ‚
575 3219 804 3253 Carmofinum
831 3242 843 3259 ,
868 3229 907 3252 ac
936 3216 1140 3255 Leontium,

257 3269 333 3303 suos
343 3268 376 3301 in
394 3267 501 3311 Regia
514 3269 651 3303 civitate
662 3267 887 3310 Apocrisarios
901 3280 908 3299 :
935 3270 1054 3300 Aeacius
1067 3268 1142 3298 Ber-

257 3316 396 3360 rhaeenfis
417 3315 601 3359 Episcopus,
633 3320 806 3351 veneranda
830 3322 938 3351 canitie
947 3327 980 3349 ac
994 3314 1140 3358 singulari

253 3374 368 3415 pietate
389 3372 440 3402 vir
458 3390 470 3411 ‚
496 3365 622 3410 impulsu
645 3369 842 3408 quorumdam
867 3364 1139 3412 Religiofiffimorum

1229 550 1336 594 scripfi
1342 552 1506 595 Epistolam
1517 578 1528 594 ,
1553 564 1644 596 quam
1656 555 1691 587 (a
1703 551 1758 595 ipſs
1764 557 1862 595 utique
1870 554 2015 595 accepistis
2027 579 2034 587 .
2063 557 2122 592 Est

1232 604 1373 637 omnino
1396 603 1497 649 longa
1526 604 1670 647 Epistola
1691 629 1701 645 ‚
1726 604 1760 637 ὅτ.
1788 604 1903 638 summi
1940 608 2121 641 momenti.

1233 653 1382 688 Eandem
1407 656 1543 689 Sanctus
1558 655 1702 700 Cyrillus
1717 654 1851 694 laudat,
1877 655 2044 700 &singula
2053 656 2125 699 ejus

1231 702 1349 747 Capita
1366 705 1474 749 ample
1485 707 1622 749 exponit
1634 707 1669 739 in
1680 705 1797 740 litteris
1808 704 1849 739 ad
1861 705 2036 741 Donatum
2046 706 2124 748 Me-⁴

1230 755 1421 796 tropolitam
1448 757 1664 801 Nicopolios.

1279 804 1368 839 Inter
1391 815 1455 840 tres
1469 815 1524 840 aut
1536 818 1676 851 quatuor
1686 833 1698 849 ,
1727 819 1808 851 quas
1819 805 2013 846 Berrhaeenfi
2027 808 2120 844 Acaa

1228 854 1282 888 cio
1292 856 1377 890 circa
1388 857 1475 900 pacis
1491 859 1662 902 negotium
1675 857 1792 902 scripsit
1805 859 1938 892 Sanitus
1950 858 2098 902 Cyrillus
2108 882 2123 900 ,

1229 906 1273 939 est
1296 905 1384 941 haud
1398 907 1496 942 dubie
1515 909 1666 951 palmaris
1679 920 1716 943 ac
1729 909 1985 943 fundamentalis
1997 934 2004 940 .
2033 908 2121 946 Eam

1227 956 1375 999 probavit
1390 958 1552 1000 Aeacius,
1581 959 1721 1003 ideoque
1747 958 1788 993 ad
1800 959 1960 1002 joannem
1976 959 2122 998 Patiar-2

1226 1006 1321 1041 cham
1334 1033 1345 1048 ,
1371 1007 1599 1043 Alexandrum
1616 1009 1906 1052 Hierapolitanum
1919 1035 1929 1050 ‚
1954 1009 2123 1044 Theodm

1226 1066 1329 1091 retum
1363 1083 1374 1098 ,
1409 1058 1556 1102 aliosque
1582 1059 1720 1103 majores
1752 1059 1898 1092 Orientis
1935 1060 2121 1103 Episcopos

1226 1108 1420 1149 transmitit,
1446 1108 1582 1142 suadens
1605 1109 1638 1141 δε
1659 1119 1778 1152 rogans
1804 1109 1958 1150 admitti,
1985 1111 2017 1144 &
2038 1121 2119 1144 con-

1228 1157 1335 1190 sentiri
1349 1158 1382 1191 in
1395 1169 1509 1202 pacem
1519 1183 1526 1189 .
1556 1157 1719 1201 Praecipua
1730 1157 1798 1201 ejus
1809 1158 1926 1200 Capita
1940 1161 2015 1193 sunt
2027 1159 2096 1197 haec
2107 1178 2121 1193 .-

1224 1205 1372 1242 Primum
1395 1208 1506 1243 laudat
1530 1207 1646 1242 Aeacii
1662 1206 1845 1252 grandiain
1859 1207 2037 1243 Ecclesiam
2050 1205 2121 1244 me-¹

1224 1257 1306 1298 rita,
1334 1259 1506 1302 praesertim
1530 1258 1734 1293 restiffimam
1757 1259 1793 1293 in
1819 1257 1882 1292 hac
1903 1270 1981 1302 pace
2001 1260 2117 1294 conci-

1224 1307 1332 1342 lianda
1354 1308 1593 1342 intentionem.
1621 1309 1809 1343 Secundum
1837 1319 1931 1343 notat
1952 1310 2114 1353 quosdam

1223 1358 1372 1392 Orientis
1394 1358 1597 1401 Episcopos,
1624 1357 1714 1400 quod
1736 1358 1778 1392 ab
1789 1359 2050 1394 istaintentione
2061 1358 2119 1395 de*

1224 1408 1332 1441 vient:
1361 1408 1466 1455 Qod
1488 1407 1587 1442 verbo
1608 1407 1642 1442 &
1666 1407 1779 1452 lingua
1797 1419 1910 1451 pacem
1923 1408 2115 1452 postulent,

1221 1457 1311 1501 cujus
1336 1469 1404 1492 non
1419 1457 1542 1493 habent
1553 1457 1777 1493 voluntatem.
1803 1459 1959 1493 Tertium
1970 1460 2123 1495 affirmat.

1221 1510 1401 1553 propofitos
1411 1510 1499 1552 pacis
1511 1509 1665 1544 articulos
1680 1520 1746 1544 non
1758 1510 1820 1543 effe
1831 1508 1872 1543 ab
1883 1508 2010 1546 Acacio
2023 1534 2036 1551 ,
2058 1509 2121 1547 sed:

1219 1559 1260 1593 ab
1281 1559 1348 1592 istis
1376 1559 1510 1593 versutis
1524 1559 1708 1602 Episcopis.
1737 1560 1828 1602 Ipsos
1840 1571 1895 1603 pet
1911 1560 2119 1597 illiusinten,

1220 1619 1355 1644 ventum
1376 1609 1558 1644 machinari
1580 1609 1678 1644 talia.
1708 1610 1873 1656 Qartum
1895 1610 2033 1645 affirmat
2048 1610 2117 1644 Ni-

1217 1671 1343 1695 caenum
1365 1659 1563 1704 Symbolum
1588 1660 1652 1694 esse
1682 1659 1769 1703 apud
1793 1670 1910 1694 omnes
1931 1660 2114 1695 Sacrosan-

1221 1713 1320 1751 stum,
1346 1708 1387 1744 δι’
1402 1711 1467 1745 tale
1478 1710 1572 1745 fuisse
1582 1710 1683 1744 etiam
1695 1709 1780 1753 apud
1797 1707 1994 1753 Ephefinam
2005 1710 2121 1754 Syrio-0

1215 1761 1318 1795 dum:
1343 1761 1451 1800 Fuisse
1475 1760 1731 1794 fundamentum
1756 1760 1932 1800 omnium,
1957 1771 2030 1804 quae
2041 1761 2112 1796 ae'ta

1215 1813 1289 1845 sunt
1302 1809 1455 1845 adversus
1468 1811 1662 1845 Nestorium
1675 1834 1682 1841 .
1712 1810 1755 1844 Et
1766 1808 1844 1844 hinc
1855 1808 2013 1854 Ephefina
2023 1809 2120 1845 Asta,

1214 1860 1374 1904 Cyrillus„
1387 1860 1539 1903 adjunxit
1564 1859 1721 1904 Epistolae
1746 1883 1757 1901 ,
1796 1859 1830 1893 &
1864 1858 2043 1895 transmifit
2068 1858 2119 1906 adr

1214 1911 1376 1946 Acacium
1393 1937 1399 1944 .
1426 1911 1596 1959 Qintum
1616 1920 1716 1954 caput
1741 1911 1939 1945 lamentatur
1956 1910 1997 1945 de
2008 1920 2110 1945 teme·

1210 1962 1300 1996 ratiis
1312 1973 1349 1996 ac
1363 1961 1524 2005 injuriosis
1537 1961 1755 2005 quorumdam
1769 1960 2118 2003 clamoribusmbaique:

1212 2023 1335 2055 magno
1359 2013 1484 2054 impetu
1515 2011 1725 2048 suadentium
1747 2010 1923 2045 duodecim
1950 2011 2110 2055 Capitula

1210 2060 1272 2092 effe
1301 2060 1451 2093 scelerata
1474 2061 1633 2104 dogmata
1657 2061 1754 2100 Arii,
1783 2061 1965 2102 Eunomii,
1991 2071 2050 2096 aut
2063 2062 2109 2096 A·

1211 2109 1375 2152 pollinarii
1388 2135 1395 2142 .
1425 2110 1560 2143 Sextum
1572 2109 1758 2154 graviffime
1769 2113 1916 2152 queritur
1928 2111 1969 2145 de
1981 2111 2117 2145 facinos

1210 2161 1282 2193 rosa
1307 2160 1532 2194 Orientalium
1561 2160 1801 2203 Episcoporum
1823 2160 1908 2202 apud
1935 2159 2115 2204 Ephesum.

1210 2210 1344 2244 audacia
1357 2234 1368 2250 ,
1395 2221 1460 2253 qua
1473 2209 1642 2253 Cyrillum
1660 2209 1693 2242 &
1713 2208 1936 2243 Memnonem
1950 2233 1962 2250 ,
1987 2210 2024 2244 δε
2036 2211 2116 2254 qui-,

1209 2260 1284 2294 dem
1318 2260 1487 2294 inauditos
1509 2285 1520 2300 ‚
1546 2257 1766 2304 degradarunt
1789 2283 1800 2299 ‚
1826 2270 1963 2294 omnem
1990 2271 2104 2296 autem

1209 2310 1445 2346 orthodoxam
1468 2309 1641 2353 Synodum
1663 2310 1827 2352 privarunt
1845 2310 2104 2344 communione.

1209 2360 1392 2403 Septimum
1415 2361 1554 2396 affirmat
1580 2358 1809 2395 Alexandrinae
1828 2359 1974 2393 Ecclefiae
2000 2360 2107 2395 Cleri-

1209 2422 1266 2444 cos
1280 2411 1314 2444 &
1327 2410 1433 2454 plures
1444 2410 1591 2455 AEgypti
1616 2409 1797 2453 Episcopos
1810 2419 1939 2453 propter
1950 2410 2015 2445 haee
2027 2410 2115 2445 fuis-1

1210 2462 1240 2495 se
1252 2460 1336 2495 adeo
1358 2461 1485 2495 aversos
1497 2462 1514 2494 a
1540 2471 1619 2503 pace
1631 2484 1641 2501 ,
1668 2469 1705 2494 ut
1719 2459 1920 2494 Aristolaum
1932 2460 2107 2495 censerent

1210 2523 1271 2546 nec
1284 2511 1485 2546 audiendum
1497 2536 1504 2543 .
1533 2513 1693 2546 Ostavum
1705 2509 1817 2543 laudat
1829 2508 1919 2544 hunc
1935 2511 2105 2554 optimum

1208 2561 1422 2601 Tribunum,
1449 2559 1539 2603 quod
1566 2561 1620 2592 sua
1636 2558 1866 2593 moderatione
1878 2571 1914 2593 ac
1930 2559 2105 2602 prudentia

1208 2611 1339 2645 illorum
1360 2611 1488 2643 animos
1501 2620 1569 2642 non
1582 2607 1755 2643 dumtaxat
1775 2609 1998 2652 composuerit
2012 2633 2023 2650 ,
2049 2610 2104 2646 sed

1207 2662 1306 2695 etiam
1318 2657 1494 2693 reddiderit
1503 2655 1544 2692 ad
1556 2669 1668 2701 pacem
1677 2658 1859 2692 facillimos.
1867 2660 2007 2694 Nonum
2019 2661 2112 2697 affin.

1208 2720 1275 2745 mat
1289 2709 1455 2752 Cyrillum
1467 2719 1536 2742 non
1562 2709 1624 2742 effe
1645 2708 1678 2741 in
1692 2708 1757 2742 fide
1768 2707 1991 2752 Neophytum
2004 2734 2015 2750 ,
2044 2711 2100 2745 sed

1206 2761 1248 2796 ab
1269 2760 1408 2797 infantia
1435 2757 1696 2797 orthodoxum,
1722 2767 1837 2802 utpote
1860 2759 2103 2796 enutritumin·

1207 2823 1254 2846 ter
1275 2821 1389 2845 manus
1410 2810 1602 2844 sanctorum
1625 2809 1758 2842 Parrum
1771 2834 1779 2842 .
1807 2809 1911 2844 Haud
1932 2810 2032 2845 dubie
2049 2812 2101 2845 in-

1208 2862 1327 2907 telligit
1347 2860 1466 2902 Cyrilli
1500 2858 1713 2894 Avunculum
1736 2860 1768 2894 &
1802 2860 1837 2893 in
1865 2859 2100 2896 Alexandrino

1207 2911 1352 2949 Throno
1364 2910 1609 2945 Antecefforem
1628 2907 1860 2953 Theophilum
1873 2934 1880 2943 .

1256 2963 1355 2998 Hanc
1378 2961 1480 3004 ipsam
1502 2959 1705 3006 Apologiam
1729 2961 1863 2995 sanstus
1886 2960 2033 3004 Cyrillus
2042 2961 2098 2997 ad-

1207 3013 1301 3051 duxit
1312 3012 1347 3046 in
1361 3011 1499 3051 libello,
1525 3022 1624 3055 quem
1638 3012 1759 3055 quintae
1780 3009 1912 3044 Aetion}
1938 3009 2112 3054 Epi-reflui>

1207 3062 1353 3099 Concilii
1364 3061 1486 3100 obtulit
1499 3061 1649 3097 adversus
1660 3062 1864 3095 temerarium
1875 3073 1912 3095 ac
1923 3061 2111 3098 faffiosumr

1208 3113 1343 3159 Joannis
1355 3111 1559 3147 Antiocheni
1580 3110 1760 3156 jusdicium:
1787 3116 1856 3144 Nos
1869 3114 1947 3145 nullo
1958 3124 2096 3155 unquam

1205 3168 1334 3207 tempore
1357 3163 1552 3205 Apollinaris,
1579 3173 1632 3197 aut
1655 3167 1740 3204 Arii,
1766 3171 1820 3195 aut
1831 3166 1974 3195 Eunomii
1988 3163 2098 3196 doari-

1205 3227 1277 3249 nam
1293 3213 1489 3256 probavimus
1502 3238 1511 3254 ,
1533 3213 1590 3257 βᾶ
1607 3214 1646 3246 ab
1664 3220 1781 3247 ineunte
1792 3222 1883 3247 aetate
1894 3216 2003 3246 §acras
2014 3214 2095 3246 litte-

1205 3278 1258 3300 ras
1285 3266 1440 3299 didicimus
1464 3289 1474 3304 ‚
1500 3266 1534 3298 (θ’
1549 3270 1584 3298 in
1604 3264 1777 3299 sanciatam
1795 3274 1830 3296 ac
1853 3263 2107 3297 orthodoxorum·

1204 3319 1332 3350 Parrum
1355 3315 1492 3348 manibus
1510 3317 1633 3350 educati
1646 3313 1748 3358 sumus
1770 3338 1777 3346 .
1804 3312 1940 3355 Utique
1960 3313 2091 3348 Sancto-

1201 3378 1274 3403 rum
1295 3365 1542 3402 Monachorum
1556 3391 1564 3400 .
1592 3365 1740 3410 Cyrillus
1760 3363 1852 3400 enim
1871 3361 2102 3449 fuiffmnino,

1963 3422 2042 3447 ona-
