2320 3730
383 163 483 223 130'

301 246 421 292 pistola
442 241 651 279 Theodoreti
672 242 714 278 ad
737 244 832 279 suurn
851 243 1104 288 Metropolitam
1118 240 1196 276 Ale-

303 295 464 331 xandrum
475 320 482 326 .
510 295 554 330 Et
565 294 700 339 quidem
713 294 852 330 Irenaeus
865 293 921 336 has
936 291 1100 329 nundinas
1109 300 1193 326 retu-

302 347 341 380 lit
353 348 387 380 in
403 346 565 390 Joannem
576 344 683 380 Sanni
700 344 820 389 Cyrilli
833 343 1023 387 Syneellum
1033 352 1072 379 ac
1085 341 1192 377 Medi·

299 408 394 433 cum.
422 396 583 431 Attamen
609 397 690 436 illa,
718 406 788 438 quae
812 394 954 429 Aeacius
966 390 1191 427 hiclamenta-

297 456 351 483 ,tur
369 472 382 489 ,
407 457 487 481 tuuc
515 446 656 482 necdum
683 454 860 480 evenerant
885 470 891 476 .
920 442 1069 484 Exponit
1095 441 1186 477 firma

295 498 358 531 suae
366 498 580 539 querimoniae
592 495 807 530 fundamenta
819 520 826 527 .
856 493 986 534 Nempe
999 491 1069 533 post
1082 491 1189 541 Chry-

295 547 434 587 soteris,
459 546 675 587 Scholastici,
705 543 883 582 Eunuchi,
909 542 943 575 ὃ(
967 541 1015 575 sui
1043 541 1186 579 Cubicu—

727 161 1072 207 VARmRoM
1108 160 1361 205 Pir-raum
1396 158 1721 217 Eunomia,

1258 250 1326 276 mat
1346 242 1513 286 Cyrillum
1535 255 1614 283 tunc
1635 244 1958 293 aufugiffeecarcere
1971 271 1979 281 .
2006 244 2064 282 Est
2077 252 2145 286 ma-⁴

1257 292 1373 327 nifesta
1383 294 1548 330 calumnia
1560 321 1568 328 .
1595 298 1730 333 Etenim
1742 299 1834 344 supra
1858 299 2044 334 audivimus
2056 299 2143 343 ipsos

1257 340 1487 378 schismaticos
1519 344 1738 381 lamentantes
1760 371 1773 388 ,
1807 348 1898 392 quod
1929 349 2077 394 Cyrillus
2106 351 2143 386 &

1255 393 1422 429 Memnon
1445 395 1464 428 a
1487 393 1643 438 Principe
1671 397 1930 439 permitterentur
1956 410 2143 444 permanere

1255 442 1287 478 in
1302 444 1347 478 sui
1359 444 1530 486 Ecclefiis,
1555 443 1731 479 Nestorius
1742 455 1853 481 autem
1865 449 1919 482 vix
1932 452 2036 492 posset
2058 450 2143 484 redi-

1252 505 1285 529 re
1310 494 1351 529 ad
1373 497 1467 529 suum
1491 495 1751 530 Monasterium.
1780 497 1864 532 Item
1877 497 2008 534 aliunde
2018 500 2142 535 audivi-

1250 554 1343 585 mus,
1371 546 1463 589 quod
1485 547 1621 582 Sanctus
1642 545 1788 590 Cyrillus
1803 546 2027 592 dietrigefima
2038 552 2139 586 Osto-

292 596 365 632 larii
390 622 402 640 ,
430 607 571 632 mortem
593 596 773 639 Imperator
807 590 1018 625 Theodosius
1045 593 1184 629 visitavit
1248 593 1312 628 bris
1336 594 1572 631 Alexandriam
1597 596 1767 631 intraverit
1788 621 1800 638 ,
1825 596 1970 643 gloriose
1990 609 2138 643 receptus

289 647 361 690 ejus
383 647 523 683 domum
544 647 579 682 &
602 657 710 686 arcas,
736 655 775 676 ac
796 643 830 673 in
844 641 1180 684 iplisinvenitinfini—

287 706 363 732 tum
384 709 500 733 aurum
514 723 526 741 ,
551 708 612 732 nec
623 705 691 729 non
712 693 745 726 δε
757 691 1054 736 Hypomnysticon
1067 695 1121 728 seu
1131 706 1182 729 ea-

286 748 461 792 talogum‚
487 751 524 780 in
547 757 614 789 quo
625 743 725 777 etiam
745 741 932 776 Donatores
941 752 1155 780 annotaverat
1170 771 1180 787 ,

285 797 331 830 Et
351 797 436 830 inter
457 795 519 831 hos
541 802 700 837 magnum
722 791 835 827 locum
858 790 999 828 habebat
1013 794 1178 836 Cyrinus.

1245 643 1263 677 a
1287 644 1388 679 Clero
1409 647 1442 681 &
1464 646 1613 691 Populo.
1642 646 1743 682 Certe
1754 658 1919 683 carcerum
1931 649 2138 692 perfrastores

1245 705 1315 729 non
1338 698 1578 733 consueverunt
1595 697 1703 733 taliter
1725 698 1847 742 recipi.
1874 697 1982 734 Unde
1995 698 2137 735 Aeacius

1242 742 1328 778 hanc
1343 746 1542 783 calumniam
1554 747 1716 790 hauserit,
1746 749 1866 794 ignoro
1876 773 1884 781 .

1292 795 1374 830 Haee
1399 796 1494 831 verba
1507 821 1519 838 ,
1546 801 1778 840 Maximianus,
1805 806 1857 842 qui
1881 804 1914 832 in
1931 800 2137 841 Constantino-

284 845 381 896 Qin
406 844 510 880 immo
538 843 718 886 Imperator
737 842 866 877 videtur
889 843 962 878 istic
972 846 1122 888 reperisse
1132 847 1177 890 ip-
1236 846 1300 886 poli
1326 848 1480 880 ordinatus
1504 846 1542 887 est
1566 848 1753 891 Episcopus,
1779 849 1981 884 Orientalibus
2006 855 2039 883 in
2057 854 2136 884 Con-

280 894 354 931 sum
375 894 495 937 Cyrilli
519 891 746 938 Catalogum‚
772 893 807 926 in
836 904 905 937 quo
928 894 986 929 ille
1007 896 1122 930 omnia
1143 899 1176 933 δι

278 941 409 989 singula
428 943 483 977 sua
496 941 532 977 in
544 943 652 978 varios
664 943 835 978 Palatinos
847 943 982 979 donaria
996 955 1174 983 annotave-

274 1001 343 1027 rat:
370 992 464 1040 Qid
493 991 675 1037 unicuique
698 993 861 1036 dedisset;
887 994 920 1028 ὅ(
935 995 969 1028 in
980 995 1108 1040 signato
1120 1010 1174 1033 au·

270 1053 310 1077 ro
322 1067 334 1084 ‚
362 1041 445 1077 &in
461 1043 535 1078 aliis
546 1068 554 1076 .
581 1043 663 1078 Hoc
675 1043 812 1078 suadent
825 1043 892 1078 haec
908 1045 1001 1080 verba
1017 1058 1024 1078 :
1053 1049 1173 1082 Praeter

270 1094 335 1127 alta
356 1104 503 1135 munera,
531 1105 600 1137 quae
628 1100 662 1128 in
684 1099 785 1128 variis
793 1093 943 1137 speciebus
956 1094 1032 1138 sunt
1044 1097 1170 1138 diversis

270 1143 373 1178 oblata
390 1142 524 1188 personis
539 1169 546 1176 .
575 1143 752 1192 Qidquid
775 1146 814 1178 fit
838 1168 849 1184 ‚
875 1143 944 1179 haec
966 1146 1169 1182 clandestina

271 1194 407 1239 negotia
418 1194 615 1240 gerebantur
639 1206 695 1239 per
718 1194 860 1229 Paulum
873 1220 884 1236 ,
910 1195 1033 1238 Cyrilli
1053 1208 1093 1231 ex
1108 1199 1168 1233 fra-

268 1253 319 1283 tre
330 1244 525 1290 Nepotem,
551 1244 727 1291 degentem
749 1245 1073 1289 Constantinopoli,
1101 1248 1165 1282 Co·

267 1293 382 1329 mitem
406 1295 679 1331 Confistorialem
704 1321 712 1329 .
739 1297 875 1331 Sanetus
897 1296 989 1330 enim
1014 1296 1162 1339 Cyrillus

266 1343 388 1380 dicitur
399 1345 494 1380 fuiffe
506 1345 904 1390 Constantinopolitanus
917 1371 924 1378 .

315 1395 386 1430 Hic
397 1395 444 1430 est
457 1395 513 1430 ille
525 1395 647 1430 Paulus
661 1421 672 1438 ,
698 1407 797 1440 quem
812 1406 888 1430 cum
902 1396 980 1431 filiis
992 1397 1160 1432 Successor

263 1443 386 1487 Cyrilli
399 1446 582 1481 Dioscorus
593 1445 750 1481 omnibus
763 1447 905 1481 fortunis
914 1447 1006 1482 exuit
1019 1472 1030 1488 ,
1054 1448 1088 1481 δε
1101 1448 1156 1492 qui

264 1502 346 1528 tune
357 1494 691 1539 Constantinopolim
718 1496 883 1542 refugiens
893 1498 1017 1542 accepit
1029 1498 1155 1542 aliquid

262 1544 380 1578 auxilii
401 1545 419 1578 a
440 1545 560 1581 Sancto
586 1546 773 1582 Patriarcha
801 1547 963 1582 Flaviano
986 1573 993 1581 .
1022 1548 1156 1582 Etenim

263 1594 508 1629 Consistorialis
529 1596 653 1631 Comes
673 1598 871 1633 Flavianum
883 1596 994 1633 adhuc
1018 1598 1156 1643 Presby-

262 1653 369 1678 terum
380 1644 542 1680 dilexerat
556 1671 568 1687 ‚
595 1645 736 1691 ideoque
756 1649 818 1682 &a
829 1647 1019 1683 Patriarcha
1035 1650 1155 1694 recepit

260 1693 380 1729 similia
391 1720 398 1727 .
428 1695 472 1730 Et
480 1707 522 1731 ex
533 1695 598 1731 hoe
609 1696 700 1732 bono
713 1709 812 1742 opere
835 1699 1017 1734 Dioscorus
1030 1701 1154 1745 accepit

259 1744 414 1780 fomitem
431 1747 479 1780 sui
489 1746 734 1790 pertinaciffimi
748 1749 782 1782 in
803 1749 832 1783 S.
846 1749 1041 1784 Flavianum
1064 1751 1132 1785 odii
1148 1776 1154 1783 .

258 1792 304 1827 Et
336 1794 422 1830 istud
461 1795 658 1839 adjuverunt
690 1797 918 1842 Chrysaphius
951 1799 1155 1842 Eunuchus,

257 1842 471 1888 Chrysoretis
490 1847 526 1880 in
552 1847 639 1881 Sacri
654 1847 811 1881 Cubiculi
823 1847 1014 1882 Praef'estura
1027 1851 1155 1884 Succes-

256 1894 330 1935 sor,
355 1895 390 1929 &
413 1895 547 1932 Nemus
571 1896 700 1932 Consul
724 1923 731 1929 .
760 1897 901 1932 Paulum
923 1898 1007 1933 adeo
1033 1900 1152 1944 expila-

255 1953 333 1978 runt
363 1956 403 1980 ac
430 1956 616 1987 vexarunt,
646 1958 682 1980 ut
704 1959 765 1990 prae
785 1959 918 1982 maerore
948 1949 984 1982 fit
1005 1960 1154 1984 mortuus

255 1993 573 2038 Constantinopoli.
604 1996 764 2030 Attamen
784 1997 928 2032 Aeacius
956 1998 1086 2033 videtur
1110 2000 1151 2034 la-

252 2044 346 2088 psus,
376 2044 520 2079 scribens
542 2045 650 2089 ipsum
676 2046 771 2080 suiffe
789 2047 911 2088 Cyrilli
938 2057 1094 2090 nepotem
1108 2061 1148 2082 ex

252 2096 367 2131 fratre·
400 2095 535 2131 Etenim
556 2095 625 2140 ejus
636 2107 812 2141 germanus
825 2097 920 2130 frater
931 2094 1128 2132 Athanasius
1140 2123 1150 2138 ,

253 2145 428 2181 Diaconus
466 2145 703 2181 Alexandrinas
736 2147 885 2181 Ecclefiae
907 2171 918 2188 ‚
946 2147 982 2181 in
1013 2145 1146 2189 libello,

253 2207 353 2239 quem
377 2195 528 2231 adversus
550 2197 706 2231 Dioscori
735 2196 768 2230 in
784 2198 815 2230 se
826 2208 864 2230 ac
874 2207 1010 2231 omnem
1023 2197 1146 2241 Cyrilli

253 2245 430 2281 Familiam
458 2246 631 2281 violentias
649 2245 800 2280 exhibuit
812 2245 1076 2282 Chalcedonenfi
1088 2249 1145 2292 Sy-

252 2296 346 2331 nodo
372 2321 384 2338 ,
409 2295 527 2332 diserte
551 2298 691 2332 affirmat
727 2295 894 2341 cyrillum
927 2297 1020 2332 fuifl'e
1052 2299 1144 2332 suum

252 2346 493 2389 Avunculum,
522 2358 715 2393 germanum
737 2349 869 2382 fratrem
893 2349 954 2381 suae
974 2348 1086 2382 matris
1097 2348 1145 2381 Ifi-

251 2397 359 2432 dorae.
387 2397 463 2432 Nee
483 2399 575 2432 enim
600 2397 701 2433 credo
720 2397 818 2432 istum
841 2397 936 2430 fuisse
948 2397 1050 2431 alium
1064 2398 1147 2431 Pau-

253 2447 343 2481 lum.
369 2448 520 2496 Qidam
546 2448 760 2483 Ecclesiarum
786 2446 1005 2481 Praelatihinc
1017 2447 1151 2482 sumunt

251 2498 366 2532 ansam
385 2498 515 2532 ditandi
540 2506 676 2544 nepotes
699 2508 739 2531 ex
764 2497 997 2531 Eccleliasticis
1015 2508 1151 2541 proven-

253 2547 341 2582 tibus
353 2572 360 2579 .
390 2547 537 2582 Censent
548 2551 579 2583 se
591 2573 602 2588 ,
628 2548 709 2582 dum
722 2548 874 2581 Sanstum
899 2547 1067 2589 Cyrillum
1081 2547 1150 2583 imi·

254 2607 365 2632 tantur
378 2622 390 2638 ,
415 2609 484 2632 non
496 2598 585 2641 poffe
595 2597 745 2632 deviare.
777 2596 893 2630 Errant
905 2596 938 2628 in
953 2597 1126 2639 Suppofito
1141 2623 1148 2630 .

256 2647 395 2681 Etenim
406 2657 604 2681 memoratus
621 2645 819 2680 Athanasius
841 2646 875 2680 in
888 2646 1020 2688 praefato
1034 2645 1149 2682 libello

256 2695 375 2730 diserte
387 2696 519 2731 scribit:
547 2697 677 2736 cyrillus
685 2697 868 2738 plurimis&
890 2700 1009 2739 magnis
1025 2698 1149 2740 Legatis

257 2746 417 2780 bonoravit
439 2747 476 2780 de
496 2753 623 2790 propria
642 2746 826 2790 substantia.
854 2746 937 2780 Non
965 2746 1051 2780 solos
1075 2748 1149 2782 suos

256 2806 415 2840 nepotes,
443 2796 497 2831 sed
511 2798 546 2832 δε
566 2799 658 2833 suum
681 2796 920 2832 successorem.

309 2845 470 2881 Notanda
491 2847 566 2882 sunt
592 2847 660 2882 haec
682 2847 801 2883 verba.-
830 2845 972 2889 Depofitio
994 2847 1097 2886 Cyrilli
1113 2848 1148 2882 cb·

256 2900 426 2932 Memnonis
442 2896 553 2939 fuerat
574 2898 767 2941 confirmata.
795 2901 840 2931 Et
863 2908 896 2931 ut
904 2899 1148 2939 praedicaretur,

255 2959 371 2990 quoque
393 2959 591 2983 convenerat.
619 2950 698 2984 Hoc
722 2950 767 2983 est
781 2948 971 2983 conclusum
983 2959 1021 2981 ae
1030 2947 1145 2982 decre—

256 3005 327 3032 tum
341 3007 428 3040 erat,
455 3007 493 3033 ut
516 2999 624 3044 Regia
644 2999 856 3035 confirmatio
874 2999 1146 3033 transmitteretur

256 3058 312 3089 per
322 3059 423 3083 omne
434 3049 637 3092 Imperium,
663 3049 863 3094 publicanda
885 3061 924 3083 ac
945 3048 1144 3092 praedicanda

255 3096 293 3128 in
312 3099 435 3133 cunctis
458 3098 583 3143 ubique
607 3100 779 3135 Ecclefiis.
807 3100 948 3135 Aeacius
971 3097 1083 3133 laudat
1094 3099 1146 3133 su·

259 3155 315 3188 pra
325 3147 495 3183 adduitam
508 3151 636 3185 Sacram
648 3176 659 3192 ,
690 3162 744 3194 per
756 3162 856 3192 quam
868 3151 950 3184 faita
962 3150 1066 3184 fuerat
1083 3150 1143 3193 pri-

259 3204 316 3228 ma
335 3195 476 3231 dimiffio
498 3199 645 3242 Synodi.
672 3200 735 3234 Per
757 3200 842 3235 hanc
864 3201 955 3235 enim
972 3198 1144 3234 damnatio

260 3243 382 3287 Cyrilli
405 3256 442 3278 ac
461 3246 658 3283 Memnonis
670 3251 774 3285 fuerat
789 3250 983 3285 confirmata
995 3273 1002 3280 .
1033 3250 1077 3282 Et
1090 3248 1144 3283 ad·

260 3292 370 3338 iungit
382 3292 424 3327 de
435 3293 551 3331 Saneto
564 3297 715 3341 Cyrillo:
742 3299 831 3341 Etfic
841 3307 957 3341 tempus
969 3303 1141 3339 inveniens,

260 3343 334 3378 dum
351 3341 537 3386 custodiretur
560 3353 591 3380 in
614 3346 734 3390 Epheso
747 3371 758 3389 ‚
774 3349 853 3396 fuga
871 3349 910 3391 est
929 3346 999 3392 usus
1011 3373 1018 3381 .
1047 3348 1143 3385 Affir-

1233 893 1457 939 flantinopolim
1485 909 1543 931 non
1558 898 1693 941 permifit
1729 905 1847 935 intrare
1868 925 1880 941 ,
1906 912 1968 934 nos
1991 899 2136 942 docent,

1237 947 1328 989 quod
1351 948 1541 983 Orientales
1563 948 1665 984 etiam
1686 949 1758 993 post
1783 949 1986 984 Maximiani
2003 962 2136 995 promo·

1238 996 1367 1032 tionem
1395 1010 1464 1033 non
1486 997 1669 1034 destiterint
1683 1009 1811 1034 tentare
1822 998 1909 1043 apud
1923 999 2135 1044 Principem.

1238 1044 1365 1082 Verum
1378 1048 1435 1083 ille
1446 1049 1630 1093 impetravit
1644 1050 1730 1094 ipsos
1738 1051 1826 1084 ret‘to
1837 1050 1966 1084 tramite
1985 1050 2131 1095 compel-

1236 1093 1261 1128 li
1272 1096 1314 1130 ad
1327 1096 1469 1141 propria.
1496 1099 1675 1142 Sequentia
1686 1097 1781 1134 verba
1792 1123 1803 1139 ,
1816 1104 1962 1144 Cognovit
1971 1109 2068 1135 autem
2078 1104 2135 1135 Re-

1234 1145 1376 1188 ligiqlitas
1390 1171 1401 1187 ,
1424 1146 1495 1191 ficut
1512 1148 1666 1189 oportebat
1690 1148 1843 1192 agnoscere
1854 1175 1866 1192 ‚
1893 1149 2046 1185 videntur
2062 1162 2135 1186 mu-

1233 1195 1293 1230 tila
1317 1220 1329 1236 ,
1356 1196 1499 1241 ideoque
1521 1198 1596 1231 sunt
1617 1197 1653 1232 δε
1678 1197 1816 1233 obscura
1839 1224 1846 1232 .
1874 1197 2042 1233 Videntur
2062 1202 2134 1246 sup-

1234 1244 1391 1288 plendum
1406 1270 1413 1278 .
1434 1247 1617 1291 Religiost'tas
1639 1247 1755 1287 vestra.
1783 1248 1888 1283 Poffit
1910 1249 2135 1285 tamen&ab·

1235 1293 1478 1342 strastimlegi:
1507 1300 1658 1342 Cognovit
1679 1297 1881 1343 Religiofitas.
1911 1299 2047 1343 Utique
2060 1310 2129 1334 om-

1232 1343 1326 1378 nium
1365 1344 1583 1382 Chalcedone
1620 1348 1828 1389 praesentium
1867 1348 2127 1392 Episcoporum.

1231 1393 1312 1428 Hoc
1322 1396 1415 1429 sensu
1429 1409 1436 1428 :
1464 1395 1714 1440 Religiofiffimi
1729 1397 1885 1441 Episcopi
1897 1409 2130 1442 cognoverunt

1231 1443 1319 1479 istud
1330 1444 1534 1481 Maximiani
1546 1446 1682 1481 Factum
1696 1470 1707 1487 ,
1731 1458 1770 1481 ac
1782 1445 1823 1481 de
1834 1448 1905 1491 ipso
1918 1447 2127 1490 judicarunt,

1231 1494 1311 1529 ficut
1326 1495 1500 1539 oportebat
1513 1521 1520 1529 .
1548 1495 1719 1531 Laudatur
1745 1496 1879 1541 aliquod
1903 1497 2040 1532 istorum
2053 1498 2131 1542 Epi-

1229 1545 1406 1589 scoporum
1428 1545 1614 1589 judicium,
1640 1545 1730 1591 quod
1754 1559 1818 1583 nos
1840 1548 2053 1593 ignoramus.
2083 1549 2128 1583 Et

1226 1602 1305 1629 tune
1321 1593 1408 1630 haud
1419 1594 1517 1630 dubie
1529 1597 1610 1630 fasta
1623 1621 1634 1637 ‚
1660 1606 1718 1631 aut
1730 1596 1816 1633 certe
1828 1596 1990 1633 innovata
2002 1599 2036 1633 &
2049 1610 2128 1633 con-

1225 1646 1353 1679 firmata
1374 1645 1419 1680 est
1442 1645 1499 1681 illa
1521 1646 1746 1682 Orientalium
1768 1648 1956 1690 conjuratio
1979 1671 1990 1687 ‚
2015 1648 2033 1682 a
2060 1660 2127 1691 qua

1223 1695 1461 1731 Theodoretus
1485 1698 1578 1740 supra
1604 1699 1640 1731 in
1653 1697 1798 1733 adductis
1820 1697 1861 1731 ad
1875 1697 2047 1733 Andream
2070 1700 2126 1734 Sa-

1221 1748 1439 1782 mosatensem
1453 1747 1653 1792 Episcopum
1677 1747 1797 1782 litteris
1816 1749 1969 1783 asseverat
1996 1748 2030 1783 se
2040 1759 2124 1784 nun-

1220 1808 1320 1838 quam
1343 1799 1557 1833 recessurum.
1584 1799 1682 1833 Fasta
1702 1797 1748 1834 est
1771 1810 1813 1833 ex
1826 1797 2061 1844 indignatione
2079 1799 2122 1835 ad

1221 1844 1306 1880 istud
1329 1847 1465 1881 Faustum
1497 1848 1720 1883 Maximiani.

1271 1896 1352 1931 Haec
1382 1897 1479 1932 verba
1491 1922 1501 1939 ,
1529 1898 1645 1932 Viden:
1669 1903 1749 1932 enim
1763 1899 1890 1932 multam
1910 1897 2031 1932 turbam
2051 1899 2122 1930 Mo·-

1220 1946 1378 1980 nacborum
1404 1952 1572 1990 Imperator
1596 1948 1740 1990 valefecit
1773 1948 1933 1992 Episcopis
1959 1972 1972 1991 ‚
1991 1946 2122 1991 satisfa-

1216 2001 1297 2030 ciens
1321 2002 1364 2031 eis
1385 2022 1396 2038 ‚
1421 1997 1600 2041 respiciunt
1625 1998 2022 2042 Constantinopolitanos
2045 2008 2122 2041 prae·

1217 2047 1326 2090 sertim
1338 2046 1529 2081 Monachos
1543 2071 1555 2086 ,
1582 2059 1666 2091 quos
1688 2047 1897 2084 Schismatici
1908 2048 2009 2083 etiam
2021 2048 2119 2091 supra

1216 2094 1370 2129 dixerunt
1383 2096 1613 2136 turbulentos,
1637 2098 1724 2132 inter
1735 2108 1848 2133 caetera
1861 2098 1992 2143 questi,
2018 2097 2112 2141 quod

1216 2153 1345 2189 propter
1363 2145 1451 2189 ipsos
1466 2157 1534 2180 non
1555 2147 1725 2194 potuerint
1738 2148 1860 2184 intrare
1871 2148 2119 2184 Constantino-

1216 2195 1343 2239 polim,
1370 2195 1443 2238 juffi
1465 2195 1582 2232 haerere
1604 2198 1692 2241 apud
1715 2195 1972 2234 chalcedonem
1992 2223 2000 2231 .
2028 2195 2114 2232 Aca-

1215 2246 1284 2279 cius
1306 2246 1473 2290 queritur,
1500 2246 1591 2291 quod
1618 2246 1723 2282 multa
1747 2248 1892 2292 ipsorum
1905 2247 1999 2284 turba
2013 2246 2115 2283 etiam

1215 2296 1428 2331 Maximiano
1454 2296 1643 2338 adhaeserit,
1670 2298 1808 2342 &quod
1831 2299 1920 2343 ipsos
1932 2300 2115 2341 Imperator

1213 2346 1333 2380 timens
1358 2347 1544 2382 valefecerit
1569 2347 1741 2392 Episcopis
1756 2372 1768 2389 ,
1793 2360 1832 2383 ae
1857 2350 1943 2393 ipsos
1967 2348 2034 2381 fine
2046 2346 2116 2382 Re·

1211 2396 1275 2440 giae
1298 2396 1441 2430 civitatis
1468 2397 1614 2442 ingressu
1632 2422 1643 2438 ,
1668 2409 1706 2431 ae
1727 2399 1775 2431 sui
1789 2399 1875 2432 Sacri
1893 2398 2003 2432 vultus
2024 2397 2113 2434 adas-

1212 2447 1303 2488 pectu
1316 2445 1439 2488 jufferit
1451 2446 1555 2480 redire
1566 2446 1607 2481 ad
1619 2447 1764 2491 proprias
1779 2447 1938 2482 Ecelefias
1950 2471 1957 2479 .
1973 2446 2111 2491 Utique

1212 2495 1399 2530 Orientales
1421 2496 1620 2540 Episcopus.
1650 2496 1693 2530 Et
1705 2497 1796 2542 quod
1809 2497 1882 2541 ipfis
1893 2497 2085 2533 satisfecerit
2098 2524 2109 2532 .

1213 2546 1344 2588 Nempe
1367 2546 1587 2580 concedendo
1607 2547 1745 2590 gratiam
1766 2571 1776 2586 ,
1805 2549 1899 2590 supra
1925 2548 2107 2591 expressam

1213 2595 1246 2628 in
1269 2594 1362 2628 tertia
1388 2595 1518 2636 Synodi
1545 2594 1727 2636 dimiffiva,
1753 2596 1787 2629 δε
1810 2596 1882 2639 post
1902 2596 2107 2632 Maximiani

1211 2642 1469 2677 Ordinationem
1493 2643 1569 2678 data
1591 2645 1686 2679 Sacra
1707 2657 1715 2677 ι
1753 2646 1914 2688 ,Quamdiu
1945 2651 2105 2688 vivimus,

1200 2693 1380 2726 *orientales
1409 2694 1585 2734 adJ‘udlcare
1602 2706 1661 2728 non
1678 2695 1827 2739 pcffumus
1854 2719 1863 2727 .
1891 2699 2001 2729 Coram
2023 2701 2104 2730 enim

1210 2744 1293 2776 nobi!
1315 2743 1397 2775 nulla
1408 2754 1446 2776 ex
1464 2752 1558 2785 parte
1580 2744 1709 2779 convii&
1726 2743 1819 2788 sunt.
1849 2748 1975 2789 ,Quippe
1998 2756 2102 2780 contra

1210 2805 1265 2827 vos
1276 2794 1426 2826 nonnullis
1436 2795 1608 2828 contendere
1627 2795 1732 2829 volunt
1744 2819 1751 2827 .
1782 2795 1902 2830 Novus
1915 2794 2100 2841 Episcopus

1210 2843 1454 2882 Maximianus,
1483 2844 1581 2888 eique
1603 2844 1740 2880 affidens
1758 2845 1915 2888 synodus
1932 2844 1952 2879 a
1974 2845 2102 2881 Princi-

1209 2906 1249 2939 pe
1261 2892 1680 2938 supplicaruntOrientales
1692 2894 1872 2939 Episcopus
1896 2906 1967 2929 non
1979 2896 2101 2931 solum-

1208 2941 1310 2980 modo
1330 2955 1401 2978 non
1413 2944 1547 2978 admitti
1569 2943 1610 2979 ad
1623 2946 1768 2990 Regium
1780 2947 1991 2989 conspectum
2005 2969 2015 2985 ,
2042 2945 2098 2981 sed

1207 2995 1308 3030 etiarn
1321 2995 1510 3028 confirmari
1522 2994 1633 3030 datam
1646 2995 1679 3029 in
1693 2996 1777 3039 ipsos
1790 2995 1809 3028 a
1819 2994 1957 3037 Synodo
1970 2997 2099 3031 senten-

1205 3047 1286 3080 tiam
1300 3058 1307 3077 :
1335 3044 1617 3089 Degradationem
1630 3046 1665 3079 in
1680 3044 1838 3088 quosdam
1850 3070 1861 3087 ‚
1887 3046 1922 3079 in
1935 3045 2095 3088 quosdam

1205 3094 1586 3131 excommunicationem
1597 3121 1605 3129 .
1632 3094 1810 3130 Praesertim
1824 3095 2096 3140 degradationem

1207 3156 1346 3190 quatuor
1364 3144 1432 3188 jam
1464 3145 1543 3189 saepe
1569 3147 1818 3181 nominatorum
1841 3172 1847 3179 .
1876 3146 1920 3181 Et
1949 3146 2093 3190 primum

1204 3196 1359 3231 eonceffit
1377 3219 1388 3234 ,
1418 3196 1597 3230 secundum
1619 3194 1759 3231 omnino
1786 3196 1897 3240 rejecit
1928 3195 2092 3231 Theodo-

1204 3247 1283 3280 ssus.
1312 3246 1356 3279 Et
1377 3241 1446 3279 haec
1469 3244 1514 3279 est
1527 3247 1574 3280 eis
1593 3246 1667 3282 data
1689 3246 1884 3286 satisfactio,
1911 3257 2012 3290 quam
2034 3243 2090 3280 hic

1204 3295 1316 3331 laudat
1342 3292 1486 3329 Aeacius
1504 3320 1510 3326 .
1540 3296 1583 3331 Et
1610 3295 1662 3331 his
1683 3298 1783 3332 etiam
1803 3296 1954 3331 videmur
1974 3294 2087 3331 doceri

1204 3347 1333 3382 causam
1344 3345 1379 3382 &
1390 3344 1554 3393 originem
1565 3348 1667 3385 tertia:
1681 3348 1769 3382 illius
1779 3346 1900 3382 Saerae.
1928 3345 2087 3402 Schisma-

1979 3403 2037 3430 titi
