2320 3730
631 164 944 219 Senorns,
980 178 1042 206 ET
1076 162 1270 209 Norrs
1306 176 1697 213 tuus-ruane.

223 247 406 294 postulabis
425 245 655 292 capitulorum
675 247 848 283 anathema
871 248 911 283 ab
938 247 998 282 illo
1020 271 1032 287 ,
1057 248 1115 291 qui

229 299 419 335 Nestorium
435 308 567 343 propter
587 300 789 335 contrarium
816 298 981 343 Capitulis
991 295 1114 341 dogma

228 349 462 385 condemnavit
483 359 520 384 ut
540 348 751 386 haereticum?
776 349 862 384 Item
885 347 1055 393 quomodo
1082 346 1115 382 id

228 397 406 444 postulabis
417 398 435 431 a
447 400 515 434 viro
527 424 539 442 ,
564 411 664 445 quem
686 399 789 434 credis
802 400 981 435 correctum
999 408 1037 434 ac
1049 406 1118 431 mu-

224 447 360 484 ratum?
385 448 506 485 Prioris
527 451 617 486 enim
640 450 804 495 dogmatis
828 447 1002 485 anathema
1028 446 1118 490 exigi

224 509 298 534 non
322 499 404 534 solet
425 500 503 542 nisi,
529 511 567 538 ut
588 500 630 535 de
641 500 776 536 Erronis
789 499 989 533 correctione
999 495 1117 530 certifi-

223 559 355 590 cemur.
383 550 489 586 Ridet.
506 549 760 588 Theodoretum
774 573 786 591 ‚
809 547 900 598 quod
923 545 1114 594 credatCy·

223 598 339 633 xillum
357 602 421 634 effe
439 603 634 636 correctum.

278 647 428 685 Secundo
445 675 457 691 ,
482 651 619 686 affirmat
635 650 737 687 etiam
756 647 997 694 promissionem
1011 671 1022 688 ,
1048 656 1112 688 qua

226 697 464 735 Theodoretus
490 700 667 744 spondebat
676 709 846 743 nunquam
857 697 1027 733 admittere
1048 696 1115 730 Ne·

224 749 319 783 florii
344 749 612 792 damnationem,
636 749 700 784 effe
724 748 877 787 frivolam
902 773 913 789 ‚
941 759 983 783 eo
999 744 1111 790 -quod

224 798 307 832 nibil
329 799 439 840 distat,
463 812 506 835 an
529 806 597 845 quis
622 809 653 835 te
673 801 867 837 condemnare
891 798 1068 843 compellat,
1087 793 1118 840 fi

225 850 487 887 communicaveris
506 856 552 890 ei,
579 855 633 893 qui
654 851 817 884 damnavit
839 847 1012 883 orthodoxa
1030 853 1111 888 prae·

225 899 392 931 dicantem.
419 899 500 935 Hoc
531 901 601 941 est,
625 901 702 943 quia
724 901 806 937 inita
826 905 903 933 cum
929 898 1113 934 Damnate·

224 958 260 981 te
281 950 475 985 communio
497 949 543 983 est
563 951 705 987 omnino
715 947 939 984 damnationis
964 955 1113 987 compro-

224 996 319 1032 batio
345 1023 353 1031 .
388 997 576 1034 Praecedens
602 999 640 1035 T
641 997 815 1031 heodoreti
851 995 986 1040 epistola
1014 994 1114 1030 habet

223 1046 267 1080 de
284 1045 430 1079 Nestorii
450 1046 728 1083 Damnatoribus:
756 1050 866 1087 Neque
890 1056 941 1089 ego
961 1045 1009 1081 bis
1029 1067 1040 1084 ,
1065 1049 1114 1088 qut

223 1094 275 1128 boc
301 1093 441 1135 fecerunt
469 1117 481 1135 ,
516 1096 731 1132 communicabo
759 1121 766 1127 .
807 1094 948 1129 Praesens
984 1096 1114 1138 respon—

221 1145 295 1177 sum
316 1144 469 1187 supponit
490 1146 692 1180 contrarium
709 1170 717 1177 .
744 1146 789 1183 Et
815 1143 897 1180 hinc
917 1144 1059 1181 omnino
1071 1146 1113 1178 vi-

222 1193 319 1227 detur
338 1193 430 1229 reddi
453 1193 597 1237 pluribus
621 1194 832 1233 Theodoreti
852 1195 970 1232 litteris
983 1219 990 1228 .
1018 1194 1114 1230 Affir-

222 1252 294 1277 mat
305 1242 472 1288 cyrinum
485 1255 692 1289 nequaquam
701 1245 762 1279 effe
769 1246 949 1281 correctum
960 1269 972 1286 ,
998 1244 1033 1279 ,ἀ
1044 1245 1113 1278 Ne-

220 1291 360 1328 florium
382 1292 424 1327 ab
444 1293 505 1328 illo
525 1305 594 1328 non
618 1304 749 1339 propter
770 1294 892 1333 malam
904 1295 1004 1330 vitam
1017 1318 1029 1335 ,
1057 1294 1111 1328 sed

222 1352 357 1387 propter
370 1342 468 1380 fidem
491 1344 553 1378 effe
563 1344 774 1383 damnatum:
801 1345 937 1388 Propter
949 1346 1065 1379 rectam
1077 1344 1112 1381 fi-

221 1391 317 1426 dem.
344 1392 437 1428 Hinc
459 1395 630 1429 concludit
654 1407 716 1430 nec
736 1395 984 1433 damnationem
997 1395 1108 1436 illam,

222 1452 285 1476 nec
308 1441 428 1488 Cyrilli
446 1444 720 1482 communionem
754 1444 843 1492 posse
864 1444 1030 1483 ullatenus
1056 1445 1111 1481 ad-

224 1501 332 1526 mitti.

273 1539 394 1578 Tertio
410 1543 513 1584 nobis,
526 1542 627 1581 edicit
645 1543 794 1587 quasdam
815 1542 897 1580 Acta
915 1555 953 1579 ac
970 1545 1110 1579 Decreta

219 1589 445 1628 Antiochenae
466 1592 594 1636 Synodi
613 1618 621 1626 .
649 1594 783 1636 Utique
803 1593 911 1634 illius,
937 1604 1036 1639 quam
1059 1593 1111 1635 Jo-

216 1651 323 1675 annes
332 1639 520 1679 Patriarcha
531 1643 644 1687 coegit
654 1642 764 1677 statim
776 1643 848 1686 post
862 1644 957 1678 snum
968 1642 1109 1678 reditum

217 1700 264 1724 ex
286 1689 452 1736 Ephefino
477 1691 653 1729 Concilio.
682 1692 795 1728 Edicit
815 1693 885 1728 istic
896 1693 990 1729 fuiffe
1001 1693 1108 1728 decre·

218 1749 316 1781 tum,
342 1751 378 1776 ut
399 1752 464 1786 pax
485 1741 731 1783 admitteretur,
757 1742 943 1778 dummodo
963 1742 1109 1786 Cyrillus

219 1790 395 1836 projiceret
417 1793 472 1826 sua
495 1792 667 1835 Capitula.
698 1793 843 1829 Proinde
874 1793 933 1830 ista
954 1793 1108 1836 Synodus

219 1841 402 1885 plurimum
412 1842 537 1877 receffit
550 1841 569 1876 ὲ
580 1843 743 1885 prioribus
756 1843 846 1879 Actis
857 1868 864 1875 .
893 1843 1030 1879 Etenim
1042 1843 1109 1886 ipsc

219 1901 300 1925 cum
320 1891 439 1926 caeteris
458 1891 608 1928 Factiofis
620 1893 755 1938 Legatis
767 1892 955 1928 Patriarcha
967 1893 1109 1937 Joannes

215 1937 459 1989 Chalcedone,
482 1942 582 1977 etiam
594 1953 704 1978 coram
715 1943 784 1986 ipso
796 1942 952 1987 Principe
962 1944 1108 1986 frequen-

221 1989 398 2033 terjurarat
421 1991 587 2035 Cyrillum
612 1994 630 2026 a
652 1994 683 2027 se
701 1992 909 2028 tractandum
930 1994 982 2028 uti
1002 1994 1108 2028 Haere-

218 2039 379 2075 siarcham
391 2065 403 2082 ,
429 2041 569 2087 ideoque
590 2042 716 2076 etiamsi
743 2043 798 2077 sua
819 2040 1109 2077 anathematizaret

218 2090 376 2133 Capitula
387 2113 398 2130 ,
424 2101 493 2125 non
506 2091 730 2134 recipiendum
743 2091 803 2124 nifi
826 2091 862 2124 in
873 2091 1008 2125 Laicam
1018 2100 1108 2124 com-

220 2140 435 2175 munionem.
464 2141 512 2175 At
534 2139 613 2175 vero
632 2139 689 2176 hic
710 2140 814 2183 parati
833 2141 907 2177 sunt
919 2141 1107 2184 reciperent

220 2189 440 2234 Episcopum.
467 2190 656 2225 Alexander
675 2191 814 2226 affirmat
835 2214 847 2231 ,
873 2190 966 2235 quod
987 2189 1108 2225 Antio-

217 2238 325 2274 chena
346 2239 500 2282 Synodus
520 2239 626 2272 solum
639 2238 723 2273 istud
748 2237 922 2275 anathema
934 2239 1108 2282 exegerita

220 2288 378 2332 Cyrillo,
402 2288 445 2323 de
468 2287 615 2324 Nestorii
636 2297 746 2324 autem
756 2288 972 2323 damnatione
983 2287 1108 2321 nullam

219 2339 334 2375 fecerit
354 2339 548 2374 memoriam
562 2363 569 2371 .
598 2338 643 2375 Et
668 2350 710 2374 cx
721 2336 786 2374 hoc
798 2337 960 2383 principio
971 2336 1109 2371 Patriar-

218 2389 282 2424 cha
295 2389 436 2432 Ioannes
447 2388 574 2423 videtur
585 2390 675 2424 suam
687 2400 765 2422 cum
774 2388 905 2431 Cyrillo
914 2398 1028 2432 pacem
1038 2398 1108 2431 pur-

220 2441 308 2482 gaffe
320 2451 331 2471 .·
359 2437 502 2472 Videtur
515 2437 654 2478 dixiffe,
679 2437 855 2480 quodlicet
864 2437 1010 2471 Nestorii
1022 2437 1110 2473 dam—

219 2488 392 2529 nationem
409 2484 595 2527 admiserit,
619 2479 736 2522 &non'
763 2486 908 2534 exegerit
932 2486 1018 2522 istud
1039 2498 1110 2522 ana-

221 2537 349 2578 thema,
378 2546 489 2571 tamen
511 2537 697 2579 processerit
719 2536 811 2580 juxta
841 2538 1028 2582 praesentem
1051 2539 1108 2581 Sy-

221 2587 368 2622 nodum.
395 2585 448 2620 Εὸ
467 2585 558 2629 quod
579 2585 726 2630 Cyrinus
745 2587 784 2619 fit
805 2589 987 2627 correctus,
1012 2588 1047 2622 &
1065 2587 1107 2623 de

219 2635 370 2672 Nestorii
388 2634 605 2670 damnatione
628 2647 696 2670 nou
709 2636 807 2670 fuerit
830 2636 912 2671 fasta
926 2637 1084 2671 memoria
1099 2662 1106 2669 .

218 2686 319 2723 Etad
340 2684 407 2721 haec
419 2683 610 2721 Alexander
627 2686 800 2730 respondet
812 2686 917 2729 ipsum
938 2685 1107 2731 insigniter

218 2736 366 2772 deviare.
393 2734 447 2769 Εὸ
460 2733 549 2781 quod
572 2736 608 2771 in
622 2735 684 2771 isto
694 2735 904 2772 anathemate
924 2738 1105 2773 fuerintin-

219 2787 309 2822 clusa
331 2785 445 2820 omnia
458 2810 465 2817 .
494 2785 600 2833 Qod
617 2787 855 2822 Haereticorum
871 2787 1103 2830 Capitulorum

218 2836 359 2882 abjectio
372 2859 384 2876 ,
411 2835 448 2869 sit
465 2835 499 2870 ὅ(
516 2835 594 2870 fidei
615 2834 714 2871 robur
735 2861 748 2878 ‚
769 2839 805 2873 &
827 2837 1031 2873 Nestorianae
1049 2838 1103 2872 da-

217 2886 401 2923 mnationis
417 2884 574 2921 subversio
587 2910 599 2928 ,
625 2887 660 2922 &
675 2889 833 2931 generalis
851 2887 997 2924 scandali
1021 2888 1102 2923 solu-

220 2938 270 2973 tio
285 2963 293 2971 .
318 2938 401 2972 Haec
411 2937 526 2973 omnia
538 2936 605 2972 vult
618 2938 740 2981 expleri
754 2949 829 2974 ante
844 2951 981 2975 omnem
995 2938 1035 2974 de
1049 2950 1102 2983 pa-

219 2998 259 3022 ce
270 2988 482 3022 memoriam.
512 2986 706 3023 Autsaleem
728 2989 875 3032 sponderi
887 3001 925 3026 ac
946 2988 1098 3025 subscribi

220 3036 263 3070 ab
275 3036 428 3072 omnibus
440 3037 628 3084 Episcopis.
656 3037 761 3075 Tunc
783 3041 921 3086 spondet
940 3041 1048 3076 venite
1058 3039 1098 3075 ad

217 3087 393 3130 synodum
404 3112 412 3121 .

1137 2425 1209 3391 lex
1227 2690 1336 2726 multo
1360 2689 1497 2730 affestu,
1522 2697 1622 2731 quem
1642 2686 1729 2723 circa
1753 2697 1844 2723 tuam
1856 2686 1963 2724 habeo
1973 2690 2051 2726 San-

1166 2743 1308 2777 ctitatem
1321 2765 1332 2782 ,
1359 2738 1497 2774 scribere
1505 2736 1631 2773 audeo.
1659 2737 1754 2774 Licet
1774 2737 1864 2774 enim
1877 2737 1975 2774 instar
1986 2740 2048 2776 Ca·

1888 180 1991 234 2592

1362 400 1366 405 »
1429 369 1691 421 CAPUT
1726 372 1806 420 ει
1912 374 2056 442 .-ιε’ρ,

1175 559 1344 628 Epistola
1366 597 1380 621 ,
1424 561 1576 629 :inquit
1621 596 1635 622 ,
1688 559 1845 611 Andreae
1891 561 1945 609 ad
1979 570 2054 615 Deo

1210 629 1214 633 ”
1245 627 1525 695 Amicffmum
1580 628 1810 702 Episcopum
1880 630 2057 684 Alexan.

1245 700 1381 760 drum,
1416 719 1531 768 quam
1555 701 1715 774 firipstt
1749 706 1918 753 invitans
1951 724 2055 767 eum,

1243 786 1287 815 ut
1321 789 1414 817 mox
1449 770 1660 836 confintiret
1705 773 1758 823 ad
1780 773 1943 840 fabiam
1982 791 2062 847 paq

1244 843 1295 889 cis
1330 841 1642 909 composaionem·

1270 1043 1298 1080 B
1320 1042 1383 1080 hac
1407 1067 1420 1088 ‚
1445 1052 1506 1079 tuae
1525 1042 1699 1078 Sanstitati
1716 1043 1824 1079 scribo
1847 1068 1860 1087 ,
1885 1045 2062 1085 Provincia

1293 1094 1387 1135 exii,
1413 1093 1528 1129 multis
1544 1091 1695 1129 adversus
1722 1103 1785 1128 nos
1806 1094 1998 1136 perturbatis
2019 1108 2063 1131 ex

1175 1143 1352 1179 calumniis
1370 1143 1552 1179 Gemellini
1574 1144 1609 1180 &
1622 1141 1782 1179 Rabbulae
1799 1143 1980 1180 satisfacere
1999 1156 2064 1180 vo-

1175 1194 1244 1228 lens
1256 1219 1263 1226 .
1292 1192 1400 1232 Unde
1411 1192 1516 1228 modo
1529 1191 1685 1238 praecipu&
1696 1192 1840 1228 insistens
1849 1217 1859 1234 ,
1870 1194 1976 1237 quaeso
1986 1195 2064 1230 San·

1173 1245 1260 1281 &um
1272 1243 1382 1288 Caput
1404 1254 1522 1286 tuum,
1549 1252 1585 1280 ut
1596 1244 1649 1279 vel
1670 1253 1760 1280 nunc
1780 1243 1985 1280 considerans
2009 1256 2067 1289 op·

1174 1303 1322 1337 portunae
1341 1293 1626 1332 condescensionis
1649 1293 1846 1334 utilitatem,
1873 1294 2000 1340 cogites
2024 1294 2067 1332 de

1173 1344 1415 1380 communione
1434 1356 1472 1382 ac
1491 1354 1570 1388 pace
1592 1354 1670 1379 curn
1692 1344 1811 1379 caeteris
1836 1343 2066 1381 Sacerdotibus

1174 1394 1337 1431 ineunda.
1364 1395 1439 1433 Nec
1456 1395 1548 1430 enim
1571 1394 1624 1428 vel
1648 1395 1706 1438 ipsi
1729 1394 1747 1429 a
1769 1394 1905 1431 veritate
1918 1394 2067 1433 receden-

1174 1454 1221 1479 tes
1239 1470 1251 1484 ,
1279 1456 1387 1491 neque
1410 1456 1472 1480 nos
1499 1444 1627 1489 prodita
1646 1444 1768 1491 pietate
1790 1445 1935 1488 amplexi
1958 1443 2069 1480 sumus

1176 1503 1310 1536 pacem,
1336 1494 1390 1528 sed
1401 1495 1541 1529 duarum
1562 1504 1752 1530 naturarum
1774 1493 2010 1529 confeffionem
2021 1503 2069 1528 re·

1176 1542 1335 1588 perientes
1356 1546 1391 1580 in
1404 1543 1558 1587 Scriptis,
1584 1544 1620 1580 δε
1631 1543 1924 1587 impassibilitatem
1937 1541 2069 1577 Divini-

1176 1594 1251 1626 tatis
1267 1616 1279 1633 ,
1304 1592 1395 1638 quod
1413 1592 1557 1627 maxime
1577 1593 1667 1636 prius
1688 1602 1758 1626 erat
1778 1592 1986 1635 oppositum,
2012 1592 2068 1627 seu

1176 1642 1340 1678 resistens.
1369 1643 1402 1678 Si
1426 1640 1503 1679 vero
1524 1653 1595 1676 non
1619 1643 1694 1678 sunt
1713 1638 1993 1676 anathematizata
2006 1640 2071 1675 Ca-

1176 1691 1280 1735 pitula
1301 1692 1436 1736 abillo,
1462 1691 1520 1739 qui
1539 1692 1661 1727 fecerat
1681 1702 1720 1726 ea
1733 1715 1745 1731 ,
1770 1689 1914 1727 maxime
1934 1689 2068 1735 quidem

1176 1743 1279 1777 &illa
1299 1743 1420 1787 respuit
1437 1754 1496 1784 ea,
1522 1753 1591 1786 quae
1611 1740 1683 1787 post
1694 1742 1778 1776 fasta
1796 1741 1842 1776 est
1854 1765 1866 1783 ‚
1891 1741 1978 1776 recta
1988 1752 2066 1776 con-

1177 1792 1286 1827 feffio.
1315 1793 1453 1837 Cogitet
1472 1792 1550 1828 vero
1572 1802 1628 1827 tua
1647 1791 1786 1835 perfecta
1805 1791 1842 1826 in
1855 1789 1991 1826 Christo
2012 1792 2068 1826 Sa-

1177 1842 1322 1886 pientia,
1350 1840 1440 1886 quod
1452 1853 1513 1877 nec
1523 1850 1591 1876 erat
1602 1839 1859 1887 poffibileillum
1874 1841 1916 1875 sic
1936 1841 2065 1876 accusa·

1176 1901 1281 1927 torem
1303 1893 1398 1927 suum
1420 1892 1490 1927 fieri
1509 1890 1681 1926 evidenter
1695 1916 1707 1933 ‚
1736 1891 1795 1934 qui
1817 1891 1978 1935 suspectus
1997 1898 2066 1927 erat

1177 1942 1310 1987 periculi
1322 1942 1368 1976 sui
1379 1966 1386 1973 .
1412 1943 1457 1976 Et
1468 1940 1593 1976 idcirco
1613 1951 1678 1983 pax
1693 1941 1727 1975 &
1739 1939 1933 1981 conjunctio
1954 1941 2066 1976 Eccle-

1175 1994 1291 2029 fiarum
1305 1992 1477 2036 provenire
1499 2002 1569 2025 non
1590 1998 1737 2034 poterat,
1763 1988 1819 2023 sed
1845 1989 1882 2022 in
1905 1990 1966 2023 suo
1978 1990 2064 2028 statu

1174 2041 1346 2076 schismata
1366 2040 1629 2083 permanebunt,
1653 2041 1689 2074 δε
1709 2047 1826 2074 contra
1848 2037 1992 2074 invicem
2011 2051 2066 2074 cu-

1173 2090 1286 2134 jusque
1307 2090 1416 2124 nostra
1439 2088 1650 2124 contumacia
1675 2112 1687 2128 ,
1723 2089 1758 2122 &
1777 2085 1929 2122 adversus
1951 2089 2065 2126 Ecc1e⁴

1173 2141 1251 2176 siam
1275 2139 1293 2174 ὲ
1319 2139 1462 2188 Pagan1s
1482 2164 1494 2183 ,
1533 2138 1567 2175 δε
1590 2136 1707 2182 Iudaeis
1725 2162 1738 2180 ,
1763 2138 1799 2173 ὃς
1825 2137 1997 2175 Haereticis
2021 2140 2064 2178 ri..

1174 2192 1245 2227 sus.

1224 2239 1328 2272 Nunc
1351 2236 1425 2271 veto
1448 2236 1601 2272 intendat
1625 2236 1797 2271 Divinitas
1815 2244 1892 2279 tua,
1920 2239 1997 2282 quia
2016 2249 2058 2276 ex

1173 2298 1240 2330 quo
1262 2287 1298 2320 in
1321 2284 1386 2321 hoc
1407 2286 1636 2322 condescensio
1665 2286 1748 2321 faeta
1768 2286 1815 2321 est
1837 2312 1848 2330 ,
1883 2289 2057 2332 quiescunt

1171 2335 1304 2382 quidem
1328 2336 1477 2372 scandala
1497 2336 1662 2372 universa.
1689 2337 1824 2382 Sopitur
1843 2337 1922 2373 vero
1939 2340 2054 2384 &quae

1177 2397 1266 2421 nunc
1288 2387 1388 2430 usque
1404 2387 1519 2422 diffusa
1541 2386 1588 2421 est
1605 2384 1755 2422 adversus
1774 2389 1888 2422 Deum
1909 2388 2055 2434 blasphe-

1173 2437 1236 2471 mia
1250 2461 1261 2477 ,
1287 2437 1455 2472 mortalem
1477 2436 1697 2473 Divinitatem
1715 2436 1848 2477 dicens,
1873 2446 1911 2471 ut
1930 2439 1965 2472 in
1991 2439 2054 2474 Ec-

1171 2487 1260 2522 clesia
1272 2487 1440 2524 adstruunt
1451 2486 1641 2524 Sacerdotes
1652 2511 1660 2520 .
1688 2487 1863 2534 Qantum
1884 2486 1983 2532 igitur
1996 2488 2054 2523 bo-

1172 2549 1251 2573 num
1261 2538 1305 2573 est
1319 2562 1331 2578 ,
1355 2547 1393 2572 ut
1413 2549 1468 2581 per
1490 2538 1573 2581 ipsas
1595 2536 1816 2572 Alexandrini
1838 2537 1963 2573 litteras
1982 2539 2050 2574 sua-

1169 2587 1282 2623 deatur
1298 2587 1453 2623 universis
1470 2612 1481 2628 ,
1508 2584 1598 2630 quod
1620 2585 1847 2630 impaffibilem
1863 2588 1899 2623 &
1919 2589 2053 2624 immor-

1168 2638 1233 2673 lem
1243 2639 1403 2674 Divinam
1426 2645 1577 2673 naturam
1594 2645 1746 2681 oporteat
1768 2638 1942 2673 confiteri?
1967 2640 2049 2676 Haec

1165 2793 1241 2836 pitis
1260 2791 1296 2825 in
1312 2789 1466 2824 omnibus
1484 2799 1545 2825 nos
1566 2788 1750 2832 praecellas,
1777 2788 1830 2823 sed
1850 2789 1977 2833 integre
1987 2800 2047 2823 no-

1164 2843 1225 2883 sti,
1251 2840 1341 2886 quod
1359 2841 1393 2875 δε
1414 2839 1433 2874 a
1453 2838 1601 2874 minimis
1621 2838 1776 2874 membris
1795 2836 1874 2881 saepe
1890 2838 2042 2874 solatium

1162 2892 1324 2927 adferatur
1345 2915 1353 2923 .
1380 2890 1424 2925 Et
1449 2889 1474 2923 si
1495 2888 1637 2924 volueris
1654 2913 1665 2929 ‚
1690 2888 1840 2923 Domine
1858 2912 1870 2928 ‚
1895 2888 2004 2923 suasus
2022 2888 2042 2923 a

1163 2941 1258 2977 nobis
1268 2940 1391 2986 aliquid
1403 2939 1572 2984 paululum
1583 2938 1714 2979 cedere,
1739 2948 1810 2972 non
1830 2936 1936 2982 longo
1957 2946 2042 2972 tem-

1160 2993 1246 3037 poris
1267 2990 1440 3027 intervallo
1463 2988 1610 3030 videbis,
1636 2996 1757 3032 quanta
1777 2987 1903 3023 utilitas
1921 2998 1963 3021 ex
1976 2987 2038 3023 hac

1158 3043 1250 3078 canfit
1262 3041 1432 3087 proveniet
1442 3065 1450 3075 .
1477 3041 1606 3075 Omnes
1622 3047 1686 3074 tuae
1694 3038 1841 3083 proprios
1851 3038 2038 3075 &actitatis

1159 3104 1222 3139 ego
1234 3117 1244 3133 ‚
1268 3094 1370 3140 &qui
1391 3100 1520 3129 mecum
1531 3089 1628 3131 sunt,
1654 3089 1747 3126 valde
1757 3088 1936 3137 plurimum
1954 3088 2035 3129 sala-

1159 3154 1264 3180 tamus
1276 3169 1283 3179 ·

1843 3392 1981 3440 Scflof
