2320 3730
374 195 475 255 278

489 377 999 425 ScuorioN.

722 190 1057 239 VARIORuM
1093 190 1341 235 PArRuM
1376 184 1719 248 Evisrom,

1467 366 1508 413 C
1523 365 1613 416 ΑΡ
1628 363 1731 416 UT
1764 370 1933 419 CXIX.
1978 373 2142 438 4--207

410 521 1079 566 IcIrenaeiadduaspraecedentesepistolas
1090 522 1190 557 Com·
1255 508 1416 557 Domino
1445 541 1458 565 ,
1494 505 1644 573 ianit
1668 542 1682 567 ,
1719 525 1797 557 meo
1814 524 1883 577 per
1905 515 2026 559 omnia
2062 519 2142 564 Deo

433 575 608 612 mentarius
619 574 716 608 docet
729 573 820 617 plura
833 598 840 605 .
869 573 980 607 Primo
993 598 1004 614 ‚
1023 573 1113 618 quod
1127 573 1189 607 Eu·

298 627 422 665 therius
439 638 476 663 ac
486 623 662 665 Helladius
684 636 753 658 non
777 623 839 658 soli
859 622 1048 661 Romanam
1072 623 1187 659 Sedem

296 677 552 722 appellaverint,
576 688 615 710 ac
639 686 696 718 per
720 672 868 718 Legatos
886 675 1072 710 accesserint
1097 698 1108 715 ,
1135 674 1187 708 sed

296 728 385 763 idem
397 728 467 773 post
491 739 548 761 eos
558 725 669 763 fecerit
680 722 871 759 Alexander
892 724 1163 769 Hierapolitanus
1179 749 1185 762 .,

294 778 424 822 Nempe
435 775 626 819 adimplevit
637 785 765 819 preces,
793 786 873 820 quas
884 774 936 810 isti
960 775 1000 811 ad
1024 776 1129 820 ipsum
1143 776 1186 809 fe·

293 836 423 861 cerant:
450 829 602 870 Dirigatls
617 826 731 868 aliquos
751 835 817 860 cum
839 832 983 860 communi
1003 824 1059 863 bac
1071 825 1186 868 sormu-

288 878 322 911 la
334 902 345 918 ‚
371 877 527 910 &litteris
546 876 739 912 accommodis
761 877 808 910 ad
819 878 988 912 occidenns
1002 875 1164 919 Epist-opos
1178 900 1184 908 .

289 926 443 961 Secundo
454 950 465 967 ,
492 926 581 971 quod
594 925 784 964 Alexander
795 924 828 962 id
845 939 913 962 non
926 926 1035 962 statim
1047 922 1159 967 fecerit
1174 950 1185 966 ‚

287 976 340 1011 sed
363 976 535 1021 postquam
560 976 785 1016 Orientalium
811 977 1052 1026 Episcoporum
1067 976 1183 1012 obini·

286 1037 358 1063 tam
377 1038 492 1072 pacem
513 1026 676 1063 discordia
698 1029 858 1062 exarserat
879 1029 914 1062 in
937 1029 1068 1075 plenam
1090 1026 1185 1060 flam-

286 1088 376 1112 mam
389 1101 396 1110 .
424 1077 469 1115 Et
479 1076 567 1115 hanc
591 1088 726 1112 omnem
739 1077 837 1115 Xisto
858 1079 1029 1121 exposuit.
1056 1076 1183 1110 Verum

285 1127 447 1164 Pontifex
458 1138 527 1162 non
539 1127 725 1162 exaudivit:
755 1125 899 1163 Perstitit
919 1128 955 1160 in
981 1127 1045 1160 suis
1061 1126 1183 1160 Decre-

284 1178 329 1212 tis
343 1203 349 1209 .
379 1177 516 1211 Etenim
530 1175 719 1213 Alexander
731 1174 795 1214 fuit
807 1175 941 1210 tandem
952 1175 1071 1219 ejectus
1095 1173 1114 1209 ὲ
1126 1176 1182 1214 sua

283 1226 425 1262 Ecclesia
450 1250 461 1266 ‚
487 1237 526 1261 ac
545 1223 707 1272 relegatus
728 1224 763 1258 in
792 1225 987 1270 AEgyptum
1008 1251 1015 1258 .
1043 1225 1181 1262 Interim

284 1278 421 1315 Irenaeus
431 1275 536 1319 ipsum
549 1286 618 1310 non
632 1276 698 1315 fine
716 1275 936 1317 fundamento
955 1276 1103 1317 inscribit
1116 1280 1182 1315 Ma-

279 1339 374 1374 gnum
396 1352 404 1360 .
441 1327 520 1365 Fuit
543 1326 651 1365 revera
679 1325 744 1361 Vir
772 1337 966 1372 magnarum
990 1326 1179 1362 Virtutum.

284 1378 453 1418 Occulto,
479 1387 623 1412 attamen
646 1376 734 1421 justo
745 1377 813 1412 Dei
839 1377 965 1421 judicio
984 1377 1090 1423 lapsus
1109 1378 1155 1412 est
1170 1403 1181 1419 ,

284 1429 305 1462 fi
319 1440 389 1463 non
402 1428 437 1462 in
447 1426 600 1474 haerefim2
615 1428 775 1469 tamenin
787 1427 1034 1470 schismaticam
1046 1426 1181 1477 pertina-

287 1490 372 1513 ciam
385 1503 393 1511 .

333 1528 494 1563 Notanda
507 1530 582 1563 sunt
593 1529 704 1564 Irenaei
719 1528 814 1565 verba
830 1544 842 1567 ,·
868 1533 945 1566 Cum
956 1528 1152 1573 comperissent
1170 1552 1180 1572 2

281 1579 360 1621 quod
370 1579 504 1620 deceptus
516 1581 616 1617 Cyrilli
628 1578 770 1622 versutus
786 1603 797 1619 ,
824 1587 877 1623 qui
889 1585 1035 1618 Romanae
1044 1577 1179 1620 Ecclefiae

277 1627 461 1674 praefidebat
483 1652 495 1669 ,
520 1629 668 1665 adversas
690 1627 819 1668 Nestorii
832 1624 995 1674 *personam
1017 1631 1180 1664 calumnias

279 1678 480 1722 approbaffet.
511 1678 691 1712 Affirmant
702 1689 770 1714 non
785 1679 845 1713 nisi
868 1680 940 1725 post
951 1682 1180 1719 confirmatam

278 1727 408 1765 {Xisto
421 1739 534 1773 pacem
545 1729 639 1764 fuisse
665 1728 883 1773 appellatum.
911 1730 1043 1776 Nempe
1053 1729 1095 1765 ab
1104 1730 1182 1766 Ale-

279 1777 430 1819 xandro‚
457 1778 578 1815 &aliis
599 1778 789 1822 Episcopis.
815 1780 920 1826 Qud
942 1781 1035 1819 enim
1058 1779 1180 1817 Euthe-

276 1828 345 1863 rius
356 1841 394 1863 ac
416 1827 595 1867 Helladius
615 1838 694 1867 ante
713 1829 1007 1866 confirmationem
1030 1840 1181 1873 provoca-

279 1880 388 1913 verint
401 1901 411 1918 ,
436 1877 481 1912 est
496 1879 707 1913 manifestum
720 1903 728 1911 .
756 1877 893 1914 Interim
905 1878 986 1917 hinc
999 1879 1157 1916 discimus
1170 1905 1180 1924 ,

278 1929 369 1973 quod
383 1929 400 1963 a
413 1928 499 1966 male
510 1929 692 1964 informato
703 1929 869 1966 Pontifice,
887 1928 930 1964 ad
940 1930 1061 1965 melius.
1079 1931 1180 1967 infor-

277 1980 440 2018 mandum
459 1978 618 2019 appellare
633 2002 643 2018 ‚
671 1979 724 2015 seu
746 1978 933 2021 Apostolici
947 1979 1067 2024 Judicii
1089 1990 1181 2015 retra·

279 2028 462 2065 &ationem
485 2037 554 2060 non
578 2028 595 2062 a
617 2028 762 2071 generali
787 2029 950 2070 Synodo,
978 2029 1033 2067 sed
1056 2029 1180 2072 abipso

279 2078 400 2113 eodem
415 2075 605 2119 Pontifice,
629 2086 686 2110 aut
704 2076 773 2118 ejus
783 2077 971 2111 Successore
992 2077 1177 2120 postulare,

278 2129 317 2164 fit
351 2128 450 2162 etiam
485 2125 745 2171 antiquiffimum
773 2152 780 2159 .
817 2125 958 2162 Praesens
997 2125 1179 2164 Alexandri

281 2178 472 2221 exemplum
486 2177 531 2213 est
546 2176 643 2220 plane
654 2176 816 2211 eximium
828 2200 835 2208 .
863 2175 978 2214 Etiam
1002 2177 1158 2214 discimus
1168 2201 1179 2218 ,

281 2228 371 2272 quod
386 2227 454 2270 ipse
466 2227 546 2261 item
559 2225 698 2261 Irenaeus
707 2247 719 2264 ,
733 2225 810 2259 licet
824 2224 1042 2261 Nestorianus
1055 2249 1067 2265 ,
1092 2225 1181 2260 ideo-

281 2291 345 2323 que
367 2277 494 2311 aversus
517 2274 558 2311 ab
579 2273 774 2318 Apostolica
800 2273 903 2314 Sede,
932 2273 1102 2309 Romanas
1113 2275 1181 2318 Ap-

283 2328 478 2374 pellationes
489 2325 674 2371 probaverit
686 2350 693 2357 .
725 2325 768 2358 Et
780 2323 914 2366 quidem
935 2324 1028 2367 juxta
1040 2324 1181 2360 formam

282 2378 506 2415 Sardicensem
519 2402 526 2409 .
554 2375 686 2422 Nempe
697 2374 781 2411 circa
795 2374 889 2412 istam
902 2375 1070 2412 veritatem
1079 2376 1177 2421 cespi-

283 2441 352 2469 tare
375 2439 442 2464 erat
464 2427 707 2464 Eusebianum.

334 2480 422 2528 Qis
434 2479 474 2515 ad
486 2479 670 2524 praesentetn
690 2477 800 2512 lrenaei
813 2476 1106 2514 commentarium
1135 2478 1180 2513 fe—

285 2532 365 2566 cerit
375 2528 588 2575 Epigraphen
601 2553 613 2569 ‚
639 2528 760 2573 ignoro
770 2552 779 2561 .
804 2525 881 2562 Fuit
892 2526 1005 2563 harum
1020 2527 1182 2572 Epistola-

285 2592 360 2617 rum
381 2592 423 2616 ex
445 2579 674 2614 Acaemetensis
697 2577 895 2612 Monasserii
917 2577 1044 2614 Codice
1070 2577 1180 2613 Colle·

286 2634 357 2666 flor
370 2657 377 2664 .
405 2629 602 2666 Dolendum
612 2627 679 2667 est,
704 2626 796 2667 quod
808 2637 849 2661 ex
861 2624 913 2660 his
929 2627 1074 2670 epistolis
1090 2629 1179 2672 plura

286 2681 406 2716 similia
417 2676 667 2724 praetermiserit.
694 2675 829 2711 Interim
843 2688 906 2713 nos
914 2677 1012 2713 docet
1023 2678 1180 2713 Irenaeum

285 2729 380 2768 fuisse
391 2727 682 2775 pertinacissimum
695 2725 840 2761 Nestorii
853 2728 1040 2763 sestatorem
1055 2752 1066 2768 ,
1092 2729 1179 2763 ideo-

286 2792 351 2826 que
362 2789 533 2822 nunquam
544 2778 724 2812 correctum
737 2802 744 2810 .
771 2777 930 2814 Notanda
952 2780 1025 2813 sunt
1036 2777 1101 2812 haec
1115 2789 1179 2812 ver-

287 2832 328 2866 ba
341 2843 349 2863 :
376 2827 521 2875 ‚Qudmse
530 2827 666 2869 hostiliter
677 2825 786 2860 habeat
797 2829 842 2861 ad
850 2839 884 2861 ea
892 2851 905 2867 ,t
929 2839 998 2870 quae
1020 2835 1053 2864 in
1066 2829 1179 2871 Eplffo-

288 2884 320 2918 la
330 2881 415 2922 Ibae‚
441 2890 508 2924 qua
519 2879 565 2912 ad
571 2880 684 2918 Mai-im
697 2875 819 2919 Persam
830 2901 841 2917 ,
867 2877 979 2912 cunWs
1001 2878 1065 2924 suae
1080 2883 1177 2925 Regio·

294 2937 343 2967 m's
358 2928 565 2975 innotescenda
578 2952 590 2970 ,
607 2925 698 2969 fac‘la
707 2926 768 2968 est,
794 2932 990 2962 continemur.
1021 2930 1178 2970 Decem,

289 2981 379 3026 quod
391 2981 529 3016 Irenaeus
538 2989 576 3013 ac
594 2977 662 3020 ejus
671 2976 850 3020 complices
873 2977 968 3013 istam
989 2979 1089 3013 etiam
1102 2980 1180 3023 Epi-

288 3032 406 3066 stolam
428 3027 674 3067 damnaverint.
702 3026 830 3071 Nempe
855 3027 1004 3072 Epistola
1024 3028 1176 3065 laudabat

290 3092 423 3124 pacem,
451 3078 610 3125 purgabat
633 3077 798 3121 Cyrillum
817 3102 830 3118 ‚
855 3078 889 3113 δε
911 3078 1105 3114 admittebat
1124 3079 1177 3114 dc-

291 3130 517 3174 gradationem
541 3127 686 3165 Nestorii
707 3152 714 3160 .
742 3128 796 3162 Ex
813 3139 882 3172 quo
901 3128 992 3165 vides
1011 3129 1177 3165 infelicem
1201 3165 1204 3171 ,

291 3178 377 3214 hanc
388 3180 570 3222 Epistolam
582 3190 651 3214 non
673 3177 749 3214 solis
763 3177 980 3223 Eutychiauis
992 3203 1003 3222 ‚
1031 3180 1083 3215 sed
1105 3181 1177 3226 ipsis

291 3229 391 3267 etiam
403 3229 608 3266 Nestorianis
618 3228 812 3275 displicuisse
822 3253 830 3262 .

1324 572 1562 641 Amiciffimo
1585 614 1598 638 ,
1635 582 1695 624 <9⁴
1717 582 1750 624 S
1750 576 1962 645 anbiiffimo
1987 586 2064 649 Epi
2083 603 2141 631 co-

1317 663 1368 717 po
1383 645 1605 701 Alexandro
1618 684 1631 709 ,
1663 646 1891 700 Theodoreto
1920 689 1934 714 ‚
1970 652 2140 715 Abbib'0‚

1323 716 1482 767 Heliadi
1506 754 1525 779 ‚.
1571 723 1692 768 Mari
1714 756 1727 785 ‚
1766 716 1920 771 Davidi
1948 759 1963 788 ‚
1997 720 2142 775 Acilino

1321 787 1528 843 Meletius,

1347 929 1466 975 Ignum
1479 931 1514 970 <Sc
1523 939 1656 976 gratum
1665 933 1713 972 est
1726 933 1834 973 vestrm
1844 933 2031 971 Sanetitatis
2042 933 2142 970 etiam

1289 1014 1292 1020 ,
1370 981 1503 1024 praesens
1538 981 1684 1019 studium
1716 1009 1724 1016 .
1753 985 1798 1021 Et
1830 994 1961 1030 gratum
1987 984 2142 1033 Domino

1249 1028 1384 1069 Christo
1403 1055 1418 1077 ,
1441 1032 1499 1075 qui
1519 1031 1618 1072 nobis
1653 1034 1871 1077 speculatores
1896 1033 2084 1078 hujusmodi
2104 1033 2142 1069 in

1248 1080 1396 1122 praesenti
1406 1080 1539 1126 quoque
1550 1082 1686 1127 largitus
1698 1084 1767 1125 est,
1794 1094 1831 1121 ut
1842 1084 1885 1120 ad
1904 1084 2146 1121 eosinrenden-

1248 1137 1296 1166 tes
1311 1126 1488 1165 habeamus
1499 1132 1662 1174 qualiter,
1687 1144 1784 1175 prout
1806 1134 1853 1169 est
1875 1135 1911 1170 in
1932 1144 2024 1171 tanta
2045 1133 2143 1179 hujus

1249 1177 1321 1213 vitae
1343 1178 1536 1223 tempestate
1558 1180 1731 1224 poffibile,
1757 1184 1867 1220 nostra
1886 1183 2003 1219 itinera
2024 1182 2143 1228 diriga-

1248 1238 1337 1263 mus.
1365 1229 1449 1265 Non
1481 1230 1571 1267 enim
1600 1230 1708 1270 nostra
1730 1233 1805 1270 sunt
1834 1235 1973 1275 cuneta,
1999 1233 2054 1269 sed
2073 1233 2143 1279 ejus

1245 1278 1302 1327 qui
1316 1279 1467 1320 continet
1479 1279 1626 1319 universa
1637 1306 1646 1314 .
1673 1282 1729 1319 Sat
1753 1283 1798 1319 est
1814 1282 1911 1320 nobis
1920 1293 1958 1319 ut
1971 1283 2023 1319 vel
2036 1283 2143 1319 inten-

1246 1330 1339 1367 tione
1362 1328 1505 1371 fioeera,
1532 1329 1555 1367 fi
1580 1330 1668 1367 nihil
1687 1333 1826 1376 amplius
1841 1358 1851 1375 ,
1878 1333 2077 1370 contendere
2089 1344 2145 1368 va-

1245 1378 1391 1421 leamus,
1417 1380 1460 1416 ad
1480 1391 1581 1425 quam
1602 1381 1776 1427 respiciens
1798 1384 1952 1419 omnium
1973 1382 2143 1421 Dominus

1245 1429 1440 1477 praestiturus
1461 1430 1531 1471 est,
1555 1431 1670 1475 utique
1696 1431 1806 1469 vestroe
1826 1432 2144 1470 Sanctitntiwratim

1244 1478 1342 1516 nibus
1354 1504 1366 1521 ,
1392 1489 1431 1518 ut
1449 1491 1511 1516 nec
1522 1481 1707 1525 triplicibus
1721 1483 1950 1519 voluminibus
1960 1482 2144 1528 submergu-

1244 1541 1336 1565 mur.
1364 1530 1434 1569 Eos
1454 1530 1588 1577 quidem
1603 1557 1614 1573 ,
1639 1531 1697 1579 qui
1719 1532 1762 1569 ad
1784 1532 2008 1572 Occidentem
2027 1531 2142 1571 dire&

1243 1579 1338 1620 sunt,
1364 1580 1444 1618 Deo
1463 1581 1689 1620 Amiciffimos
1699 1581 1850 1619 Clericos
1861 1584 1909 1618 ita
1921 1584 2119 1626 suscepimus
2129 1605 2142 1624 2

1242 1640 1280 1664 ut
1300 1630 1503 1674 consequens
1513 1639 1581 1668 erat
1597 1630 1727 1669 nostros
1738 1654 1750 1672 ,
1775 1632 1810 1669 dc
1830 1633 1887 1675 qui
1903 1643 1964 1675 pro
1973 1631 2031 1669 tali
2044 1632 2142 1669 censa

1244 1680 1317 1717 sunt
1336 1678 1508 1719 destinati.
1536 1681 1634 1729 Qos
1658 1681 1760 1718 etiam
1785 1681 1966 1719 dimisimus
1985 1705 1997 1722 ,
2023 1690 2062 1716 ut
2083 1691 2141 1725 per

1243 1729 1382 1776 gratIam
1395 1730 1463 1766 Dei
1490 1729 1531 1763 ad
1543 1730 1698 1767 ulteriora
1713 1729 1892 1773 procedant
1903 1755 1912 1765 .
1939 1729 2142 1770 Festinamus

1243 1789 1377 1824 autem,
1402 1779 1424 1816 si
1453 1779 1622 1816 Dominus
1641 1782 1794 1819 annuerit
1815 1780 2024 1817 orationibus
2034 1780 2142 1818 vestm

1243 1830 1447 1871 Sanffiratis,
1473 1830 1508 1867 ἃ.
1530 1840 1591 1864 nos
1617 1830 1735 1868 similia
1745 1841 1877 1877 gerere:
1904 1830 1995 1880 Qia
2008 1840 2141 1875 oportet

1244 1879 1388 1920 omnino
1409 1888 1445 1919 ut
1468 1879 1640 1916 offeramus
1662 1881 1698 1918 ec
1720 1891 1805 1923 nos,
1828 1880 2138 1925 quaeeredimnsex-

1245 1931 1372 1975 pedire.
1399 1931 1521 1972 Forsan
1549 1930 1641 1968 euim
1665 1931 1781 1968 volens
1802 1932 1894 1968 Deus
1913 1929 2053 1976 amplius
2066 1940 2138 1977 pro·

1244 1982 1319 2018 bare
1330 1991 1387 2016 eos
1400 2004 1411 2023 ‚
1438 1979 1493 2024 qui
1515 1982 1547 2016 se
1570 1981 1645 2017 sunt
1666 1981 1788 2026 digni,
1811 1981 1846 2019 ὃς
1865 1981 2059 2027 redarguere
2078 1991 2137 2019 no·

1244 2032 1337 2071 xios,
1364 2031 1506 2073 permifit
1530 2032 1631 2074 usque
1647 2031 1733 2068 adeo
1745 2031 1955 2070 Adversarios
1977 2031 2136 2068 crescere.

1245 2079 1316 2112 Erit
1328 2078 1454 2113 veroid
1466 2078 1517 2111 his
1531 2102 1543 2117 ,
1568 2080 1623 2121 qui
1636 2079 1719 2115 bene
1730 2091 1855 2116 certant
1868 2104 1879 2120 ,
1907 2092 1976 2119 non
1996 2080 2136 2119 addesc-

1242 2129 1329 2163 &um
1351 2127 1480 2161 meriti:
1508 2125 1694 2175 Qomodo
1713 2128 1805 2165 enim
1827 2129 1896 2163 fieri
1918 2127 1984 2163 hoc
2005 2127 2135 2172 potest,

1241 2178 1322 2215 dum
1332 2177 1476 2214 futuram
1487 2177 1592 2221 magis
1604 2188 1762 2214 coronam
1777 2177 1946 2224 provideat
1959 2178 1976 2211 ἕ
2002 2177 2064 2215 Sed
2079 2189 2136 2221 po·

1241 2227 1307 2263 tius
1328 2225 1369 2269 ad
1378 2226 1565 2261 animarum
1586 2226 1804 2267 cremonem,
1830 2225 1872 2261 εὸ
1883 2228 1974 2270 quod
1984 2237 2137 2270 opponu-

1242 2286 1322 2311 num
1345 2284 1471 2318 tempus
1492 2275 1682 2312 invenerint
1701 2276 1747 2312 ad
1765 2276 1814 2315 sui
1827 2275 1988 2321 Propofiti
2000 2276 2137 2316 virtum

1241 2323 1460 2363 ostendendas
1471 2349 1483 2365 ,
1509 2325 1543 2362 &
1555 2324 1594 2360 ad
1608 2337 1681 2364 eam
1692 2337 1792 2369 quam
1810 2326 1916 2368 quieti
1928 2325 2136 2366 meditaban-

1242 2385 1295 2412 tur
1317 2398 1328 2415 ‚
1353 2374 1586 2411 fortitudinem
1608 2400 1616 2409 .
1644 2375 1736 2411 Sicut
1757 2376 1793 2410 δε
1819 2374 1857 2412 hi
1878 2399 1891 2417 ,
1917 2386 1954 2411 ut
1974 2376 2135 2420 arbitror,

1243 2427 1301 2475 qui
1312 2426 1405 2463 aliter
1417 2424 1505 2472 prius
1515 2425 1610 2462 aliter
1619 2434 1747 2463 certant
1760 2426 1833 2472 post
1854 2437 1894 2464 ea
1905 2425 2012 2465 studia
2022 2450 2033 2462 2

1436 2582 1943 2626 Scu0L10N.

1355 2724 1448 2768 Ujus
1458 2723 1611 2770 Epistolae
1621 2726 1734 2760 auster
1747 2723 1793 2759 est
1805 2723 1963 2763 Meletius
1972 2724 2136 2770 Mopsue-

1377 2775 1496 2811 stienfis
1516 2773 1552 2812 in
1565 2773 1704 2810 secunda
1716 2774 1838 2810 Cilicia
1860 2775 2060 2820 Episcopus.
2089 2776 2134 2813 Et

1244 2826 1328 2862 miffi
1340 2826 1375 2863 in
1383 2823 1601 2861 Occidentem
1612 2825 1735 2870 Legati
1741 2826 1873 2863 fuemnt
1885 2836 1954 2864 non
1965 2825 2007 2864 ab
2021 2826 2136 2862 Hella-

1243 2878 1300 2912 dio
1319 2888 1357 2913 ac
1380 2874 1541 2911 Eutherio
1556 2900 1568 2917 ,
1595 2876 1650 2911 sed
1676 2874 1854 2911 manifeste
1877 2875 1919 2911 ab
1939 2874 2133 2913 Alexandro

1244 2925 1450 2970 Hierapolim
1473 2950 1486 2967 ,
1523 2937 1561 2962 ac
1582 2926 1732 2962 universa
1753 2924 1892 2967 synodo
1915 2924 2133 2969 Euphratesia

1243 2976 1443 3013 Provinciae.
1470 2976 1634 3022 Alioquin
1655 2975 1835 3011 exercitam
1858 2975 1894 3010 in
1913 2974 2057 3012 istorum
2073 2976 2138 3011 Le>-

1243 3037 1336 3074 gatos
1359 3026 1614 3070 hospitalitatem
1639 3026 1797 3064 Meletius
1830 3036 1901 3061 non
1923 3025 1964 3061 ad
1987 3024 2135 3061 Alexan,-

1241 3079 1336 3114 drum
1351 3088 1388 3114 ac
1407 3077 1476 3121 ejus
1499 3078 1752 3123 Suffraganeos‚
1778 3075 1833 3114 sed
1856 3075 1899 3110 ad
1921 3075 1997 3113 illos
2017 3077 2134 3113 oeferre

1241 3127 1412 3164 debuerat.
1443 3127 1576 3164 Deinde
1589 3128 1727 3164 istorum
1737 3126 1855 3171 Legati
1865 3126 1997 3162 fuerunt
2009 3125 2134 3162 cleriei

1242 3190 1280 3214 ac
1297 3176 1480 3220 Monachi5
1508 3177 1545 3212 hi
1559 3177 1637 3213 vero
1648 3178 1724 3212 sunt
1735 3177 1796 3213 soli
1806 3175 1948 3212 Clerici.
1977 3174 2132 3213 Praesens

1243 3228 1388 3265 secundas
1399 3228 1616 3272 Cappadociae
1639 3227 1783 3273 Legati,
1807 3237 1843 3262 ut
1855 3226 2000 3262 Romam
2022 3226 2103 3263 irent
2117 3245 2130 3264 ι

1242 3280 1372 3314 transire
1392 3289 1461 3313 non
1492 3278 1655 3314 debebant
1675 3289 1732 3324 per
1755 3276 1930 3313 secundam
1953 3276 2127 3313 Cilicum·

1243 3329 1391 3373 Epistola
1411 3328 1508 3364 docet
1526 3328 1655 3374 primo,
1681 3327 1772 3373 quod
1795 3338 1866 3364 non
1889 3326 1980 3364 solus
1990 3325 2132 3365 Alexan·

1242 3380 1320 3422 der,
1345 3378 1399 3415 sed
1420 3379 1549 3426 insuper
1570 3381 1687 3417 cunsta
1706 3377 1774 3424 ejus
1796 3375 2131 3469 provincigmlfgssr-am
