<?xml version="1.0" encoding="UTF-8"?>
<!DOCTYPE html PUBLIC "-//W3C//DTD XHTML 1.0 Transitional//EN"
    "http://www.w3.org/TR/xhtml1/DTD/xhtml1-transitional.dtd">
<html xmlns="http://www.w3.org/1999/xhtml" xml:lang="en" lang="en">
 <head>
  <title>
</title>
<meta http-equiv="Content-Type" content="text/html;charset=utf-8" />
  <meta name='ocr-system' content='tesseract 3.04.00' />
  <meta name='ocr-capabilities' content='ocr_page ocr_carea ocr_par ocr_line ocrx_word'/>
</head>
<body>
  <div class='ocr_page' id='page_1' title='image "./operaomniastudio07lupuuoft/operaomniastudio07lupuuoft_0271.png"; bbox 0 0 2320 3730; ppageno 0'>
   <div class='ocr_carea' id='block_1_1' title="bbox 606 178 1663 235">
    <p class='ocr_par' dir='ltr' id='par_1_1' title="bbox 606 178 1663 235">
     <span class='ocr_line' id='line_1_1' title="bbox 606 178 1663 235; baseline -0.005 -2"><span class='ocrx_word' id='word_1_1' title='bbox 606 188 914 235; x_wconf 63' lang='lat' dir='ltr'>semotus,</span> <span class='ocrx_word' id='word_1_2' title='bbox 949 196 1016 226; x_wconf 71' lang='lat' dir='ltr'>er</span> <span class='ocrx_word' id='word_1_3' title='bbox 1050 178 1249 225; x_wconf 73' lang='lat' dir='ltr'>Nous</span> <span class='ocrx_word' id='word_1_4' title='bbox 1282 193 1663 228; x_wconf 65' lang='lat' dir='ltr'>tunsi-Ram.</span> 
     </span>
    </p>
   </div>
   <div class='ocr_carea' id='block_1_2' title="bbox 190 265 1099 507">
    <p class='ocr_par' dir='ltr' id='par_1_2' title="bbox 190 265 1099 507">
     <span class='ocr_line' id='line_1_2' title="bbox 190 265 1099 317; baseline -0.007 -12"><span class='ocrx_word' id='word_1_5' title='bbox 190 269 269 306; x_wconf 74' lang='lat' dir='ltr'>-fibi</span> <span class='ocrx_word' id='word_1_6' title='bbox 289 268 459 317; x_wconf 56' lang='lat' dir='ltr'>opus&#39;fore</span> <span class='ocrx_word' id='word_1_7' title='bbox 479 266 681 306; x_wconf 80' lang='lat' dir='ltr'>authoritate</span> <span class='ocrx_word' id='word_1_8' title='bbox 705 270 889 315; x_wconf 65' lang='lat' dir='ltr'>principis.‘</span> <span class='ocrx_word' id='word_1_9' title='bbox 904 268 997 303; x_wconf 88' lang='lat' dir='ltr'>Hinc</span> <span class='ocrx_word' id='word_1_10' title='bbox 1011 265 1099 300; x_wconf 83' lang='lat' dir='ltr'>Ana-</span> 
     </span>
     <span class='ocr_line' id='line_1_3' title="bbox 210 319 1096 363; baseline -0.007 -7"><span class='ocrx_word' id='word_1_11' title='bbox 210 321 381 361; x_wconf 75' lang='lat' dir='ltr'>tholium,</span> <span class='ocrx_word' id='word_1_12' title='bbox 404 319 506 355; x_wconf 83' lang='lat' dir='ltr'>totius</span> <span class='ocrx_word' id='word_1_13' title='bbox 528 321 707 356; x_wconf 87' lang='lat' dir='ltr'>Orientalis</span> <span class='ocrx_word' id='word_1_14' title='bbox 731 320 858 355; x_wconf 82' lang='lat' dir='ltr'>militiae</span> <span class='ocrx_word' id='word_1_15' title='bbox 878 319 1096 363; x_wconf 85' lang='lat' dir='ltr'>Magistrum,</span> 
     </span>
     <span class='ocr_line' id='line_1_4' title="bbox 209 369 1098 417; baseline -0.008 -9"><span class='ocrx_word' id='word_1_16' title='bbox 209 372 274 408; x_wconf 78' lang='lat' dir='ltr'>{ibi</span> <span class='ocrx_word' id='word_1_17' title='bbox 284 370 496 405; x_wconf 80' lang='lat' dir='ltr'>conciliatum</span> <span class='ocrx_word' id='word_1_18' title='bbox 507 371 611 406; x_wconf 86' lang='lat' dir='ltr'>voluit</span> <span class='ocrx_word' id='word_1_19' title='bbox 624 396 636 412; x_wconf 90' lang='lat'>,</span> <span class='ocrx_word' id='word_1_20' title='bbox 663 371 802 417; x_wconf 88' lang='lat' dir='ltr'>ideoque</span> <span class='ocrx_word' id='word_1_21' title='bbox 813 370 918 405; x_wconf 89' lang='lat' dir='ltr'>Paulo</span> <span class='ocrx_word' id='word_1_22' title='bbox 933 369 1098 412; x_wconf 79' lang='lat' dir='ltr'>Episcopo</span> 
     </span>
     <span class='ocr_line' id='line_1_5' title="bbox 212 418 1097 462; baseline -0.012 -1"><span class='ocrx_word' id='word_1_23' title='bbox 212 418 356 462; x_wconf 73' lang='lat' dir='ltr'>iniunxit</span> <span class='ocrx_word' id='word_1_24' title='bbox 374 419 460 456; x_wconf 87' lang='lat' dir='ltr'>hanc</span> <span class='ocrx_word' id='word_1_25' title='bbox 479 433 556 457; x_wconf 89' lang='lat' dir='ltr'>cum</span> <span class='ocrx_word' id='word_1_26' title='bbox 574 422 670 457; x_wconf 87' lang='lat' dir='ltr'>omni</span> <span class='ocrx_word' id='word_1_27' title='bbox 695 419 873 457; x_wconf 84' lang='lat' dir='ltr'>reverentia</span> <span class='ocrx_word' id='word_1_28' title='bbox 899 418 1097 454; x_wconf 86' lang='lat' dir='ltr'>relationem</span> 
     </span>
     <span class='ocr_line' id='line_1_6' title="bbox 210 469 333 507; baseline -0.008 -2"><span class='ocrx_word' id='word_1_29' title='bbox 210 469 333 507; x_wconf 77' lang='lat' dir='ltr'>faeere.</span> 
     </span>
    </p>
   </div>
   <div class='ocr_carea' id='block_1_3' title="bbox 423 729 1101 787">
    <p class='ocr_par' dir='ltr' id='par_1_3' title="bbox 423 729 1101 787">
     <span class='ocr_line' id='line_1_7' title="bbox 423 729 1101 787; baseline -0.003 -8"><span class='ocrx_word' id='word_1_30' title='bbox 423 733 465 779; x_wconf 94' lang='lat' dir='ltr'>C</span> <span class='ocrx_word' id='word_1_31' title='bbox 478 735 521 779; x_wconf 92' lang='lat' dir='ltr'><strong>A</strong></span> <span class='ocrx_word' id='word_1_32' title='bbox 534 733 569 777; x_wconf 94' lang='lat' dir='ltr'>P</span> <span class='ocrx_word' id='word_1_33' title='bbox 583 729 683 780; x_wconf 91' lang='lat' dir='ltr'>UT</span> <span class='ocrx_word' id='word_1_34' title='bbox 719 732 888 779; x_wconf 82' lang='lat' dir='ltr'><strong>CVIII.</strong></span> <span class='ocrx_word' id='word_1_35' title='bbox 934 740 1101 787; x_wconf 86' lang='lat'><em>---196</em></span> 
     </span>
    </p>
   </div>
   <div class='ocr_carea' id='block_1_4' title="bbox 211 863 1102 1146">
    <p class='ocr_par' dir='ltr' id='par_1_4' title="bbox 211 863 1102 1146">
     <span class='ocr_line' id='line_1_8' title="bbox 211 863 1100 939; baseline -0.009 -17"><span class='ocrx_word' id='word_1_36' title='bbox 211 869 402 939; x_wconf 63' lang='lat' dir='ltr'>Eptstola,</span> <span class='ocrx_word' id='word_1_37' title='bbox 432 863 604 938; x_wconf 78' lang='lat' dir='ltr'>inquit,</span> <span class='ocrx_word' id='word_1_38' title='bbox 633 869 770 937; x_wconf 71' lang='lat' dir='ltr'>cyrilli</span> <span class='ocrx_word' id='word_1_39' title='bbox 798 870 853 918; x_wconf 79' lang='lat' dir='ltr'>ad</span> <span class='ocrx_word' id='word_1_40' title='bbox 876 867 1100 929; x_wconf 77' lang='lat' dir='ltr'>Rabbulam</span> 
     </span>
     <span class='ocr_line' id='line_1_9' title="bbox 281 937 1101 1009; baseline -0.006 -19"><span class='ocrx_word' id='word_1_41' title='bbox 281 937 495 1007; x_wconf 68' lang='lat' dir='ltr'>Edeffi’num</span> <span class='ocrx_word' id='word_1_42' title='bbox 520 940 771 1009; x_wconf 64' lang='lat' dir='ltr'>Eprssopum‚</span> <span class='ocrx_word' id='word_1_43' title='bbox 807 944 980 988; x_wconf 76' lang='lat' dir='ltr'>nuntians</span> <span class='ocrx_word' id='word_1_44' title='bbox 1006 937 1101 1006; x_wconf 75' lang='lat' dir='ltr'>quod</span> 
     </span>
     <span class='ocr_line' id='line_1_10' title="bbox 282 1006 1102 1078; baseline 0 -21"><span class='ocrx_word' id='word_1_45' title='bbox 282 1006 425 1058; x_wconf 70' lang='lat' dir='ltr'>omnino</span> <span class='ocrx_word' id='word_1_46' title='bbox 446 1028 516 1056; x_wconf 86' lang='lat' dir='ltr'>non</span> <span class='ocrx_word' id='word_1_47' title='bbox 537 1015 667 1078; x_wconf 76' lang='lat' dir='ltr'><em>recipit</em></span> <span class='ocrx_word' id='word_1_48' title='bbox 693 1009 951 1078; x_wconf 78' lang='lat' dir='ltr'><em>propositiones</em></span> <span class='ocrx_word' id='word_1_49' title='bbox 973 1044 987 1071; x_wconf 80' lang='lat'>,</span> <span class='ocrx_word' id='word_1_50' title='bbox 1024 1027 1102 1077; x_wconf 75' lang='lat' dir='ltr'>quae</span> 
     </span>
     <span class='ocr_line' id='line_1_11' title="bbox 281 1075 856 1146; baseline 0.007 -20"><span class='ocrx_word' id='word_1_51' title='bbox 281 1077 311 1126; x_wconf 75' lang='grc' dir='ltr'>ιὶ</span> <span class='ocrx_word' id='word_1_52' title='bbox 345 1086 489 1134; x_wconf 81' lang='lat' dir='ltr'>Joanne</span> <span class='ocrx_word' id='word_1_53' title='bbox 513 1075 611 1146; x_wconf 81' lang='lat' dir='ltr'>fimt</span> <span class='ocrx_word' id='word_1_54' title='bbox 646 1078 856 1133; x_wconf 64' lang='lat' dir='ltr'>destinam.</span> 
     </span>
    </p>
   </div>
   <div class='ocr_carea' id='block_1_5' title="bbox 200 1217 1108 2760">
    <p class='ocr_par' dir='ltr' id='par_1_5' title="bbox 200 1217 1108 2760">
     <span class='ocr_line' id='line_1_12' title="bbox 287 1217 1101 1265; baseline 0.001 -12"><span class='ocrx_word' id='word_1_55' title='bbox 287 1218 411 1254; x_wconf 87' lang='lat' dir='ltr'>liffimo</span> <span class='ocrx_word' id='word_1_56' title='bbox 435 1220 470 1254; x_wconf 73' lang='grc' dir='ltr'>δε</span> <span class='ocrx_word' id='word_1_57' title='bbox 491 1217 652 1255; x_wconf 86' lang='lat' dir='ltr'>Amatore</span> <span class='ocrx_word' id='word_1_58' title='bbox 670 1218 796 1256; x_wconf 79' lang='lat' dir='ltr'>Christi</span> <span class='ocrx_word' id='word_1_59' title='bbox 817 1221 1015 1265; x_wconf 83' lang='lat' dir='ltr'><strong>Imperatore</strong></span> <span class='ocrx_word' id='word_1_60' title='bbox 1025 1218 1101 1255; x_wconf 89' lang='lat' dir='ltr'>diri·</span> 
     </span>
     <span class='ocr_line' id='line_1_13' title="bbox 311 1270 1101 1315; baseline 0.001 -12"><span class='ocrx_word' id='word_1_61' title='bbox 311 1279 411 1315; x_wconf 85' lang='lat' dir='ltr'>gente</span> <span class='ocrx_word' id='word_1_62' title='bbox 445 1270 635 1305; x_wconf 84' lang='lat' dir='ltr'>Dominum</span> <span class='ocrx_word' id='word_1_63' title='bbox 671 1282 782 1306; x_wconf 88' lang='lat' dir='ltr'>meum</span> <span class='ocrx_word' id='word_1_64' title='bbox 821 1271 1101 1306; x_wconf 86' lang='lat' dir='ltr'>Mirandisfimum</span> 
     </span>
     <span class='ocr_line' id='line_1_14' title="bbox 212 1318 1103 1366; baseline 0.002 -13"><span class='ocrx_word' id='word_1_65' title='bbox 212 1318 443 1360; x_wconf 72' lang='lat' dir='ltr'>Tribunum‘,</span> <span class='ocrx_word' id='word_1_66' title='bbox 468 1319 713 1366; x_wconf 87' lang='lat' dir='ltr'>Notariumque</span> <span class='ocrx_word' id='word_1_67' title='bbox 738 1320 944 1357; x_wconf 85' lang='lat' dir='ltr'>Aristolaum</span> <span class='ocrx_word' id='word_1_68' title='bbox 970 1346 981 1363; x_wconf 93' lang='lat'>,</span> <span class='ocrx_word' id='word_1_69' title='bbox 1006 1318 1103 1355; x_wconf 83' lang='lat' dir='ltr'>Chri·</span> 
     </span>
     <span class='ocr_line' id='line_1_15' title="bbox 206 1369 1103 1415; baseline 0.002 -13"><span class='ocrx_word' id='word_1_70' title='bbox 206 1369 357 1403; x_wconf 60' lang='lat' dir='ltr'>”flianum</span> <span class='ocrx_word' id='word_1_71' title='bbox 368 1370 472 1404; x_wconf 88' lang='lat' dir='ltr'>virum</span> <span class='ocrx_word' id='word_1_72' title='bbox 484 1395 495 1412; x_wconf 93' lang='lat'>,</span> <span class='ocrx_word' id='word_1_73' title='bbox 521 1371 556 1405; x_wconf 78' lang='grc' dir='ltr'>δε</span> <span class='ocrx_word' id='word_1_74' title='bbox 566 1382 626 1415; x_wconf 89' lang='lat' dir='ltr'>pro</span> <span class='ocrx_word' id='word_1_75' title='bbox 636 1374 719 1406; x_wconf 53' lang='lat' dir='ltr'>reeta</span> <span class='ocrx_word' id='word_1_76' title='bbox 731 1370 795 1407; x_wconf 88' lang='lat' dir='ltr'>fide</span> <span class='ocrx_word' id='word_1_77' title='bbox 807 1372 900 1408; x_wconf 72' lang='lat' dir='ltr'>valde</span> <span class='ocrx_word' id='word_1_78' title='bbox 911 1379 1103 1414; x_wconf 79' lang='lat' dir='ltr'>certantem,</span> 
     </span>
     <span class='ocr_line' id='line_1_16' title="bbox 213 1419 1102 1464; baseline 0.001 -11"><span class='ocrx_word' id='word_1_79' title='bbox 213 1428 252 1453; x_wconf 87' lang='lat' dir='ltr'>ut</span> <span class='ocrx_word' id='word_1_80' title='bbox 262 1419 303 1453; x_wconf 90' lang='lat' dir='ltr'>ad</span> <span class='ocrx_word' id='word_1_81' title='bbox 315 1430 427 1464; x_wconf 84' lang='lat' dir='ltr'>pacem</span> <span class='ocrx_word' id='word_1_82' title='bbox 438 1421 606 1464; x_wconf 85' lang='lat' dir='ltr'>copularet</span> <span class='ocrx_word' id='word_1_83' title='bbox 616 1422 774 1456; x_wconf 85' lang='lat' dir='ltr'>Ecclesias</span> <span class='ocrx_word' id='word_1_84' title='bbox 788 1446 801 1463; x_wconf 88' lang='lat'>,</span> <span class='ocrx_word' id='word_1_85' title='bbox 825 1423 861 1456; x_wconf 77' lang='grc' dir='ltr'>δε</span> <span class='ocrx_word' id='word_1_86' title='bbox 872 1422 1030 1457; x_wconf 86' lang='lat' dir='ltr'>scribente</span> <span class='ocrx_word' id='word_1_87' title='bbox 1042 1422 1102 1455; x_wconf 88' lang='lat' dir='ltr'>cla-</span> 
     </span>
     <span class='ocr_line' id='line_1_17' title="bbox 211 1468 1102 1515; baseline 0.001 -10"><span class='ocrx_word' id='word_1_88' title='bbox 211 1470 266 1510; x_wconf 73' lang='lat' dir='ltr'>re,</span> <span class='ocrx_word' id='word_1_89' title='bbox 293 1469 383 1514; x_wconf 88' lang='lat' dir='ltr'>quod</span> <span class='ocrx_word' id='word_1_90' title='bbox 405 1468 638 1505; x_wconf 84' lang='lat' dir='ltr'>Antiochenus</span> <span class='ocrx_word' id='word_1_91' title='bbox 659 1470 790 1506; x_wconf 86' lang='lat' dir='ltr'>deberet</span> <span class='ocrx_word' id='word_1_92' title='bbox 803 1471 892 1515; x_wconf 77' lang='lat' dir='ltr'>prius</span> <span class='ocrx_word' id='word_1_93' title='bbox 907 1470 1102 1506; x_wconf 86' lang='lat' dir='ltr'>subscribere</span> 
     </span>
     <span class='ocr_line' id='line_1_18' title="bbox 212 1519 1103 1565; baseline 0.002 -11"><span class='ocrx_word' id='word_1_94' title='bbox 212 1519 348 1565; x_wconf 81' lang='lat' dir='ltr'>quidem</span> <span class='ocrx_word' id='word_1_95' title='bbox 359 1519 506 1556; x_wconf 87' lang='lat' dir='ltr'>Nestorii</span> <span class='ocrx_word' id='word_1_96' title='bbox 528 1520 778 1556; x_wconf 78' lang='lat' dir='ltr'>damnationem</span> <span class='ocrx_word' id='word_1_97' title='bbox 792 1545 804 1562; x_wconf 93' lang='lat'>,</span> <span class='ocrx_word' id='word_1_98' title='bbox 828 1519 1103 1556; x_wconf 80' lang='lat' dir='ltr'>anathematizare</span> 
     </span>
     <span class='ocr_line' id='line_1_19' title="bbox 210 1569 1103 1614; baseline 0.002 -11"><span class='ocrx_word' id='word_1_99' title='bbox 210 1570 292 1604; x_wconf 77' lang='lat' dir='ltr'>vero</span> <span class='ocrx_word' id='word_1_100' title='bbox 302 1569 434 1604; x_wconf 87' lang='lat' dir='ltr'>scelesta</span> <span class='ocrx_word' id='word_1_101' title='bbox 444 1569 513 1612; x_wconf 76' lang='lat' dir='ltr'>ejus</span> <span class='ocrx_word' id='word_1_102' title='bbox 534 1571 703 1614; x_wconf 75' lang='lat' dir='ltr'>Dogmata</span> <span class='ocrx_word' id='word_1_103' title='bbox 715 1594 726 1610; x_wconf 91' lang='lat'>,</span> <span class='ocrx_word' id='word_1_104' title='bbox 753 1571 789 1604; x_wconf 76' lang='grc' dir='ltr'>δε</span> <span class='ocrx_word' id='word_1_105' title='bbox 801 1579 882 1604; x_wconf 89' lang='lat' dir='ltr'>tunc</span> <span class='ocrx_word' id='word_1_106' title='bbox 896 1571 1103 1605; x_wconf 89' lang='lat' dir='ltr'>communio·</span> 
     </span>
     <span class='ocr_line' id='line_1_20' title="bbox 200 1617 1102 1664; baseline 0.003 -13"><span class='ocrx_word' id='word_1_107' title='bbox 200 1629 291 1655; x_wconf 59' lang='lat' dir='ltr'>nem</span> <span class='ocrx_word' id='word_1_108' title='bbox 312 1617 456 1653; x_wconf 86' lang='lat' dir='ltr'>nostram</span> <span class='ocrx_word' id='word_1_109' title='bbox 469 1629 630 1661; x_wconf 83' lang='lat' dir='ltr'>quaerere,</span> <span class='ocrx_word' id='word_1_110' title='bbox 657 1620 776 1664; x_wconf 83' lang='lat' dir='ltr'>scripfit</span> <span class='ocrx_word' id='word_1_111' title='bbox 798 1619 839 1654; x_wconf 87' lang='lat' dir='ltr'>ad</span> <span class='ocrx_word' id='word_1_112' title='bbox 854 1631 907 1654; x_wconf 91' lang='lat' dir='ltr'>me</span> <span class='ocrx_word' id='word_1_113' title='bbox 932 1620 1102 1654; x_wconf 87' lang='lat' dir='ltr'>Dominus</span> 
     </span>
     <span class='ocr_line' id='line_1_21' title="bbox 211 1668 1102 1715; baseline 0 -10"><span class='ocrx_word' id='word_1_114' title='bbox 211 1679 306 1705; x_wconf 85' lang='lat' dir='ltr'>meus</span> <span class='ocrx_word' id='word_1_115' title='bbox 319 1668 590 1713; x_wconf 80' lang='lat' dir='ltr'>Religiofiffimus</span> <span class='ocrx_word' id='word_1_116' title='bbox 603 1693 614 1709; x_wconf 94' lang='lat'>,</span> <span class='ocrx_word' id='word_1_117' title='bbox 639 1670 672 1704; x_wconf 73' lang='grc' dir='ltr'>ἀ</span> <span class='ocrx_word' id='word_1_118' title='bbox 683 1670 828 1715; x_wconf 85' lang='lat' dir='ltr'>optimus</span> <span class='ocrx_word' id='word_1_119' title='bbox 855 1671 952 1705; x_wconf 88' lang='lat' dir='ltr'>senex</span> <span class='ocrx_word' id='word_1_120' title='bbox 970 1670 1102 1713; x_wconf 84' lang='lat' dir='ltr'>Episco-</span> 
     </span>
     <span class='ocr_line' id='line_1_22' title="bbox 211 1718 1105 1768; baseline 0.002 -15"><span class='ocrx_word' id='word_1_121' title='bbox 211 1729 276 1768; x_wconf 77' lang='lat' dir='ltr'>pus</span> <span class='ocrx_word' id='word_1_122' title='bbox 302 1718 446 1754; x_wconf 79' lang='lat' dir='ltr'>Aeacius</span> <span class='ocrx_word' id='word_1_123' title='bbox 471 1718 691 1764; x_wconf 84' lang='lat' dir='ltr'>incongruam</span> <span class='ocrx_word' id='word_1_124' title='bbox 723 1718 890 1764; x_wconf 87' lang='lat' dir='ltr'>quandam</span> <span class='ocrx_word' id='word_1_125' title='bbox 916 1721 1105 1765; x_wconf 84' lang='lat' dir='ltr'>propositio-</span> 
     </span>
     <span class='ocr_line' id='line_1_23' title="bbox 211 1768 1106 1818; baseline 0.002 -14"><span class='ocrx_word' id='word_1_126' title='bbox 211 1779 316 1804; x_wconf 79' lang='lat' dir='ltr'>nem:</span> <span class='ocrx_word' id='word_1_127' title='bbox 340 1770 440 1818; x_wconf 81' lang='lat' dir='ltr'>Qasi</span> <span class='ocrx_word' id='word_1_128' title='bbox 465 1768 507 1804; x_wconf 90' lang='lat' dir='ltr'>ab</span> <span class='ocrx_word' id='word_1_129' title='bbox 528 1770 676 1804; x_wconf 88' lang='lat' dir='ltr'>Orientis</span> <span class='ocrx_word' id='word_1_130' title='bbox 699 1770 890 1814; x_wconf 82' lang='lat' dir='ltr'>Episcopis‚</span> <span class='ocrx_word' id='word_1_131' title='bbox 915 1771 1021 1815; x_wconf 87' lang='lat' dir='ltr'>magis</span> <span class='ocrx_word' id='word_1_132' title='bbox 1049 1783 1106 1806; x_wconf 89' lang='lat' dir='ltr'>au-</span> 
     </span>
     <span class='ocr_line' id='line_1_24' title="bbox 211 1818 1104 1864; baseline 0.001 -10"><span class='ocrx_word' id='word_1_133' title='bbox 211 1828 283 1854; x_wconf 88' lang='lat' dir='ltr'>tem</span> <span class='ocrx_word' id='word_1_134' title='bbox 297 1843 308 1860; x_wconf 92' lang='lat'>,</span> <span class='ocrx_word' id='word_1_135' title='bbox 333 1819 357 1853; x_wconf 85' lang='lat' dir='ltr'>fi</span> <span class='ocrx_word' id='word_1_136' title='bbox 369 1829 499 1864; x_wconf 82' lang='lat' dir='ltr'>oportet</span> <span class='ocrx_word' id='word_1_137' title='bbox 510 1818 616 1854; x_wconf 85' lang='lat' dir='ltr'>dicere</span> <span class='ocrx_word' id='word_1_138' title='bbox 628 1844 638 1860; x_wconf 89' lang='lat'>‚</span> <span class='ocrx_word' id='word_1_139' title='bbox 665 1820 835 1854; x_wconf 87' lang='lat' dir='ltr'>veritatem</span> <span class='ocrx_word' id='word_1_140' title='bbox 848 1829 992 1863; x_wconf 76' lang='lat' dir='ltr'>oporteret</span> <span class='ocrx_word' id='word_1_141' title='bbox 1018 1820 1104 1864; x_wconf 77' lang='lat' dir='ltr'>disce-</span> 
     </span>
     <span class='ocr_line' id='line_1_25' title="bbox 212 1869 1101 1914; baseline 0 -11"><span class='ocrx_word' id='word_1_142' title='bbox 212 1880 249 1903; x_wconf 78' lang='lat' dir='ltr'>re</span> <span class='ocrx_word' id='word_1_143' title='bbox 260 1870 379 1910; x_wconf 85' lang='lat' dir='ltr'>abeis,</span> <span class='ocrx_word' id='word_1_144' title='bbox 403 1869 531 1911; x_wconf 85' lang='lat' dir='ltr'>quiea,</span> <span class='ocrx_word' id='word_1_145' title='bbox 556 1880 626 1912; x_wconf 79' lang='lat' dir='ltr'>quae</span> <span class='ocrx_word' id='word_1_146' title='bbox 637 1870 710 1904; x_wconf 89' lang='lat' dir='ltr'>sunt</span> <span class='ocrx_word' id='word_1_147' title='bbox 729 1869 903 1911; x_wconf 87' lang='lat' dir='ltr'>Nestorii,</span> <span class='ocrx_word' id='word_1_148' title='bbox 931 1872 1079 1914; x_wconf 86' lang='lat' dir='ltr'>saperent</span> <span class='ocrx_word' id='word_1_149' title='bbox 1094 1897 1101 1903; x_wconf 94' lang='lat'><strong>.</strong></span> 
     </span>
     <span class='ocr_line' id='line_1_26' title="bbox 208 1918 1104 1966; baseline 0.003 -13"><span class='ocrx_word' id='word_1_150' title='bbox 208 1918 308 1954; x_wconf 73' lang='lat' dir='ltr'>‘Nam</span> <span class='ocrx_word' id='word_1_151' title='bbox 319 1919 400 1953; x_wconf 88' lang='lat' dir='ltr'>dum</span> <span class='ocrx_word' id='word_1_152' title='bbox 411 1929 468 1954; x_wconf 85' lang='lat' dir='ltr'>eos</span> <span class='ocrx_word' id='word_1_153' title='bbox 479 1928 645 1962; x_wconf 83' lang='lat' dir='ltr'>oporteret</span> <span class='ocrx_word' id='word_1_154' title='bbox 656 1921 746 1963; x_wconf 86' lang='lat' dir='ltr'>sequi</span> <span class='ocrx_word' id='word_1_155' title='bbox 768 1919 856 1963; x_wconf 91' lang='lat' dir='ltr'>quod</span> <span class='ocrx_word' id='word_1_156' title='bbox 869 1922 1045 1966; x_wconf 88' lang='lat' dir='ltr'>congruit,</span> <span class='ocrx_word' id='word_1_157' title='bbox 1071 1922 1104 1956; x_wconf 92' lang='lat'>&amp;</span> 
     </span>
     <span class='ocr_line' id='line_1_27' title="bbox 210 1968 1106 2014; baseline 0.004 -12"><span class='ocrx_word' id='word_1_158' title='bbox 210 1970 308 2012; x_wconf 71' lang='lat' dir='ltr'>Juxta</span> <span class='ocrx_word' id='word_1_159' title='bbox 328 1968 549 2004; x_wconf 84' lang='lat' dir='ltr'>intentionem</span> <span class='ocrx_word' id='word_1_160' title='bbox 573 1968 703 2012; x_wconf 82' lang='lat' dir='ltr'>piiffimi</span> <span class='ocrx_word' id='word_1_161' title='bbox 725 1969 912 2014; x_wconf 88' lang='lat' dir='ltr'>Principis,</span> <span class='ocrx_word' id='word_1_162' title='bbox 938 1973 1106 2006; x_wconf 89' lang='lat' dir='ltr'>omnium-</span> 
     </span>
     <span class='ocr_line' id='line_1_28' title="bbox 211 2018 1107 2063; baseline 0.001 -11"><span class='ocrx_word' id='word_1_163' title='bbox 211 2029 279 2063; x_wconf 84' lang='lat' dir='ltr'>que</span> <span class='ocrx_word' id='word_1_164' title='bbox 288 2018 562 2054; x_wconf 84' lang='lat' dir='ltr'>orthodoxorum</span> <span class='ocrx_word' id='word_1_165' title='bbox 575 2043 587 2059; x_wconf 94' lang='lat'>,</span> <span class='ocrx_word' id='word_1_166' title='bbox 613 2018 888 2055; x_wconf 82' lang='lat' dir='ltr'>anathematizare</span> <span class='ocrx_word' id='word_1_167' title='bbox 897 2021 1023 2056; x_wconf 87' lang='lat' dir='ltr'>scelesta</span> <span class='ocrx_word' id='word_1_168' title='bbox 1038 2021 1107 2054; x_wconf 91' lang='lat' dir='ltr'>Ne·</span> 
     </span>
     <span class='ocr_line' id='line_1_29' title="bbox 211 2068 1107 2113; baseline 0 -11"><span class='ocrx_word' id='word_1_169' title='bbox 211 2068 308 2103; x_wconf 70' lang='lat' dir='ltr'>florii</span> <span class='ocrx_word' id='word_1_170' title='bbox 319 2070 511 2113; x_wconf 85' lang='lat' dir='ltr'>Dogmata,</span> <span class='ocrx_word' id='word_1_171' title='bbox 535 2068 734 2102; x_wconf 73' lang='lat' dir='ltr'>econtrario</span> <span class='ocrx_word' id='word_1_172' title='bbox 756 2079 872 2111; x_wconf 85' lang='lat' dir='ltr'>petunt</span> <span class='ocrx_word' id='word_1_173' title='bbox 896 2080 1011 2103; x_wconf 86' lang='lat' dir='ltr'>vacare</span> <span class='ocrx_word' id='word_1_174' title='bbox 1034 2070 1107 2102; x_wconf 91' lang='lat' dir='ltr'>uni-</span> 
     </span>
     <span class='ocr_line' id='line_1_30' title="bbox 203 2115 1107 2163; baseline 0 -11"><span class='ocrx_word' id='word_1_175' title='bbox 203 2119 302 2153; x_wconf 77' lang='lat' dir='ltr'>-vctsa</span> <span class='ocrx_word' id='word_1_176' title='bbox 314 2142 325 2160; x_wconf 88' lang='lat'>,</span> <span class='ocrx_word' id='word_1_177' title='bbox 350 2129 420 2163; x_wconf 80' lang='lat' dir='ltr'>quae</span> <span class='ocrx_word' id='word_1_178' title='bbox 439 2118 458 2152; x_wconf 75' lang='lat' dir='ltr'>a</span> <span class='ocrx_word' id='word_1_179' title='bbox 482 2115 579 2152; x_wconf 84' lang='lat' dir='ltr'>nobis</span> <span class='ocrx_word' id='word_1_180' title='bbox 600 2117 717 2162; x_wconf 88' lang='lat' dir='ltr'>scripta</span> <span class='ocrx_word' id='word_1_181' title='bbox 728 2118 803 2153; x_wconf 89' lang='lat' dir='ltr'>sunt</span> <span class='ocrx_word' id='word_1_182' title='bbox 828 2118 894 2153; x_wconf 84' lang='lat' dir='ltr'>five</span> <span class='ocrx_word' id='word_1_183' title='bbox 906 2119 940 2152; x_wconf 90' lang='lat' dir='ltr'>in</span> <span class='ocrx_word' id='word_1_184' title='bbox 955 2119 1079 2154; x_wconf 87' lang='lat' dir='ltr'>Tomis</span> <span class='ocrx_word' id='word_1_185' title='bbox 1096 2142 1107 2158; x_wconf 95' lang='lat'>,</span> 
     </span>
     <span class='ocr_line' id='line_1_31' title="bbox 212 2166 1107 2215; baseline 0.001 -12"><span class='ocrx_word' id='word_1_186' title='bbox 212 2168 277 2203; x_wconf 81' lang='lat' dir='ltr'>{ive</span> <span class='ocrx_word' id='word_1_187' title='bbox 287 2169 324 2202; x_wconf 88' lang='lat' dir='ltr'>in</span> <span class='ocrx_word' id='word_1_188' title='bbox 336 2166 663 2211; x_wconf 87' lang='lat' dir='ltr'>Conscriptionibus:</span> <span class='ocrx_word' id='word_1_189' title='bbox 693 2167 809 2215; x_wconf 71' lang='lat' dir='ltr'>Etsic,</span> <span class='ocrx_word' id='word_1_190' title='bbox 838 2169 1020 2212; x_wconf 89' lang='lat' dir='ltr'>inquiunt,</span> <span class='ocrx_word' id='word_1_191' title='bbox 1044 2170 1107 2204; x_wconf 80' lang='lat' dir='ltr'>Eo·</span> 
     </span>
     <span class='ocr_line' id='line_1_32' title="bbox 214 2215 1105 2253; baseline -0.001 0"><span class='ocrx_word' id='word_1_192' title='bbox 214 2218 316 2253; x_wconf 80' lang='lat' dir='ltr'>clefiae</span> <span class='ocrx_word' id='word_1_193' title='bbox 336 2216 633 2252; x_wconf 87' lang='lat' dir='ltr'>communicabunt</span> <span class='ocrx_word' id='word_1_194' title='bbox 651 2216 692 2250; x_wconf 87' lang='lat' dir='ltr'>ad</span> <span class='ocrx_word' id='word_1_195' title='bbox 703 2215 846 2252; x_wconf 84' lang='lat' dir='ltr'>invicem</span> <span class='ocrx_word' id='word_1_196' title='bbox 859 2241 867 2248; x_wconf 94' lang='lat'>.</span> <span class='ocrx_word' id='word_1_197' title='bbox 897 2219 977 2251; x_wconf 90' lang='lat' dir='ltr'>Hoc</span> <span class='ocrx_word' id='word_1_198' title='bbox 992 2228 1105 2252; x_wconf 87' lang='lat' dir='ltr'>autem</span> 
     </span>
     <span class='ocr_line' id='line_1_33' title="bbox 214 2265 1104 2310; baseline -0.002 -9"><span class='ocrx_word' id='word_1_199' title='bbox 214 2267 300 2301; x_wconf 78' lang='lat' dir='ltr'>clare</span> <span class='ocrx_word' id='word_1_200' title='bbox 310 2267 417 2303; x_wconf 82' lang='lat' dir='ltr'>dicere</span> <span class='ocrx_word' id='word_1_201' title='bbox 428 2267 472 2301; x_wconf 85' lang='lat' dir='ltr'>cst</span> <span class='ocrx_word' id='word_1_202' title='bbox 487 2291 499 2307; x_wconf 93' lang='lat'><em>‚</em></span> <span class='ocrx_word' id='word_1_203' title='bbox 516 2265 606 2309; x_wconf 88' lang='lat' dir='ltr'>quod</span> <span class='ocrx_word' id='word_1_204' title='bbox 618 2275 771 2310; x_wconf 85' lang='lat' dir='ltr'>oporteat</span> <span class='ocrx_word' id='word_1_205' title='bbox 780 2276 842 2300; x_wconf 83' lang='lat' dir='ltr'>nos</span> <span class='ocrx_word' id='word_1_206' title='bbox 855 2268 973 2300; x_wconf 68' lang='lat' dir='ltr'>rectam</span> <span class='ocrx_word' id='word_1_207' title='bbox 986 2265 1104 2300; x_wconf 85' lang='lat' dir='ltr'>Fidem</span> 
     </span>
     <span class='ocr_line' id='line_1_34' title="bbox 213 2313 1102 2362; baseline -0.006 -10"><span class='ocrx_word' id='word_1_208' title='bbox 213 2317 378 2362; x_wconf 84' lang='lat' dir='ltr'>denegare</span> <span class='ocrx_word' id='word_1_209' title='bbox 396 2343 407 2359; x_wconf 95' lang='lat'>,</span> <span class='ocrx_word' id='word_1_210' title='bbox 432 2317 467 2350; x_wconf 77' lang='grc' dir='ltr'>δε</span> <span class='ocrx_word' id='word_1_211' title='bbox 489 2315 636 2354; x_wconf 87' lang='lat' dir='ltr'>Nestorii</span> <span class='ocrx_word' id='word_1_212' title='bbox 661 2316 847 2350; x_wconf 88' lang='lat' dir='ltr'>consentire</span> <span class='ocrx_word' id='word_1_213' title='bbox 874 2313 1102 2359; x_wconf 89' lang='lat' dir='ltr'>blasphemiis.</span> 
     </span>
     <span class='ocr_line' id='line_1_35' title="bbox 212 2364 1105 2410; baseline -0.002 -8"><span class='ocrx_word' id='word_1_214' title='bbox 212 2367 349 2402; x_wconf 76' lang='lat' dir='ltr'>sienim</span> <span class='ocrx_word' id='word_1_215' title='bbox 371 2368 478 2401; x_wconf 87' lang='lat' dir='ltr'>nostra</span> <span class='ocrx_word' id='word_1_216' title='bbox 500 2365 759 2400; x_wconf 83' lang='lat' dir='ltr'>exterminamus</span> <span class='ocrx_word' id='word_1_217' title='bbox 772 2389 784 2406; x_wconf 92' lang='lat'>,</span> <span class='ocrx_word' id='word_1_218' title='bbox 811 2377 881 2410; x_wconf 73' lang='lat' dir='ltr'>quae</span> <span class='ocrx_word' id='word_1_219' title='bbox 901 2367 934 2400; x_wconf 86' lang='lat' dir='ltr'>se</span> <span class='ocrx_word' id='word_1_220' title='bbox 954 2364 1105 2400; x_wconf 71' lang='lat' dir='ltr'>beneba-</span> 
     </span>
     <span class='ocr_line' id='line_1_36' title="bbox 214 2414 1100 2458; baseline 0 -8"><span class='ocrx_word' id='word_1_221' title='bbox 214 2416 296 2451; x_wconf 89' lang='lat' dir='ltr'>bent</span> <span class='ocrx_word' id='word_1_222' title='bbox 307 2440 318 2456; x_wconf 94' lang='lat'>‚</span> <span class='ocrx_word' id='word_1_223' title='bbox 341 2418 376 2450; x_wconf 72' lang='grc' dir='ltr'>ὅ(</span> <span class='ocrx_word' id='word_1_224' title='bbox 387 2414 695 2458; x_wconf 82' lang='lat' dir='ltr'>inexprobrabiliter</span> <span class='ocrx_word' id='word_1_225' title='bbox 712 2416 853 2449; x_wconf 78' lang='lat' dir='ltr'>asserunt</span> <span class='ocrx_word' id='word_1_226' title='bbox 864 2416 1033 2450; x_wconf 85' lang='lat' dir='ltr'>veritatem</span> <span class='ocrx_word' id='word_1_227' title='bbox 1045 2441 1055 2457; x_wconf 92' lang='lat'>‚</span> <span class='ocrx_word' id='word_1_228' title='bbox 1066 2416 1100 2450; x_wconf 87' lang='lat'>&amp;</span> 
     </span>
     <span class='ocr_line' id='line_1_37' title="bbox 207 2463 1103 2508; baseline -0.001 -8"><span class='ocrx_word' id='word_1_229' title='bbox 207 2468 304 2500; x_wconf 63' lang='grc' dir='ltr'>κᾶε</span> <span class='ocrx_word' id='word_1_230' title='bbox 325 2465 419 2499; x_wconf 87' lang='lat' dir='ltr'>Fidei</span> <span class='ocrx_word' id='word_1_231' title='bbox 444 2465 590 2498; x_wconf 88' lang='lat' dir='ltr'>militant</span> <span class='ocrx_word' id='word_1_232' title='bbox 615 2488 627 2504; x_wconf 89' lang='lat'><em>‚</em></span> <span class='ocrx_word' id='word_1_233' title='bbox 652 2463 907 2508; x_wconf 84' lang='lat' dir='ltr'>approbavimus</span> <span class='ocrx_word' id='word_1_234' title='bbox 931 2476 969 2500; x_wconf 89' lang='lat' dir='ltr'>ea</span> <span class='ocrx_word' id='word_1_235' title='bbox 994 2490 1004 2505; x_wconf 85' lang='lat'>‚</span> <span class='ocrx_word' id='word_1_236' title='bbox 1032 2476 1103 2508; x_wconf 79' lang='lat' dir='ltr'>quae</span> 
     </span>
     <span class='ocr_line' id='line_1_38' title="bbox 214 2514 1108 2559; baseline 0 -9"><span class='ocrx_word' id='word_1_237' title='bbox 214 2517 291 2550; x_wconf 85' lang='lat' dir='ltr'>sunt</span> <span class='ocrx_word' id='word_1_238' title='bbox 312 2514 484 2554; x_wconf 86' lang='lat' dir='ltr'>Nestorii,</span> <span class='ocrx_word' id='word_1_239' title='bbox 511 2515 546 2548; x_wconf 75' lang='grc' dir='ltr'>ὅ(</span> <span class='ocrx_word' id='word_1_240' title='bbox 566 2514 688 2548; x_wconf 88' lang='lat' dir='ltr'>erimus</span> <span class='ocrx_word' id='word_1_241' title='bbox 709 2514 907 2549; x_wconf 85' lang='lat' dir='ltr'>admirantes</span> <span class='ocrx_word' id='word_1_242' title='bbox 931 2515 1000 2559; x_wconf 88' lang='lat' dir='ltr'>ejus</span> <span class='ocrx_word' id='word_1_243' title='bbox 1024 2516 1108 2550; x_wconf 86' lang='lat' dir='ltr'>insa·</span> 
     </span>
     <span class='ocr_line' id='line_1_39' title="bbox 212 2562 1107 2607; baseline 0 -7"><span class='ocrx_word' id='word_1_244' title='bbox 212 2566 324 2600; x_wconf 75' lang='lat' dir='ltr'>niam.</span> <span class='ocrx_word' id='word_1_245' title='bbox 350 2563 413 2599; x_wconf 86' lang='lat' dir='ltr'>Sed</span> <span class='ocrx_word' id='word_1_246' title='bbox 427 2564 560 2597; x_wconf 89' lang='lat' dir='ltr'>illorum</span> <span class='ocrx_word' id='word_1_247' title='bbox 570 2562 705 2607; x_wconf 88' lang='lat' dir='ltr'>quidem</span> <span class='ocrx_word' id='word_1_248' title='bbox 726 2564 986 2606; x_wconf 78' lang='lat' dir='ltr'>propositionem</span> <span class='ocrx_word' id='word_1_249' title='bbox 1011 2566 1107 2600; x_wconf 89' lang='lat' dir='ltr'>intel-</span> 
     </span>
     <span class='ocr_line' id='line_1_40' title="bbox 208 2613 1107 2658; baseline 0 -9"><span class='ocrx_word' id='word_1_250' title='bbox 208 2615 373 2650; x_wconf 78' lang='lat' dir='ltr'>leximus.</span> <span class='ocrx_word' id='word_1_251' title='bbox 400 2613 594 2647; x_wconf 86' lang='lat' dir='ltr'>Contristati</span> <span class='ocrx_word' id='word_1_252' title='bbox 619 2613 707 2647; x_wconf 87' lang='lat' dir='ltr'>enim</span> <span class='ocrx_word' id='word_1_253' title='bbox 727 2614 822 2652; x_wconf 85' lang='lat' dir='ltr'>sunt,</span> <span class='ocrx_word' id='word_1_254' title='bbox 849 2615 940 2657; x_wconf 84' lang='lat' dir='ltr'>quod</span> <span class='ocrx_word' id='word_1_255' title='bbox 966 2614 1107 2658; x_wconf 83' lang='lat' dir='ltr'>blasphe-</span> 
     </span>
     <span class='ocr_line' id='line_1_41' title="bbox 208 2661 1107 2702; baseline -0.002 -2"><span class='ocrx_word' id='word_1_256' title='bbox 208 2675 326 2700; x_wconf 82' lang='lat' dir='ltr'>mante</span> <span class='ocrx_word' id='word_1_257' title='bbox 338 2662 516 2702; x_wconf 86' lang='lat' dir='ltr'>Nestorio,</span> <span class='ocrx_word' id='word_1_258' title='bbox 541 2662 582 2697; x_wconf 92' lang='lat' dir='ltr'>ab</span> <span class='ocrx_word' id='word_1_259' title='bbox 591 2661 805 2698; x_wconf 82' lang='lat' dir='ltr'>Orthodoxis</span> <span class='ocrx_word' id='word_1_260' title='bbox 815 2673 932 2698; x_wconf 90' lang='lat' dir='ltr'>contra</span> <span class='ocrx_word' id='word_1_261' title='bbox 953 2675 1030 2699; x_wconf 88' lang='lat' dir='ltr'>eum</span> <span class='ocrx_word' id='word_1_262' title='bbox 1047 2667 1107 2700; x_wconf 88' lang='lat' dir='ltr'>ser·</span> 
     </span>
     <span class='ocr_line' id='line_1_42' title="bbox 213 2713 1105 2760; baseline 0 -10"><span class='ocrx_word' id='word_1_263' title='bbox 213 2726 332 2750; x_wconf 84' lang='lat' dir='ltr'>mones</span> <span class='ocrx_word' id='word_1_264' title='bbox 343 2713 452 2757; x_wconf 86' lang='lat' dir='ltr'>scripti</span> <span class='ocrx_word' id='word_1_265' title='bbox 464 2713 558 2753; x_wconf 91' lang='lat' dir='ltr'>sunt,</span> <span class='ocrx_word' id='word_1_266' title='bbox 585 2713 785 2757; x_wconf 85' lang='lat' dir='ltr'>&amp;epistolae.</span> <span class='ocrx_word' id='word_1_267' title='bbox 819 2713 941 2760; x_wconf 80' lang='lat' dir='ltr'>Qalia</span> <span class='ocrx_word' id='word_1_268' title='bbox 965 2715 1043 2749; x_wconf 78' lang='lat' dir='ltr'>vero</span> <span class='ocrx_word' id='word_1_269' title='bbox 1069 2716 1105 2751; x_wconf 89' lang='lat'>&amp;</span> 
     </span>
    </p>
   </div>
   <div class='ocr_carea' id='block_1_6' title="bbox 215 2762 1109 2810">
    <p class='ocr_par' dir='ltr' id='par_1_6' title="bbox 215 2762 1109 2810">
     <span class='ocr_line' id='line_1_43' title="bbox 215 2762 1109 2810; baseline 0.002 -12"><span class='ocrx_word' id='word_1_270' title='bbox 215 2776 280 2799; x_wconf 89' lang='lat' dir='ltr'>nos</span> <span class='ocrx_word' id='word_1_271' title='bbox 290 2763 506 2807; x_wconf 78' lang='lat' dir='ltr'>scripserimus</span> <span class='ocrx_word' id='word_1_272' title='bbox 517 2785 528 2803; x_wconf 89' lang='lat'>‚</span> <span class='ocrx_word' id='word_1_273' title='bbox 554 2762 632 2796; x_wconf 89' lang='lat' dir='ltr'>sciet</span> <span class='ocrx_word' id='word_1_274' title='bbox 643 2772 699 2797; x_wconf 86' lang='lat' dir='ltr'>tua</span> <span class='ocrx_word' id='word_1_275' title='bbox 713 2762 878 2799; x_wconf 76' lang='lat' dir='ltr'>Perfestio</span> <span class='ocrx_word' id='word_1_276' title='bbox 887 2789 899 2805; x_wconf 89' lang='lat'>,</span> <span class='ocrx_word' id='word_1_277' title='bbox 924 2762 1004 2798; x_wconf 89' lang='lat' dir='ltr'>dum</span> <span class='ocrx_word' id='word_1_278' title='bbox 1018 2765 1109 2810; x_wconf 86' lang='lat' dir='ltr'>lege-</span> 
     </span>
    </p>
   </div>
   <div class='ocr_carea' id='block_1_7' title="bbox 209 2809 1104 2903">
    <p class='ocr_par' dir='ltr' id='par_1_7' title="bbox 209 2809 1104 2903">
     <span class='ocr_line' id='line_1_44' title="bbox 214 2809 1104 2860; baseline 0.002 -12"><span class='ocrx_word' id='word_1_279' title='bbox 214 2816 260 2852; x_wconf 79' lang='lat' dir='ltr'>ris</span> <span class='ocrx_word' id='word_1_280' title='bbox 273 2813 358 2858; x_wconf 84' lang='lat' dir='ltr'>paria</span> <span class='ocrx_word' id='word_1_281' title='bbox 370 2822 486 2848; x_wconf 89' lang='lat' dir='ltr'>corum</span> <span class='ocrx_word' id='word_1_282' title='bbox 495 2838 503 2845; x_wconf 92' lang='lat'><em>.</em></span> <span class='ocrx_word' id='word_1_283' title='bbox 530 2811 589 2846; x_wconf 93' lang='lat' dir='ltr'>Ob</span> <span class='ocrx_word' id='word_1_284' title='bbox 600 2809 666 2847; x_wconf 90' lang='lat' dir='ltr'>hoc</span> <span class='ocrx_word' id='word_1_285' title='bbox 676 2813 766 2849; x_wconf 89' lang='lat' dir='ltr'>enim</span> <span class='ocrx_word' id='word_1_286' title='bbox 776 2822 840 2849; x_wconf 79' lang='lat' dir='ltr'>tuae</span> <span class='ocrx_word' id='word_1_287' title='bbox 861 2814 918 2849; x_wconf 87' lang='lat' dir='ltr'>illa</span> <span class='ocrx_word' id='word_1_288' title='bbox 932 2813 1104 2860; x_wconf 84' lang='lat' dir='ltr'>Religiosi-</span> 
     </span>
     <span class='ocr_line' id='line_1_45' title="bbox 209 2863 435 2903; baseline -0.018 -3"><span class='ocrx_word' id='word_1_289' title='bbox 209 2865 279 2903; x_wconf 57' lang='grc' dir='ltr'>τιεί</span> <span class='ocrx_word' id='word_1_290' title='bbox 300 2863 435 2899; x_wconf 87' lang='lat' dir='ltr'>direxi.</span> 
     </span>
    </p>
   </div>
   <div class='ocr_carea' id='block_1_8' title="bbox 407 3006 900 3069">
    <p class='ocr_par' dir='ltr' id='par_1_8' title="bbox 407 3006 900 3069">
     <span class='ocr_line' id='line_1_46' title="bbox 407 3006 900 3069; baseline 0.008 -4"><span class='ocrx_word' id='word_1_291' title='bbox 407 3006 900 3069; x_wconf 56' lang='lat' dir='ltr'>Scuor&#39;1ou.</span> 
     </span>
    </p>
   </div>
   <div class='ocr_carea' id='block_1_9' title="bbox 212 3164 1106 3463">
    <p class='ocr_par' dir='ltr' id='par_1_9' title="bbox 212 3164 1106 3463">
     <span class='ocr_line' id='line_1_47' title="bbox 326 3164 1105 3213; baseline 0 -12"><span class='ocrx_word' id='word_1_292' title='bbox 326 3166 396 3201; x_wconf 85' lang='lat' dir='ltr'>AEc</span> <span class='ocrx_word' id='word_1_293' title='bbox 416 3165 554 3211; x_wconf 81' lang='lat' dir='ltr'>epistola</span> <span class='ocrx_word' id='word_1_294' title='bbox 576 3164 641 3202; x_wconf 70' lang='lat' dir='ltr'>alte</span> <span class='ocrx_word' id='word_1_295' title='bbox 659 3167 800 3211; x_wconf 85' lang='lat' dir='ltr'>clamat,</span> <span class='ocrx_word' id='word_1_296' title='bbox 825 3169 914 3213; x_wconf 90' lang='lat' dir='ltr'>quod</span> <span class='ocrx_word' id='word_1_297' title='bbox 940 3167 1105 3205; x_wconf 89' lang='lat' dir='ltr'>Rabbulas</span> 
     </span>
     <span class='ocr_line' id='line_1_48' title="bbox 311 3214 1105 3264; baseline 0 -12"><span class='ocrx_word' id='word_1_298' title='bbox 311 3236 313 3238; x_wconf 89' lang='lat'><em>-</em></span> <span class='ocrx_word' id='word_1_299' title='bbox 344 3214 474 3252; x_wconf 81' lang='lat' dir='ltr'>&#39;dudum</span> <span class='ocrx_word' id='word_1_300' title='bbox 496 3225 574 3251; x_wconf 87' lang='lat' dir='ltr'>ante</span> <span class='ocrx_word' id='word_1_301' title='bbox 591 3216 755 3260; x_wconf 72' lang='lat' dir='ltr'>jastumin</span> <span class='ocrx_word' id='word_1_302' title='bbox 765 3217 941 3256; x_wconf 88' lang='lat' dir='ltr'>Theodori</span> <span class='ocrx_word' id='word_1_303' title='bbox 953 3220 1105 3264; x_wconf 89' lang='lat' dir='ltr'>Mopsue-</span> 
     </span>
     <span class='ocr_line' id='line_1_49' title="bbox 212 3266 1104 3312; baseline 0 -10"><span class='ocrx_word' id='word_1_304' title='bbox 212 3267 297 3302; x_wconf 72' lang='lat' dir='ltr'>steni</span> <span class='ocrx_word' id='word_1_305' title='bbox 317 3266 418 3302; x_wconf 89' lang='lat' dir='ltr'>libros</span> <span class='ocrx_word' id='word_1_306' title='bbox 442 3278 481 3302; x_wconf 89' lang='lat' dir='ltr'>ac</span> <span class='ocrx_word' id='word_1_307' title='bbox 496 3267 664 3310; x_wconf 86' lang='lat' dir='ltr'>personam</span> <span class='ocrx_word' id='word_1_308' title='bbox 676 3267 872 3312; x_wconf 81' lang='lat' dir='ltr'>anathema,</span> <span class='ocrx_word' id='word_1_309' title='bbox 900 3271 1054 3305; x_wconf 88' lang='lat' dir='ltr'>intimam</span> <span class='ocrx_word' id='word_1_310' title='bbox 1066 3280 1104 3304; x_wconf 93' lang='lat' dir='ltr'>ac</span> 
     </span>
     <span class='ocr_line' id='line_1_50' title="bbox 213 3317 1106 3361; baseline 0.003 -11"><span class='ocrx_word' id='word_1_311' title='bbox 213 3318 369 3354; x_wconf 75' lang='lat' dir='ltr'>secretam</span> <span class='ocrx_word' id='word_1_312' title='bbox 388 3329 465 3351; x_wconf 87' lang='lat' dir='ltr'>cum</span> <span class='ocrx_word' id='word_1_313' title='bbox 482 3317 604 3351; x_wconf 74' lang='lat' dir='ltr'>Sansto</span> <span class='ocrx_word' id='word_1_314' title='bbox 626 3317 756 3361; x_wconf 91' lang='lat' dir='ltr'>Cyrillo</span> <span class='ocrx_word' id='word_1_315' title='bbox 778 3318 1035 3355; x_wconf 77' lang='lat' dir='ltr'>familiaritatem</span> <span class='ocrx_word' id='word_1_316' title='bbox 1049 3319 1106 3353; x_wconf 92' lang='lat' dir='ltr'>ha-</span> 
     </span>
     <span class='ocr_line' id='line_1_51' title="bbox 214 3365 1106 3413; baseline 0.002 -13"><span class='ocrx_word' id='word_1_317' title='bbox 214 3365 343 3407; x_wconf 73' lang='lat' dir='ltr'>buerit,</span> <span class='ocrx_word' id='word_1_318' title='bbox 369 3366 512 3411; x_wconf 87' lang='lat' dir='ltr'>ideoque</span> <span class='ocrx_word' id='word_1_319' title='bbox 531 3366 663 3411; x_wconf 87' lang='lat' dir='ltr'>Epheso</span> <span class='ocrx_word' id='word_1_320' title='bbox 685 3368 790 3404; x_wconf 83' lang='lat' dir='ltr'>redux</span> <span class='ocrx_word' id='word_1_321' title='bbox 814 3369 950 3413; x_wconf 82' lang='lat' dir='ltr'>Ioannis</span> <span class='ocrx_word' id='word_1_322' title='bbox 969 3369 1106 3405; x_wconf 86' lang='lat' dir='ltr'>Patriar-</span> 
     </span>
     <span class='ocr_line' id='line_1_52' title="bbox 315 3415 733 3463; baseline 0.005 -13"><span class='ocrx_word' id='word_1_323' title='bbox 315 3415 421 3459; x_wconf 70' lang='lat' dir='ltr'>Christ.</span> <span class='ocrx_word' id='word_1_324' title='bbox 435 3420 515 3461; x_wconf 82' lang='lat' dir='ltr'>Lupi</span> <span class='ocrx_word' id='word_1_325' title='bbox 526 3421 623 3463; x_wconf 77' lang='lat' dir='ltr'>Opera</span> <span class='ocrx_word' id='word_1_326' title='bbox 634 3421 733 3453; x_wconf 85' lang='lat' dir='ltr'><strong><em>T.V11.</em></strong></span> 
     </span>
    </p>
   </div>
   <div class='ocr_carea' id='block_1_10' title="bbox 1139 882 1162 3139">
    <p class='ocr_par' dir='ltr' id='par_1_10' title="bbox 1139 882 1162 3139">
     <span class='ocr_line' id='line_1_53' title="bbox 1139 882 1162 3139; baseline 0 -2247"><span class='ocrx_word' id='word_1_327' title='bbox 1139 882 1162 3139; x_wconf 95' lang='lat' dir='ltr'>    </span> 
     </span>
    </p>
   </div>
   <div class='ocr_carea' id='block_1_11' title="bbox 1877 195 1972 243">
    <p class='ocr_par' dir='ltr' id='par_1_11' title="bbox 1877 195 1972 243">
     <span class='ocr_line' id='line_1_54' title="bbox 1877 195 1972 243; baseline -0.011 -11"><span class='ocrx_word' id='word_1_328' title='bbox 1877 195 1972 243; x_wconf 83' lang='lat'>265</span> 
     </span>
    </p>
   </div>
   <div class='ocr_carea' id='block_1_12' title="bbox 1158 263 2040 359">
    <p class='ocr_par' dir='ltr' id='par_1_12' title="bbox 1158 263 2040 359">
     <span class='ocr_line' id='line_1_55' title="bbox 1158 263 2040 306; baseline 0.006 -7"><span class='ocrx_word' id='word_1_329' title='bbox 1158 263 1225 299; x_wconf 85' lang='lat' dir='ltr'>chae</span> <span class='ocrx_word' id='word_1_330' title='bbox 1246 265 1422 300; x_wconf 64' lang='lat' dir='ltr'>faitionem</span> <span class='ocrx_word' id='word_1_331' title='bbox 1445 264 1555 300; x_wconf 88' lang='lat' dir='ltr'>statim</span> <span class='ocrx_word' id='word_1_332' title='bbox 1575 263 1763 301; x_wconf 89' lang='lat' dir='ltr'>deseruerit:</span> <span class='ocrx_word' id='word_1_333' title='bbox 1789 269 1885 306; x_wconf 88' lang='lat' dir='ltr'>Licet</span> <span class='ocrx_word' id='word_1_334' title='bbox 1906 282 1976 306; x_wconf 86' lang='lat' dir='ltr'>non</span> <span class='ocrx_word' id='word_1_335' title='bbox 1987 280 2040 304; x_wconf 85' lang='lat' dir='ltr'>ex·</span> 
     </span>
     <span class='ocr_line' id='line_1_56' title="bbox 1158 316 2038 359; baseline 0.003 -10"><span class='ocrx_word' id='word_1_336' title='bbox 1158 325 1254 349; x_wconf 89' lang='lat' dir='ltr'>terno</span> <span class='ocrx_word' id='word_1_337' title='bbox 1265 316 1395 350; x_wconf 80' lang='lat' dir='ltr'>forsitan</span> <span class='ocrx_word' id='word_1_338' title='bbox 1416 327 1512 359; x_wconf 86' lang='lat' dir='ltr'>opere</span> <span class='ocrx_word' id='word_1_339' title='bbox 1525 339 1536 355; x_wconf 91' lang='lat'>,</span> <span class='ocrx_word' id='word_1_340' title='bbox 1562 325 1671 349; x_wconf 90' lang='lat' dir='ltr'>tamen</span> <span class='ocrx_word' id='word_1_341' title='bbox 1690 316 1801 351; x_wconf 86' lang='lat' dir='ltr'>animo</span> <span class='ocrx_word' id='word_1_342' title='bbox 1813 343 1820 350; x_wconf 91' lang='lat'><strong>.</strong></span> <span class='ocrx_word' id='word_1_343' title='bbox 1847 321 1929 355; x_wconf 80' lang='lat' dir='ltr'>Haec</span> <span class='ocrx_word' id='word_1_344' title='bbox 1946 321 2038 356; x_wconf 83' lang='lat' dir='ltr'>enim</span> 
     </span>
    </p>
   </div>
   <div class='ocr_carea' id='block_1_13' title="bbox 1160 365 2050 959">
    <p class='ocr_par' dir='ltr' id='par_1_13' title="bbox 1160 365 2050 959">
     <span class='ocr_line' id='line_1_57' title="bbox 1160 365 2037 412; baseline 0.003 -13"><span class='ocrx_word' id='word_1_345' title='bbox 1160 366 1295 408; x_wconf 84' lang='lat' dir='ltr'>epistola</span> <span class='ocrx_word' id='word_1_346' title='bbox 1317 366 1364 400; x_wconf 82' lang='lat' dir='ltr'>est</span> <span class='ocrx_word' id='word_1_347' title='bbox 1384 366 1499 409; x_wconf 88' lang='lat' dir='ltr'>scripta</span> <span class='ocrx_word' id='word_1_348' title='bbox 1519 365 1629 400; x_wconf 85' lang='lat' dir='ltr'>statim</span> <span class='ocrx_word' id='word_1_349' title='bbox 1647 365 1717 409; x_wconf 88' lang='lat' dir='ltr'>post</span> <span class='ocrx_word' id='word_1_350' title='bbox 1729 367 1912 403; x_wconf 87' lang='lat' dir='ltr'>conclusam</span> <span class='ocrx_word' id='word_1_351' title='bbox 1925 382 2037 412; x_wconf 84' lang='lat' dir='ltr'>pacem</span> 
     </span>
     <span class='ocr_line' id='line_1_58' title="bbox 1162 413 2040 459; baseline 0.006 -10"><span class='ocrx_word' id='word_1_352' title='bbox 1162 415 1299 450; x_wconf 89' lang='lat' dir='ltr'>biennio</span> <span class='ocrx_word' id='word_1_353' title='bbox 1321 426 1377 451; x_wconf 89' lang='lat' dir='ltr'>aut</span> <span class='ocrx_word' id='word_1_354' title='bbox 1406 416 1551 450; x_wconf 89' lang='lat' dir='ltr'>triennio</span> <span class='ocrx_word' id='word_1_355' title='bbox 1572 425 1648 450; x_wconf 90' lang='lat' dir='ltr'>ante</span> <span class='ocrx_word' id='word_1_356' title='bbox 1680 413 1853 451; x_wconf 87' lang='lat' dir='ltr'>anathema</span> <span class='ocrx_word' id='word_1_357' title='bbox 1867 441 1876 456; x_wconf 96' lang='lat'>,</span> <span class='ocrx_word' id='word_1_358' title='bbox 1896 418 2040 459; x_wconf 79' lang='lat' dir='ltr'>Cyrinus</span> 
     </span>
     <span class='ocr_line' id='line_1_59' title="bbox 1162 465 2043 510; baseline 0.005 -12"><span class='ocrx_word' id='word_1_359' title='bbox 1162 465 1319 500; x_wconf 78' lang='lat' dir='ltr'>Rabbulae</span> <span class='ocrx_word' id='word_1_360' title='bbox 1339 467 1477 510; x_wconf 82' lang='lat' dir='ltr'>exponit</span> <span class='ocrx_word' id='word_1_361' title='bbox 1499 477 1633 501; x_wconf 87' lang='lat' dir='ltr'>omnem</span> <span class='ocrx_word' id='word_1_362' title='bbox 1645 466 1732 510; x_wconf 88' lang='lat' dir='ltr'>pacis</span> <span class='ocrx_word' id='word_1_363' title='bbox 1742 466 1913 500; x_wconf 70' lang='lat' dir='ltr'>tractatum</span> <span class='ocrx_word' id='word_1_364' title='bbox 1926 479 1936 499; x_wconf 90' lang='grc'>.-</span> <span class='ocrx_word' id='word_1_365' title='bbox 1964 467 2043 509; x_wconf 79' lang='lat' dir='ltr'>Ejus</span> 
     </span>
     <span class='ocr_line' id='line_1_60' title="bbox 1161 515 2044 562; baseline 0.001 -13"><span class='ocrx_word' id='word_1_366' title='bbox 1161 516 1353 558; x_wconf 87' lang='lat' dir='ltr'>exordium,</span> <span class='ocrx_word' id='word_1_367' title='bbox 1379 517 1600 562; x_wconf 79' lang='lat' dir='ltr'>progressum,</span> <span class='ocrx_word' id='word_1_368' title='bbox 1626 515 1748 557; x_wconf 85' lang='lat' dir='ltr'>finem,</span> <span class='ocrx_word' id='word_1_369' title='bbox 1773 515 1900 562; x_wconf 81' lang='lat' dir='ltr'>singula</span> <span class='ocrx_word' id='word_1_370' title='bbox 1913 527 2044 551; x_wconf 89' lang='lat' dir='ltr'>arcana.</span> 
     </span>
     <span class='ocr_line' id='line_1_61' title="bbox 1163 565 2044 610; baseline 0.005 -12"><span class='ocrx_word' id='word_1_371' title='bbox 1163 565 1206 599; x_wconf 86' lang='lat' dir='ltr'>Et</span> <span class='ocrx_word' id='word_1_372' title='bbox 1226 568 1328 601; x_wconf 89' lang='lat' dir='ltr'>mittit</span> <span class='ocrx_word' id='word_1_373' title='bbox 1348 569 1538 601; x_wconf 70' lang='lat' dir='ltr'>cunctarum</span> <span class='ocrx_word' id='word_1_374' title='bbox 1558 566 1647 601; x_wconf 90' lang='lat' dir='ltr'>ultro</span> <span class='ocrx_word' id='word_1_375' title='bbox 1669 567 1818 610; x_wconf 84' lang='lat' dir='ltr'>citroque</span> <span class='ocrx_word' id='word_1_376' title='bbox 1837 565 2044 609; x_wconf 89' lang='lat' dir='ltr'>epistolarum</span> 
     </span>
     <span class='ocr_line' id='line_1_62' title="bbox 1161 614 2045 661; baseline 0 -12"><span class='ocrx_word' id='word_1_377' title='bbox 1161 616 1358 660; x_wconf 80' lang='lat' dir='ltr'>exemplaria</span> <span class='ocrx_word' id='word_1_378' title='bbox 1380 642 1388 650; x_wconf 94' lang='lat'><strong><em>.</em></strong></span> <span class='ocrx_word' id='word_1_379' title='bbox 1416 617 1461 651; x_wconf 90' lang='lat' dir='ltr'>Et</span> <span class='ocrx_word' id='word_1_380' title='bbox 1490 617 1645 652; x_wconf 87' lang='lat' dir='ltr'>existimo</span> <span class='ocrx_word' id='word_1_381' title='bbox 1664 642 1676 658; x_wconf 94' lang='lat'>,</span> <span class='ocrx_word' id='word_1_382' title='bbox 1704 616 1795 661; x_wconf 90' lang='lat' dir='ltr'>quod</span> <span class='ocrx_word' id='word_1_383' title='bbox 1817 616 1931 650; x_wconf 90' lang='lat' dir='ltr'>omnia</span> <span class='ocrx_word' id='word_1_384' title='bbox 1955 614 2045 656; x_wconf 85' lang='lat' dir='ltr'>haec,</span> 
     </span>
     <span class='ocr_line' id='line_1_63' title="bbox 1163 665 2046 711; baseline 0.001 -12"><span class='ocrx_word' id='word_1_385' title='bbox 1163 666 1272 699; x_wconf 89' lang='lat' dir='ltr'>nescio</span> <span class='ocrx_word' id='word_1_386' title='bbox 1283 678 1346 710; x_wconf 92' lang='lat' dir='ltr'>qua</span> <span class='ocrx_word' id='word_1_387' title='bbox 1361 668 1413 700; x_wconf 90' lang='lat' dir='ltr'>via</span> <span class='ocrx_word' id='word_1_388' title='bbox 1426 691 1437 707; x_wconf 93' lang='lat'>,</span> <span class='ocrx_word' id='word_1_389' title='bbox 1466 668 1677 711; x_wconf 82' lang='lat' dir='ltr'>perscrutatus</span> <span class='ocrx_word' id='word_1_390' title='bbox 1686 665 1877 710; x_wconf 84' lang='lat' dir='ltr'>Presbyter,</span> <span class='ocrx_word' id='word_1_391' title='bbox 1902 677 1943 701; x_wconf 82' lang='lat' dir='ltr'>ex</span> <span class='ocrx_word' id='word_1_392' title='bbox 1965 675 2046 701; x_wconf 91' lang='lat' dir='ltr'>tunc</span> 
     </span>
     <span class='ocr_line' id='line_1_64' title="bbox 1161 717 2047 761; baseline 0.001 -12"><span class='ocrx_word' id='word_1_393' title='bbox 1161 717 1295 759; x_wconf 83' lang='lat' dir='ltr'>coeperit</span> <span class='ocrx_word' id='word_1_394' title='bbox 1316 717 1443 750; x_wconf 83' lang='lat' dir='ltr'>moveri</span> <span class='ocrx_word' id='word_1_395' title='bbox 1461 717 1614 752; x_wconf 79' lang='lat' dir='ltr'>adversus</span> <span class='ocrx_word' id='word_1_396' title='bbox 1634 718 1728 752; x_wconf 86' lang='lat' dir='ltr'>suum</span> <span class='ocrx_word' id='word_1_397' title='bbox 1741 717 1940 761; x_wconf 86' lang='lat' dir='ltr'>Episcopum</span> <span class='ocrx_word' id='word_1_398' title='bbox 1952 741 1959 748; x_wconf 90' lang='lat'><strong>.</strong></span> <span class='ocrx_word' id='word_1_399' title='bbox 1986 717 2047 750; x_wconf 89' lang='lat' dir='ltr'>At-</span> 
     </span>
     <span class='ocr_line' id='line_1_65' title="bbox 1161 766 2049 811; baseline 0.001 -12"><span class='ocrx_word' id='word_1_400' title='bbox 1161 776 1271 799; x_wconf 91' lang='lat' dir='ltr'>tamen</span> <span class='ocrx_word' id='word_1_401' title='bbox 1293 775 1373 800; x_wconf 88' lang='lat' dir='ltr'>tunc</span> <span class='ocrx_word' id='word_1_402' title='bbox 1394 766 1534 800; x_wconf 90' lang='lat' dir='ltr'>necdum</span> <span class='ocrx_word' id='word_1_403' title='bbox 1556 768 1678 811; x_wconf 86' lang='lat' dir='ltr'>scripfit</span> <span class='ocrx_word' id='word_1_404' title='bbox 1702 768 1860 802; x_wconf 85' lang='lat' dir='ltr'>famosam</span> <span class='ocrx_word' id='word_1_405' title='bbox 1870 768 1958 800; x_wconf 89' lang='lat' dir='ltr'>suam</span> <span class='ocrx_word' id='word_1_406' title='bbox 1971 767 2049 809; x_wconf 85' lang='lat' dir='ltr'>Epi-</span> 
     </span>
     <span class='ocr_line' id='line_1_66' title="bbox 1162 815 2048 860; baseline 0 -11"><span class='ocrx_word' id='word_1_407' title='bbox 1162 815 1280 849; x_wconf 84' lang='lat' dir='ltr'>stolam</span> <span class='ocrx_word' id='word_1_408' title='bbox 1300 816 1342 850; x_wconf 89' lang='lat' dir='ltr'>ad</span> <span class='ocrx_word' id='word_1_409' title='bbox 1362 816 1486 849; x_wconf 91' lang='lat' dir='ltr'>Marim</span> <span class='ocrx_word' id='word_1_410' title='bbox 1499 842 1506 848; x_wconf 93' lang='lat'>.</span> <span class='ocrx_word' id='word_1_411' title='bbox 1535 817 1635 851; x_wconf 90' lang='lat' dir='ltr'>Hanc</span> <span class='ocrx_word' id='word_1_412' title='bbox 1668 828 1737 852; x_wconf 91' lang='lat' dir='ltr'>non</span> <span class='ocrx_word' id='word_1_413' title='bbox 1758 815 1879 860; x_wconf 76' lang='lat' dir='ltr'>scripsit</span> <span class='ocrx_word' id='word_1_414' title='bbox 1904 816 1962 850; x_wconf 86' lang='lat' dir='ltr'>nifi</span> <span class='ocrx_word' id='word_1_415' title='bbox 1977 816 2048 859; x_wconf 84' lang='lat' dir='ltr'>post</span> 
     </span>
     <span class='ocr_line' id='line_1_67' title="bbox 1164 864 2049 910; baseline 0.001 -11"><span class='ocrx_word' id='word_1_416' title='bbox 1164 864 1353 901; x_wconf 86' lang='lat' dir='ltr'>Anatherna</span> <span class='ocrx_word' id='word_1_417' title='bbox 1374 894 1381 900; x_wconf 94' lang='lat'>.</span> <span class='ocrx_word' id='word_1_418' title='bbox 1409 864 1552 900; x_wconf 89' lang='lat' dir='ltr'>Videtur</span> <span class='ocrx_word' id='word_1_419' title='bbox 1585 877 1654 899; x_wconf 89' lang='lat' dir='ltr'>non</span> <span class='ocrx_word' id='word_1_420' title='bbox 1687 865 1906 902; x_wconf 89' lang='lat' dir='ltr'>dubitandum</span> <span class='ocrx_word' id='word_1_421' title='bbox 1929 891 1941 908; x_wconf 93' lang='lat'>,</span> <span class='ocrx_word' id='word_1_422' title='bbox 1966 867 2049 910; x_wconf 89' lang='lat' dir='ltr'>quin</span> 
     </span>
     <span class='ocr_line' id='line_1_68' title="bbox 1163 914 2050 959; baseline 0.001 -10"><span class='ocrx_word' id='word_1_423' title='bbox 1163 917 1268 959; x_wconf 81' lang='lat' dir='ltr'>plures</span> <span class='ocrx_word' id='word_1_424' title='bbox 1279 917 1363 950; x_wconf 88' lang='lat' dir='ltr'>inter</span> <span class='ocrx_word' id='word_1_425' title='bbox 1376 916 1542 959; x_wconf 86' lang='lat' dir='ltr'>Cyrillum</span> <span class='ocrx_word' id='word_1_426' title='bbox 1553 927 1591 950; x_wconf 91' lang='lat' dir='ltr'>ac</span> <span class='ocrx_word' id='word_1_427' title='bbox 1602 914 1790 951; x_wconf 87' lang='lat' dir='ltr'>Rabbulam</span> <span class='ocrx_word' id='word_1_428' title='bbox 1811 917 1925 951; x_wconf 85' lang='lat' dir='ltr'>litterae</span> <span class='ocrx_word' id='word_1_429' title='bbox 1937 928 2050 951; x_wconf 88' lang='lat' dir='ltr'>cucur-</span> 
     </span>
    </p>
   </div>
   <div class='ocr_carea' id='block_1_14' title="bbox 1158 964 2051 1011">
    <p class='ocr_par' dir='ltr' id='par_1_14' title="bbox 1158 964 2051 1011">
     <span class='ocr_line' id='line_1_69' title="bbox 1158 964 2051 1011; baseline 0.001 -10"><span class='ocrx_word' id='word_1_430' title='bbox 1158 966 1286 1006; x_wconf 82' lang='lat' dir='ltr'>rerint,</span> <span class='ocrx_word' id='word_1_431' title='bbox 1313 965 1453 1010; x_wconf 88' lang='lat' dir='ltr'>ideoque</span> <span class='ocrx_word' id='word_1_432' title='bbox 1472 965 1648 1003; x_wconf 88' lang='lat' dir='ltr'>Theodori</span> <span class='ocrx_word' id='word_1_433' title='bbox 1671 964 1845 1001; x_wconf 87' lang='lat' dir='ltr'>anathema</span> <span class='ocrx_word' id='word_1_434' title='bbox 1868 967 2051 1011; x_wconf 79' lang='lat' dir='ltr'>procefferit</span> 
     </span>
    </p>
   </div>
   <div class='ocr_carea' id='block_1_15' title="bbox 1164 1015 1503 1053">
    <p class='ocr_par' dir='ltr' id='par_1_15' title="bbox 1164 1015 1503 1053">
     <span class='ocr_line' id='line_1_70' title="bbox 1164 1015 1503 1053; baseline -0.006 -1"><span class='ocrx_word' id='word_1_435' title='bbox 1164 1029 1205 1052; x_wconf 83' lang='lat' dir='ltr'>ex</span> <span class='ocrx_word' id='word_1_436' title='bbox 1216 1026 1334 1052; x_wconf 89' lang='lat' dir='ltr'>mutuo</span> <span class='ocrx_word' id='word_1_437' title='bbox 1344 1015 1482 1053; x_wconf 85' lang='lat' dir='ltr'>consilio</span> <span class='ocrx_word' id='word_1_438' title='bbox 1494 1042 1503 1053; x_wconf 84' lang='lat'>.</span> 
     </span>
    </p>
   </div>
   <div class='ocr_carea' id='block_1_16' title="bbox 1404 1276 2061 1340">
    <p class='ocr_par' dir='ltr' id='par_1_16' title="bbox 1404 1276 2061 1340">
     <span class='ocr_line' id='line_1_71' title="bbox 1404 1276 2061 1340; baseline -0.003 -14"><span class='ocrx_word' id='word_1_439' title='bbox 1404 1276 1673 1329; x_wconf 91' lang='lat' dir='ltr'>CAPUT</span> <span class='ocrx_word' id='word_1_440' title='bbox 1708 1280 1831 1327; x_wconf 88' lang='lat' dir='ltr'><strong>CIX.</strong></span> <span class='ocrx_word' id='word_1_441' title='bbox 1891 1292 2061 1340; x_wconf 85' lang='lat'>--197</span> 
     </span>
    </p>
   </div>
   <div class='ocr_carea' id='block_1_17' title="bbox 1166 1416 2051 1490">
    <p class='ocr_par' dir='ltr' id='par_1_17' title="bbox 1166 1416 2051 1490">
     <span class='ocr_line' id='line_1_72' title="bbox 1166 1416 2051 1490; baseline -0.006 -22"><span class='ocrx_word' id='word_1_442' title='bbox 1166 1417 1341 1490; x_wconf 60' lang='lat' dir='ltr'>Epistola</span> <span class='ocrx_word' id='word_1_443' title='bbox 1386 1416 1612 1467; x_wconf 73' lang='lat' dir='ltr'>Maximini</span> <span class='ocrx_word' id='word_1_444' title='bbox 1650 1417 1703 1465; x_wconf 83' lang='lat' dir='ltr'>ad</span> <span class='ocrx_word' id='word_1_445' title='bbox 1753 1416 2018 1467; x_wconf 75' lang='lat' dir='ltr'>Alexandrum</span> <span class='ocrx_word' id='word_1_446' title='bbox 2037 1449 2051 1475; x_wconf 90' lang='lat'>,</span> 
     </span>
    </p>
   </div>
   <div class='ocr_carea' id='block_1_18' title="bbox 1237 1485 1988 1677">
    <p class='ocr_par' dir='ltr' id='par_1_18' title="bbox 1237 1485 1988 1677">
     <span class='ocr_line' id='line_1_73' title="bbox 1237 1485 1988 1558; baseline -0.005 -21"><span class='ocrx_word' id='word_1_447' title='bbox 1237 1507 1352 1558; x_wconf 72' lang='lat' dir='ltr'>quam</span> <span class='ocrx_word' id='word_1_448' title='bbox 1378 1487 1536 1557; x_wconf 63' lang='lat' dir='ltr'>firl&#39;pfis</span> <span class='ocrx_word' id='word_1_449' title='bbox 1570 1525 1585 1550; x_wconf 78' lang='grc'>,</span> <span class='ocrx_word' id='word_1_450' title='bbox 1638 1486 1728 1536; x_wconf 83' lang='lat' dir='ltr'>dum</span> <span class='ocrx_word' id='word_1_451' title='bbox 1768 1485 1988 1556; x_wconf 73' lang='lat' dir='ltr'>cognovz&#39;ffi’t</span> 
     </span>
     <span class='ocr_line' id='line_1_74' title="bbox 1375 1558 1848 1617; baseline 0 -12"><span class='ocrx_word' id='word_1_452' title='bbox 1375 1558 1417 1606; x_wconf 84' lang='lat' dir='ltr'>de</span> <span class='ocrx_word' id='word_1_453' title='bbox 1460 1558 1613 1606; x_wconf 81' lang='lat' dir='ltr'>Andrea</span> <span class='ocrx_word' id='word_1_454' title='bbox 1643 1594 1656 1617; x_wconf 87' lang='lat'>‚</span> <span class='ocrx_word' id='word_1_455' title='bbox 1709 1563 1768 1604; x_wconf 57' lang='grc' dir='ltr'>Φ</span> <span class='ocrx_word' id='word_1_456' title='bbox 1805 1559 1848 1605; x_wconf 80' lang='lat' dir='ltr'>de</span> 
     </span>
     <span class='ocr_line' id='line_1_75' title="bbox 1470 1631 1741 1677; baseline 0.004 -1"><span class='ocrx_word' id='word_1_457' title='bbox 1470 1631 1741 1677; x_wconf 77' lang='lat' dir='ltr'>Germaniciae.</span> 
     </span>
    </p>
   </div>
   <div class='ocr_carea' id='block_1_19' title="bbox 1273 1766 2059 1814">
    <p class='ocr_par' dir='ltr' id='par_1_19' title="bbox 1273 1766 2059 1814">
     <span class='ocr_line' id='line_1_76' title="bbox 1273 1766 2059 1814; baseline -0.005 -9"><span class='ocrx_word' id='word_1_458' title='bbox 1273 1768 1361 1806; x_wconf 70' lang='lat' dir='ltr'>Arde</span> <span class='ocrx_word' id='word_1_459' title='bbox 1373 1769 1527 1804; x_wconf 82' lang='lat' dir='ltr'>confusus</span> <span class='ocrx_word' id='word_1_460' title='bbox 1541 1770 1614 1804; x_wconf 89' lang='lat' dir='ltr'>sum</span> <span class='ocrx_word' id='word_1_461' title='bbox 1630 1792 1641 1809; x_wconf 95' lang='lat'>‚</span> <span class='ocrx_word' id='word_1_462' title='bbox 1667 1769 1872 1814; x_wconf 84' lang='lat' dir='ltr'>cognoscens</span> <span class='ocrx_word' id='word_1_463' title='bbox 1890 1779 1931 1803; x_wconf 86' lang='lat' dir='ltr'>ex</span> <span class='ocrx_word' id='word_1_464' title='bbox 1944 1766 2059 1802; x_wconf 86' lang='lat' dir='ltr'>litteris</span> 
     </span>
    </p>
   </div>
   <div class='ocr_carea' id='block_1_20' title="bbox 1299 1818 2113 1862">
    <p class='ocr_par' dir='ltr' id='par_1_20' title="bbox 1299 1818 2113 1862">
     <span class='ocr_line' id='line_1_77' title="bbox 1299 1818 2113 1862; baseline -0.002 -9"><span class='ocrx_word' id='word_1_465' title='bbox 1299 1830 1359 1854; x_wconf 65' lang='grc' dir='ltr'>ωε</span> <span class='ocrx_word' id='word_1_466' title='bbox 1371 1819 1559 1853; x_wconf 75' lang='lat' dir='ltr'>Sanstitatis</span> <span class='ocrx_word' id='word_1_467' title='bbox 1570 1819 1666 1854; x_wconf 88' lang='lat' dir='ltr'>illum</span> <span class='ocrx_word' id='word_1_468' title='bbox 1677 1843 1688 1860; x_wconf 94' lang='lat'>‚</span> <span class='ocrx_word' id='word_1_469' title='bbox 1706 1819 1763 1862; x_wconf 86' lang='lat' dir='ltr'>qui</span> <span class='ocrx_word' id='word_1_470' title='bbox 1775 1819 1820 1853; x_wconf 87' lang='lat' dir='ltr'>est</span> <span class='ocrx_word' id='word_1_471' title='bbox 1833 1818 2059 1856; x_wconf 82' lang='lat' dir='ltr'>Germaniciae.</span> <span class='ocrx_word' id='word_1_472' title='bbox 2097 1837 2113 1841; x_wconf 28' lang='grc' dir='ltr'>«ν</span> 
     </span>
    </p>
   </div>
   <div class='ocr_carea' id='block_1_21' title="bbox 1167 1867 2062 2711">
    <p class='ocr_par' dir='ltr' id='par_1_21' title="bbox 1167 1867 2062 2711">
     <span class='ocr_line' id='line_1_78' title="bbox 1167 1867 2060 1911; baseline -0.006 -6"><span class='ocrx_word' id='word_1_473' title='bbox 1167 1872 1202 1905; x_wconf 90' lang='lat'>&amp;</span> <span class='ocrx_word' id='word_1_474' title='bbox 1223 1881 1300 1904; x_wconf 88' lang='lat' dir='ltr'>eum</span> <span class='ocrx_word' id='word_1_475' title='bbox 1326 1869 1383 1911; x_wconf 91' lang='lat' dir='ltr'>qui</span> <span class='ocrx_word' id='word_1_476' title='bbox 1409 1868 1455 1902; x_wconf 86' lang='lat' dir='ltr'>est</span> <span class='ocrx_word' id='word_1_477' title='bbox 1470 1869 1755 1903; x_wconf 88' lang='lat' dir='ltr'>Samosatenorum</span> <span class='ocrx_word' id='word_1_478' title='bbox 1769 1891 1780 1907; x_wconf 91' lang='lat'>‚</span> <span class='ocrx_word' id='word_1_479' title='bbox 1802 1869 1903 1902; x_wconf 86' lang='lat' dir='ltr'>semet</span> <span class='ocrx_word' id='word_1_480' title='bbox 1929 1868 2014 1911; x_wconf 87' lang='lat' dir='ltr'>ipsos</span> <span class='ocrx_word' id='word_1_481' title='bbox 2039 1867 2060 1900; x_wconf 71' lang='lat' dir='ltr'>a</span> 
     </span>
     <span class='ocr_line' id='line_1_79' title="bbox 1169 1918 2058 1963; baseline -0.003 -9"><span class='ocrx_word' id='word_1_482' title='bbox 1169 1921 1278 1955; x_wconf 68' lang='lat' dir='ltr'>saneto</span> <span class='ocrx_word' id='word_1_483' title='bbox 1301 1919 1407 1952; x_wconf 84' lang='lat' dir='ltr'>vestro</span> <span class='ocrx_word' id='word_1_484' title='bbox 1424 1918 1577 1961; x_wconf 66' lang='lat' dir='ltr'>dirupisse</span> <span class='ocrx_word' id='word_1_485' title='bbox 1593 1919 1737 1963; x_wconf 79' lang='lat' dir='ltr'>Judicio.</span> <span class='ocrx_word' id='word_1_486' title='bbox 1764 1918 1847 1953; x_wconf 90' lang='lat' dir='ltr'>Non</span> <span class='ocrx_word' id='word_1_487' title='bbox 1871 1919 2058 1956; x_wconf 81' lang='lat' dir='ltr'>crederem,</span> 
     </span>
     <span class='ocr_line' id='line_1_80' title="bbox 1168 1966 2061 2004; baseline -0.003 0"><span class='ocrx_word' id='word_1_488' title='bbox 1168 1971 1190 2004; x_wconf 86' lang='lat' dir='ltr'>si</span> <span class='ocrx_word' id='word_1_489' title='bbox 1205 1970 1239 2004; x_wconf 90' lang='lat' dir='ltr'>id</span> <span class='ocrx_word' id='word_1_490' title='bbox 1252 1969 1459 2003; x_wconf 84' lang='lat' dir='ltr'>nuntiaretur</span> <span class='ocrx_word' id='word_1_491' title='bbox 1470 1967 1512 2002; x_wconf 88' lang='lat' dir='ltr'>ab</span> <span class='ocrx_word' id='word_1_492' title='bbox 1532 1968 1653 2001; x_wconf 85' lang='lat' dir='ltr'>altero.</span> <span class='ocrx_word' id='word_1_493' title='bbox 1681 1966 1921 2001; x_wconf 86' lang='lat' dir='ltr'>Verumtamen</span> <span class='ocrx_word' id='word_1_494' title='bbox 1949 1969 1983 2000; x_wconf 90' lang='lat'>&amp;</span> <span class='ocrx_word' id='word_1_495' title='bbox 1998 1979 2061 2001; x_wconf 88' lang='lat' dir='ltr'>nos</span> 
     </span>
     <span class='ocr_line' id='line_1_81' title="bbox 1169 2013 2059 2060; baseline -0.006 -8"><span class='ocrx_word' id='word_1_496' title='bbox 1169 2019 1235 2052; x_wconf 86' lang='lat' dir='ltr'>haec</span> <span class='ocrx_word' id='word_1_497' title='bbox 1259 2020 1326 2060; x_wconf 83' lang='lat' dir='ltr'>ipsa</span> <span class='ocrx_word' id='word_1_498' title='bbox 1348 2013 1540 2059; x_wconf 78' lang='lat' dir='ltr'>pertulimus</span> <span class='ocrx_word' id='word_1_499' title='bbox 1564 2017 1605 2051; x_wconf 86' lang='lat' dir='ltr'>ab</span> <span class='ocrx_word' id='word_1_500' title='bbox 1620 2016 1851 2051; x_wconf 86' lang='lat' dir='ltr'>Alexandrino</span> <span class='ocrx_word' id='word_1_501' title='bbox 1877 2015 2059 2049; x_wconf 84' lang='lat' dir='ltr'>&amp;Roffio.</span> 
     </span>
     <span class='ocr_line' id='line_1_82' title="bbox 1171 2065 2062 2111; baseline -0.002 -10"><span class='ocrx_word' id='word_1_502' title='bbox 1171 2067 1305 2111; x_wconf 84' lang='lat' dir='ltr'>Reliqui</span> <span class='ocrx_word' id='word_1_503' title='bbox 1318 2065 1406 2100; x_wconf 89' lang='lat' dir='ltr'>enim</span> <span class='ocrx_word' id='word_1_504' title='bbox 1421 2066 1528 2099; x_wconf 75' lang='lat' dir='ltr'>cuncti</span> <span class='ocrx_word' id='word_1_505' title='bbox 1542 2076 1597 2108; x_wconf 86' lang='lat' dir='ltr'>per</span> <span class='ocrx_word' id='word_1_506' title='bbox 1609 2066 1733 2100; x_wconf 89' lang='lat' dir='ltr'>bonum</span> <span class='ocrx_word' id='word_1_507' title='bbox 1746 2067 1856 2100; x_wconf 86' lang='lat' dir='ltr'>Deum</span> <span class='ocrx_word' id='word_1_508' title='bbox 1883 2066 1917 2099; x_wconf 70' lang='grc' dir='ltr'>ὃς</span> <span class='ocrx_word' id='word_1_509' title='bbox 1939 2066 2062 2099; x_wconf 71' lang='lat' dir='ltr'>sanstas</span> 
     </span>
     <span class='ocr_line' id='line_1_83' title="bbox 1168 2115 2059 2162; baseline -0.002 -10"><span class='ocrx_word' id='word_1_510' title='bbox 1168 2118 1346 2152; x_wconf 86' lang='lat' dir='ltr'>Orationes</span> <span class='ocrx_word' id='word_1_511' title='bbox 1358 2125 1430 2150; x_wconf 83' lang='lat' dir='ltr'>tuas</span> <span class='ocrx_word' id='word_1_512' title='bbox 1440 2115 1527 2150; x_wconf 85' lang='lat' dir='ltr'>firmi</span> <span class='ocrx_word' id='word_1_513' title='bbox 1540 2115 1709 2159; x_wconf 83' lang='lat' dir='ltr'>persistunt</span> <span class='ocrx_word' id='word_1_514' title='bbox 1725 2142 1731 2148; x_wconf 92' lang='lat'>.</span> <span class='ocrx_word' id='word_1_515' title='bbox 1761 2116 1830 2162; x_wconf 87' lang='lat' dir='ltr'>Qi</span> <span class='ocrx_word' id='word_1_516' title='bbox 1845 2116 1924 2150; x_wconf 78' lang='lat' dir='ltr'>vero</span> <span class='ocrx_word' id='word_1_517' title='bbox 1937 2117 2010 2150; x_wconf 91' lang='lat' dir='ltr'>sunt</span> <span class='ocrx_word' id='word_1_518' title='bbox 2023 2118 2059 2150; x_wconf 83' lang='lat' dir='ltr'>iu</span> 
     </span>
     <span class='ocr_line' id='line_1_84' title="bbox 1170 2165 2060 2208; baseline -0.001 -7"><span class='ocrx_word' id='word_1_519' title='bbox 1170 2168 1282 2202; x_wconf 85' lang='lat' dir='ltr'>nostro</span> <span class='ocrx_word' id='word_1_520' title='bbox 1292 2166 1442 2201; x_wconf 81' lang='lat' dir='ltr'>confinio</span> <span class='ocrx_word' id='word_1_521' title='bbox 1451 2188 1462 2204; x_wconf 90' lang='lat'>,</span> <span class='ocrx_word' id='word_1_522' title='bbox 1486 2165 1641 2208; x_wconf 72' lang='lat' dir='ltr'>praecipue</span> <span class='ocrx_word' id='word_1_523' title='bbox 1651 2166 1708 2208; x_wconf 90' lang='lat' dir='ltr'>qui</span> <span class='ocrx_word' id='word_1_524' title='bbox 1719 2166 1884 2199; x_wconf 87' lang='lat' dir='ltr'>Montana</span> <span class='ocrx_word' id='word_1_525' title='bbox 1896 2165 2060 2206; x_wconf 83' lang='lat' dir='ltr'>habitant,</span> 
     </span>
     <span class='ocr_line' id='line_1_85' title="bbox 1170 2213 2061 2260; baseline -0.002 -10"><span class='ocrx_word' id='word_1_526' title='bbox 1170 2214 1288 2260; x_wconf 91' lang='lat' dir='ltr'>quibus</span> <span class='ocrx_word' id='word_1_527' title='bbox 1315 2216 1349 2247; x_wconf 77' lang='grc' dir='ltr'>δε</span> <span class='ocrx_word' id='word_1_528' title='bbox 1374 2214 1409 2246; x_wconf 88' lang='lat' dir='ltr'>in</span> <span class='ocrx_word' id='word_1_529' title='bbox 1429 2213 1642 2256; x_wconf 86' lang='lat' dir='ltr'>Cappadocia</span> <span class='ocrx_word' id='word_1_530' title='bbox 1667 2215 1702 2246; x_wconf 72' lang='lat' dir='ltr'>dc</span> <span class='ocrx_word' id='word_1_531' title='bbox 1729 2214 1763 2246; x_wconf 89' lang='lat' dir='ltr'>in</span> <span class='ocrx_word' id='word_1_532' title='bbox 1777 2214 1936 2247; x_wconf 82' lang='lat' dir='ltr'>Armenia</span> <span class='ocrx_word' id='word_1_533' title='bbox 1959 2227 2061 2259; x_wconf 86' lang='lat' dir='ltr'>nego-</span> 
     </span>
     <span class='ocr_line' id='line_1_86' title="bbox 1170 2261 2060 2301; baseline 0.001 -3"><span class='ocrx_word' id='word_1_534' title='bbox 1170 2264 1275 2298; x_wconf 83' lang='lat' dir='ltr'>tiandi</span> <span class='ocrx_word' id='word_1_535' title='bbox 1298 2262 1463 2297; x_wconf 72' lang='lat' dir='ltr'>necessitas</span> <span class='ocrx_word' id='word_1_536' title='bbox 1486 2285 1497 2301; x_wconf 92' lang='lat'>,</span> <span class='ocrx_word' id='word_1_537' title='bbox 1522 2261 1625 2296; x_wconf 90' lang='lat' dir='ltr'>multa</span> <span class='ocrx_word' id='word_1_538' title='bbox 1649 2261 1754 2296; x_wconf 89' lang='lat' dir='ltr'>millia</span> <span class='ocrx_word' id='word_1_539' title='bbox 1780 2263 1942 2298; x_wconf 87' lang='lat' dir='ltr'>malorum</span> <span class='ocrx_word' id='word_1_540' title='bbox 1969 2266 2060 2299; x_wconf 85' lang='lat' dir='ltr'>susti-</span> 
     </span>
     <span class='ocr_line' id='line_1_87' title="bbox 1170 2309 2059 2358; baseline 0.001 -10"><span class='ocrx_word' id='word_1_541' title='bbox 1170 2323 1276 2348; x_wconf 81' lang='lat' dir='ltr'>nent.-</span> <span class='ocrx_word' id='word_1_542' title='bbox 1305 2311 1358 2347; x_wconf 82' lang='grc' dir='ltr'>Εὸ</span> <span class='ocrx_word' id='word_1_543' title='bbox 1368 2310 1458 2356; x_wconf 87' lang='lat' dir='ltr'>quod</span> <span class='ocrx_word' id='word_1_544' title='bbox 1472 2309 1555 2346; x_wconf 90' lang='lat' dir='ltr'>mihi</span> <span class='ocrx_word' id='word_1_545' title='bbox 1577 2312 1783 2347; x_wconf 83' lang='lat' dir='ltr'>Caesareenfis</span> <span class='ocrx_word' id='word_1_546' title='bbox 1794 2314 1972 2358; x_wconf 89' lang='lat' dir='ltr'>scripserit,</span> <span class='ocrx_word' id='word_1_547' title='bbox 1997 2316 2059 2349; x_wconf 77' lang='lat' dir='ltr'>&amp;a</span> 
     </span>
     <span class='ocr_line' id='line_1_88' title="bbox 1171 2362 2059 2407; baseline 0.002 -9"><span class='ocrx_word' id='word_1_548' title='bbox 1171 2376 1224 2398; x_wconf 91' lang='lat' dir='ltr'>me</span> <span class='ocrx_word' id='word_1_549' title='bbox 1247 2374 1307 2398; x_wconf 86' lang='lat' dir='ltr'>nec</span> <span class='ocrx_word' id='word_1_550' title='bbox 1328 2362 1536 2406; x_wconf 71' lang='lat' dir='ltr'>Rescriptum</span> <span class='ocrx_word' id='word_1_551' title='bbox 1561 2362 1707 2405; x_wconf 89' lang='lat' dir='ltr'>potuerit</span> <span class='ocrx_word' id='word_1_552' title='bbox 1729 2363 1921 2407; x_wconf 84' lang='lat' dir='ltr'>impetrare,</span> <span class='ocrx_word' id='word_1_553' title='bbox 1949 2376 2010 2399; x_wconf 88' lang='lat' dir='ltr'>nec</span> <span class='ocrx_word' id='word_1_554' title='bbox 2022 2376 2059 2400; x_wconf 85' lang='lat' dir='ltr'>ut</span> 
     </span>
     <span class='ocr_line' id='line_1_89' title="bbox 1172 2412 2060 2459; baseline 0 -11"><span class='ocrx_word' id='word_1_555' title='bbox 1172 2416 1237 2458; x_wconf 87' lang='lat' dir='ltr'>ipse</span> <span class='ocrx_word' id='word_1_556' title='bbox 1258 2413 1450 2457; x_wconf 83' lang='lat' dir='ltr'>susciperem</span> <span class='ocrx_word' id='word_1_557' title='bbox 1473 2412 1594 2446; x_wconf 88' lang='lat' dir='ltr'>litteras</span> <span class='ocrx_word' id='word_1_558' title='bbox 1620 2412 1704 2455; x_wconf 88' lang='lat' dir='ltr'>ejus.</span> <span class='ocrx_word' id='word_1_559' title='bbox 1733 2413 1789 2447; x_wconf 90' lang='lat' dir='ltr'>De</span> <span class='ocrx_word' id='word_1_560' title='bbox 1811 2414 1939 2458; x_wconf 87' lang='lat' dir='ltr'>reliquo</span> <span class='ocrx_word' id='word_1_561' title='bbox 1958 2415 2060 2459; x_wconf 88' lang='lat' dir='ltr'>igitur</span> 
     </span>
     <span class='ocr_line' id='line_1_90' title="bbox 1170 2461 2060 2507; baseline 0 -9"><span class='ocrx_word' id='word_1_562' title='bbox 1170 2463 1319 2498; x_wconf 74' lang='lat' dir='ltr'>adversus</span> <span class='ocrx_word' id='word_1_563' title='bbox 1341 2463 1469 2497; x_wconf 85' lang='lat' dir='ltr'>nostros</span> <span class='ocrx_word' id='word_1_564' title='bbox 1491 2461 1697 2505; x_wconf 84' lang='lat' dir='ltr'>implacabile</span> <span class='ocrx_word' id='word_1_565' title='bbox 1721 2463 1864 2507; x_wconf 81' lang='lat' dir='ltr'>praelium</span> <span class='ocrx_word' id='word_1_566' title='bbox 1889 2464 2060 2507; x_wconf 79' lang='lat' dir='ltr'>assumpse-</span> 
     </span>
     <span class='ocr_line' id='line_1_91' title="bbox 1171 2512 2059 2557; baseline 0.001 -9"><span class='ocrx_word' id='word_1_567' title='bbox 1171 2524 1265 2548; x_wconf 85' lang='lat' dir='ltr'>runt.</span> <span class='ocrx_word' id='word_1_568' title='bbox 1293 2512 1356 2547; x_wconf 88' lang='lat' dir='ltr'>Sed</span> <span class='ocrx_word' id='word_1_569' title='bbox 1380 2524 1464 2557; x_wconf 89' lang='lat' dir='ltr'>rogo</span> <span class='ocrx_word' id='word_1_570' title='bbox 1490 2513 1701 2548; x_wconf 72' lang='lat' dir='ltr'>Sanffitatem</span> <span class='ocrx_word' id='word_1_571' title='bbox 1722 2523 1835 2555; x_wconf 90' lang='lat' dir='ltr'>tuam,</span> <span class='ocrx_word' id='word_1_572' title='bbox 1862 2524 1898 2547; x_wconf 92' lang='lat' dir='ltr'>ut</span> <span class='ocrx_word' id='word_1_573' title='bbox 1921 2513 2059 2549; x_wconf 88' lang='lat' dir='ltr'>affiduas</span> 
     </span>
     <span class='ocr_line' id='line_1_92' title="bbox 1173 2560 2061 2609; baseline -0.002 -10"><span class='ocrx_word' id='word_1_574' title='bbox 1173 2576 1230 2609; x_wconf 87' lang='lat' dir='ltr'>pro</span> <span class='ocrx_word' id='word_1_575' title='bbox 1242 2563 1338 2598; x_wconf 86' lang='lat' dir='ltr'>nobis</span> <span class='ocrx_word' id='word_1_576' title='bbox 1349 2572 1457 2605; x_wconf 88' lang='lat' dir='ltr'>preces</span> <span class='ocrx_word' id='word_1_577' title='bbox 1468 2560 1613 2605; x_wconf 85' lang='lat' dir='ltr'>digneris</span> <span class='ocrx_word' id='word_1_578' title='bbox 1624 2563 1810 2597; x_wconf 84' lang='lat' dir='ltr'>effundere.-</span> <span class='ocrx_word' id='word_1_579' title='bbox 1843 2563 1898 2598; x_wconf 92' lang='lat' dir='ltr'>Ut</span> <span class='ocrx_word' id='word_1_580' title='bbox 1925 2564 2061 2598; x_wconf 84' lang='lat' dir='ltr'>&amp;illius</span> 
     </span>
     <span class='ocr_line' id='line_1_93' title="bbox 1172 2610 2054 2656; baseline -0.001 -7"><span class='ocrx_word' id='word_1_581' title='bbox 1172 2616 1206 2649; x_wconf 88' lang='lat' dir='ltr'>in</span> <span class='ocrx_word' id='word_1_582' title='bbox 1227 2613 1449 2656; x_wconf 88' lang='lat' dir='ltr'>semet-ipsum</span> <span class='ocrx_word' id='word_1_583' title='bbox 1474 2610 1621 2652; x_wconf 88' lang='lat' dir='ltr'>nequitia</span> <span class='ocrx_word' id='word_1_584' title='bbox 1642 2622 1870 2655; x_wconf 88' lang='lat' dir='ltr'>convertatur,</span> <span class='ocrx_word' id='word_1_585' title='bbox 1895 2614 1929 2648; x_wconf 65' lang='grc' dir='ltr'>ὅ(</span> <span class='ocrx_word' id='word_1_586' title='bbox 1952 2614 2054 2650; x_wconf 85' lang='lat' dir='ltr'>nostri</span> 
     </span>
     <span class='ocr_line' id='line_1_94' title="bbox 1168 2661 1631 2711; baseline -0.006 -12"><span class='ocrx_word' id='word_1_587' title='bbox 1168 2663 1392 2711; x_wconf 21' lang='lat' dir='ltr'>*perfectiffime-</span> <span class='ocrx_word' id='word_1_588' title='bbox 1412 2661 1609 2697; x_wconf 87' lang='lat' dir='ltr'>roborentur</span> <span class='ocrx_word' id='word_1_589' title='bbox 1623 2687 1631 2696; x_wconf 83' lang='grc'><strong>.</strong></span> 
     </span>
    </p>
   </div>
   <div class='ocr_carea' id='block_1_22' title="bbox 1378 2819 1858 2865">
    <p class='ocr_par' dir='ltr' id='par_1_22' title="bbox 1378 2819 1858 2865">
     <span class='ocr_line' id='line_1_95' title="bbox 1378 2819 1858 2865; baseline -0.002 -1"><span class='ocrx_word' id='word_1_590' title='bbox 1378 2819 1858 2865; x_wconf 75' lang='lat' dir='ltr'>ScHoL10N.</span> 
     </span>
    </p>
   </div>
   <div class='ocr_carea' id='block_1_23' title="bbox 1170 2962 2056 3159">
    <p class='ocr_par' dir='ltr' id='par_1_23' title="bbox 1170 2962 2056 3159">
     <span class='ocr_line' id='line_1_96' title="bbox 1280 2962 2056 3008; baseline -0.004 -6"><span class='ocrx_word' id='word_1_591' title='bbox 1280 2968 1314 3002; x_wconf 90' lang='lat' dir='ltr'>Ic</span> <span class='ocrx_word' id='word_1_592' title='bbox 1337 2965 1546 3001; x_wconf 83' lang='lat' dir='ltr'>Maximinus</span> <span class='ocrx_word' id='word_1_593' title='bbox 1567 2974 1633 2999; x_wconf 87' lang='lat' dir='ltr'>erat</span> <span class='ocrx_word' id='word_1_594' title='bbox 1667 2962 1832 3000; x_wconf 85' lang='lat' dir='ltr'>Anazarbi</span> <span class='ocrx_word' id='word_1_595' title='bbox 1858 2963 2056 3008; x_wconf 80' lang='lat' dir='ltr'>Episcopus,</span> 
     </span>
     <span class='ocr_line' id='line_1_97' title="bbox 1303 3014 2056 3061; baseline -0.003 -11"><span class='ocrx_word' id='word_1_596' title='bbox 1303 3016 1520 3061; x_wconf 90' lang='lat' dir='ltr'>Metropolita</span> <span class='ocrx_word' id='word_1_597' title='bbox 1549 3014 1696 3048; x_wconf 78' lang='lat' dir='ltr'>secundae</span> <span class='ocrx_word' id='word_1_598' title='bbox 1723 3015 1847 3050; x_wconf 81' lang='lat' dir='ltr'>Ciliciae</span> <span class='ocrx_word' id='word_1_599' title='bbox 1867 3040 1874 3048; x_wconf 94' lang='lat'><strong>.</strong></span> <span class='ocrx_word' id='word_1_600' title='bbox 1902 3014 2056 3058; x_wconf 80' lang='lat' dir='ltr'>Epistolae</span> 
     </span>
     <span class='ocr_line' id='line_1_98' title="bbox 1170 3064 2055 3114; baseline -0.007 -10"><span class='ocrx_word' id='word_1_601' title='bbox 1170 3066 1346 3114; x_wconf 88' lang='lat' dir='ltr'>epigraphe</span> <span class='ocrx_word' id='word_1_602' title='bbox 1371 3067 1416 3102; x_wconf 89' lang='lat' dir='ltr'>est</span> <span class='ocrx_word' id='word_1_603' title='bbox 1440 3064 1556 3100; x_wconf 86' lang='lat' dir='ltr'>mutila</span> <span class='ocrx_word' id='word_1_604' title='bbox 1581 3089 1589 3096; x_wconf 92' lang='lat'><em>.</em></span> <span class='ocrx_word' id='word_1_605' title='bbox 1618 3065 1810 3109; x_wconf 85' lang='lat' dir='ltr'>Legendum</span> <span class='ocrx_word' id='word_1_606' title='bbox 1833 3074 1923 3100; x_wconf 86' lang='lat' dir='ltr'>erat.</span> <span class='ocrx_word' id='word_1_607' title='bbox 1949 3067 1997 3099; x_wconf 80' lang='lat' dir='ltr'>Et</span> <span class='ocrx_word' id='word_1_608' title='bbox 2015 3065 2055 3098; x_wconf 83' lang='lat' dir='ltr'>de</span> 
     </span>
     <span class='ocr_line' id='line_1_99' title="bbox 1171 3114 2054 3159; baseline -0.007 -6"><span class='ocrx_word' id='word_1_609' title='bbox 1171 3123 1368 3154; x_wconf 67' lang='lat' dir='ltr'>Germanicia</span> <span class='ocrx_word' id='word_1_610' title='bbox 1390 3115 1534 3159; x_wconf 81' lang='lat' dir='ltr'>Episcopo</span> <span class='ocrx_word' id='word_1_611' title='bbox 1557 3136 1565 3146; x_wconf 90' lang='lat'><strong><em>.</em></strong></span> <span class='ocrx_word' id='word_1_612' title='bbox 1592 3114 1656 3149; x_wconf 90' lang='lat' dir='ltr'>Vel</span> <span class='ocrx_word' id='word_1_613' title='bbox 1679 3127 1686 3147; x_wconf 92' lang='lat'>:</span> <span class='ocrx_word' id='word_1_614' title='bbox 1726 3118 1772 3148; x_wconf 84' lang='lat' dir='ltr'>Et</span> <span class='ocrx_word' id='word_1_615' title='bbox 1796 3115 1835 3149; x_wconf 78' lang='lat' dir='ltr'>de</span> <span class='ocrx_word' id='word_1_616' title='bbox 1855 3118 2054 3149; x_wconf 70' lang='lat' dir='ltr'>Germanicia</span> 
     </span>
    </p>
   </div>
   <div class='ocr_carea' id='block_1_24' title="bbox 1140 3160 2054 3215">
    <p class='ocr_par' dir='ltr' id='par_1_24' title="bbox 1140 3160 2054 3215">
     <span class='ocr_line' id='line_1_100' title="bbox 1140 3160 2054 3215; baseline -0.008 -11"><span class='ocrx_word' id='word_1_617' title='bbox 1140 3160 1143 3170; x_wconf 57' lang='lat'><em>³</em></span> <span class='ocrx_word' id='word_1_618' title='bbox 1162 3173 1304 3215; x_wconf 79' lang='lat' dir='ltr'>Joanne.</span> <span class='ocrx_word' id='word_1_619' title='bbox 1333 3168 1466 3202; x_wconf 88' lang='lat' dir='ltr'>lstarum</span> <span class='ocrx_word' id='word_1_620' title='bbox 1486 3174 1597 3199; x_wconf 87' lang='lat' dir='ltr'>tamen</span> <span class='ocrx_word' id='word_1_621' title='bbox 1628 3174 1747 3199; x_wconf 85' lang='lat' dir='ltr'>vocum</span> <span class='ocrx_word' id='word_1_622' title='bbox 1769 3165 1867 3200; x_wconf 89' lang='lat' dir='ltr'>altera</span> <span class='ocrx_word' id='word_1_623' title='bbox 1888 3164 1983 3209; x_wconf 84' lang='lat' dir='ltr'>poffit</span> <span class='ocrx_word' id='word_1_624' title='bbox 2006 3166 2054 3198; x_wconf 90' lang='lat' dir='ltr'>su-</span> 
     </span>
    </p>
   </div>
   <div class='ocr_carea' id='block_1_25' title="bbox 1169 3213 2053 3264">
    <p class='ocr_par' dir='ltr' id='par_1_25' title="bbox 1169 3213 2053 3264">
     <span class='ocr_line' id='line_1_101' title="bbox 1169 3213 2053 3264; baseline -0.01 -9"><span class='ocrx_word' id='word_1_625' title='bbox 1169 3218 1354 3264; x_wconf 76' lang='lat' dir='ltr'>bintelligi:</span> <span class='ocrx_word' id='word_1_626' title='bbox 1381 3214 1460 3250; x_wconf 92' lang='lat' dir='ltr'>hinc</span> <span class='ocrx_word' id='word_1_627' title='bbox 1474 3215 1554 3249; x_wconf 91' lang='lat' dir='ltr'>duxi</span> <span class='ocrx_word' id='word_1_628' title='bbox 1576 3213 1661 3248; x_wconf 89' lang='lat' dir='ltr'>nihil</span> <span class='ocrx_word' id='word_1_629' title='bbox 1685 3215 1898 3250; x_wconf 87' lang='lat' dir='ltr'>mutandum.</span> <span class='ocrx_word' id='word_1_630' title='bbox 1926 3214 2053 3257; x_wconf 84' lang='lat' dir='ltr'>Episto-</span> 
     </span>
    </p>
   </div>
   <div class='ocr_carea' id='block_1_26' title="bbox 1140 3263 2053 3364">
    <p class='ocr_par' dir='ltr' id='par_1_26' title="bbox 1140 3263 2053 3364">
     <span class='ocr_line' id='line_1_102' title="bbox 1140 3263 2052 3313; baseline -0.004 -14"><span class='ocrx_word' id='word_1_631' title='bbox 1140 3295 1142 3299; x_wconf 81' lang='grc'>,</span> <span class='ocrx_word' id='word_1_632' title='bbox 1171 3270 1201 3306; x_wconf 72' lang='lat' dir='ltr'>{a</span> <span class='ocrx_word' id='word_1_633' title='bbox 1217 3270 1296 3304; x_wconf 77' lang='lat' dir='ltr'>facit</span> <span class='ocrx_word' id='word_1_634' title='bbox 1317 3269 1426 3313; x_wconf 87' lang='lat' dir='ltr'>plura.</span> <span class='ocrx_word' id='word_1_635' title='bbox 1453 3263 1588 3305; x_wconf 75' lang='lat' dir='ltr'>Primo,</span> <span class='ocrx_word' id='word_1_636' title='bbox 1617 3263 1844 3300; x_wconf 83' lang='lat' dir='ltr'>Alexandrum</span> <span class='ocrx_word' id='word_1_637' title='bbox 1864 3265 2052 3300; x_wconf 84' lang='lat' dir='ltr'>consolatur</span> 
     </span>
     <span class='ocr_line' id='line_1_103' title="bbox 1141 3314 2053 3364; baseline -0.012 -9"><span class='ocrx_word' id='word_1_638' title='bbox 1141 3333 1143 3339; x_wconf 72' lang='lat'><strong><em>¹</em></strong></span> <span class='ocrx_word' id='word_1_639' title='bbox 1171 3321 1260 3364; x_wconf 85' lang='lat' dir='ltr'>super</span> <span class='ocrx_word' id='word_1_640' title='bbox 1271 3316 1409 3354; x_wconf 79' lang='lat' dir='ltr'>Andreae</span> <span class='ocrx_word' id='word_1_641' title='bbox 1431 3315 1660 3349; x_wconf 85' lang='lat' dir='ltr'>Samosatenlis</span> <span class='ocrx_word' id='word_1_642' title='bbox 1681 3326 1719 3349; x_wconf 95' lang='lat' dir='ltr'>ac</span> <span class='ocrx_word' id='word_1_643' title='bbox 1731 3315 1868 3359; x_wconf 86' lang='lat' dir='ltr'>Joannis</span> <span class='ocrx_word' id='word_1_644' title='bbox 1882 3314 2053 3350; x_wconf 87' lang='lat' dir='ltr'>Germani-</span> 
     </span>
    </p>
   </div>
   <div class='ocr_carea' id='block_1_27' title="bbox 1171 3359 2054 3449">
    <p class='ocr_par' dir='ltr' id='par_1_27' title="bbox 1171 3359 2054 3449">
     <span class='ocr_line' id='line_1_104' title="bbox 1171 3359 2054 3449; baseline -0.015 -44"><span class='ocrx_word' id='word_1_645' title='bbox 1171 3370 1284 3405; x_wconf 85' lang='lat' dir='ltr'>ciensis</span> <span class='ocrx_word' id='word_1_646' title='bbox 1297 3367 1535 3412; x_wconf 86' lang='lat' dir='ltr'>Episcoporum</span> <span class='ocrx_word' id='word_1_647' title='bbox 1556 3367 1699 3449; x_wconf 72' lang='lat' dir='ltr'>accesiuZ</span> <span class='ocrx_word' id='word_1_648' title='bbox 1698 3365 1740 3400; x_wconf 90' lang='lat' dir='ltr'>ad</span> <span class='ocrx_word' id='word_1_649' title='bbox 1759 3377 1871 3410; x_wconf 83' lang='lat' dir='ltr'>pacem</span> <span class='ocrx_word' id='word_1_650' title='bbox 1884 3390 1892 3399; x_wconf 91' lang='lat'>.</span> <span class='ocrx_word' id='word_1_651' title='bbox 1918 3364 1987 3448; x_wconf 61' lang='lat' dir='ltr'>Egs</span> <span class='ocrx_word' id='word_1_652' title='bbox 1997 3359 2054 3396; x_wconf 87' lang='lat' dir='ltr'>ha-</span> 
     </span>
     <span class='ocr_line' id='line_1_105' title="bbox 1971 3420 2003 3447; baseline 0.063 -2"><span class='ocrx_word' id='word_1_653' title='bbox 1971 3420 2003 3447; x_wconf 78' lang='lat' dir='ltr'>et</span> 
     </span>
    </p>
   </div>
  </div>
 </body>
</html>
