<?xml version="1.0" encoding="UTF-8"?>
<!DOCTYPE html PUBLIC "-//W3C//DTD XHTML 1.0 Transitional//EN"
    "http://www.w3.org/TR/xhtml1/DTD/xhtml1-transitional.dtd">
<html xmlns="http://www.w3.org/1999/xhtml" xml:lang="en" lang="en">
 <head>
  <title>
</title>
<meta http-equiv="Content-Type" content="text/html;charset=utf-8" />
  <meta name='ocr-system' content='tesseract 3.04.00' />
  <meta name='ocr-capabilities' content='ocr_page ocr_carea ocr_par ocr_line ocrx_word'/>
</head>
<body>
  <div class='ocr_page' id='page_1' title='image "./operaomniastudio07lupuuoft/operaomniastudio07lupuuoft_0169.png"; bbox 0 0 2320 3730; ppageno 0'>
   <div class='ocr_carea' id='block_1_1' title="bbox 623 195 1699 253">
    <p class='ocr_par' dir='ltr' id='par_1_1' title="bbox 623 195 1699 253">
     <span class='ocr_line' id='line_1_1' title="bbox 623 195 1699 253; baseline 0.001 -10"><span class='ocrx_word' id='word_1_1' title='bbox 623 199 943 253; x_wconf 73' lang='lat' dir='ltr'>senonis,</span> <span class='ocrx_word' id='word_1_2' title='bbox 979 211 1040 241; x_wconf 75' lang='grc' dir='ltr'>ετ</span> <span class='ocrx_word' id='word_1_3' title='bbox 1074 195 1268 243; x_wconf 73' lang='lat' dir='ltr'>Nous</span> <span class='ocrx_word' id='word_1_4' title='bbox 1303 201 1699 244; x_wconf 61' lang='lat' dir='ltr'>xttu‘srnarffi.</span> 
     </span>
    </p>
   </div>
   <div class='ocr_carea' id='block_1_2' title="bbox 235 279 1119 370">
    <p class='ocr_par' dir='ltr' id='par_1_2' title="bbox 235 279 1119 370">
     <span class='ocr_line' id='line_1_2' title="bbox 236 279 1119 325; baseline -0.007 -5"><span class='ocrx_word' id='word_1_5' title='bbox 236 279 423 320; x_wconf 75' lang='lat' dir='ltr'>patriarcha</span> <span class='ocrx_word' id='word_1_6' title='bbox 433 304 445 321; x_wconf 87' lang='lat'>‚</span> <span class='ocrx_word' id='word_1_7' title='bbox 472 281 541 325; x_wconf 84' lang='lat' dir='ltr'>post</span> <span class='ocrx_word' id='word_1_8' title='bbox 554 281 726 317; x_wconf 86' lang='lat' dir='ltr'>recitatum</span> <span class='ocrx_word' id='word_1_9' title='bbox 741 283 848 317; x_wconf 68' lang='lat' dir='ltr'>Sansti</span> <span class='ocrx_word' id='word_1_10' title='bbox 863 281 1032 325; x_wconf 88' lang='lat' dir='ltr'>Ephremii</span> <span class='ocrx_word' id='word_1_11' title='bbox 1049 279 1119 315; x_wconf 84' lang='lat' dir='ltr'>An-</span> 
     </span>
     <span class='ocr_line' id='line_1_3' title="bbox 235 330 1117 370; baseline -0.007 0"><span class='ocrx_word' id='word_1_12' title='bbox 235 332 381 370; x_wconf 78' lang='lat' dir='ltr'>tiocheni</span> <span class='ocrx_word' id='word_1_13' title='bbox 398 331 482 366; x_wconf 90' lang='lat' dir='ltr'>olim</span> <span class='ocrx_word' id='word_1_14' title='bbox 505 331 700 367; x_wconf 81' lang='lat' dir='ltr'>Patriarchae</span> <span class='ocrx_word' id='word_1_15' title='bbox 723 332 948 367; x_wconf 87' lang='lat' dir='ltr'>testimonium</span> <span class='ocrx_word' id='word_1_16' title='bbox 968 331 1055 367; x_wconf 83' lang='lat' dir='ltr'>dixit</span> <span class='ocrx_word' id='word_1_17' title='bbox 1076 330 1117 364; x_wconf 84' lang='lat' dir='ltr'>ad</span> 
     </span>
    </p>
   </div>
   <div class='ocr_carea' id='block_1_3' title="bbox 64 378 1117 435">
    <p class='ocr_par' dir='ltr' id='par_1_3' title="bbox 64 378 1117 435">
     <span class='ocr_line' id='line_1_4' title="bbox 64 378 1117 435; baseline -0.001 -19"><span class='ocrx_word' id='word_1_18' title='bbox 64 402 163 435; x_wconf 48' lang='lat' dir='ltr'>Astor-</span> <span class='ocrx_word' id='word_1_19' title='bbox 177 412 224 434; x_wconf 56' lang='lat'>10·</span> <span class='ocrx_word' id='word_1_20' title='bbox 236 387 357 421; x_wconf 78' lang='lat' dir='ltr'>sextam</span> <span class='ocrx_word' id='word_1_21' title='bbox 369 381 542 425; x_wconf 84' lang='lat' dir='ltr'>synodum</span> <span class='ocrx_word' id='word_1_22' title='bbox 561 395 569 415; x_wconf 92' lang='lat'>:</span> <span class='ocrx_word' id='word_1_23' title='bbox 596 383 780 425; x_wconf 68' lang='lat' dir='ltr'>Ephremius</span> <span class='ocrx_word' id='word_1_24' title='bbox 794 382 843 416; x_wconf 73' lang='lat' dir='ltr'>hic</span> <span class='ocrx_word' id='word_1_25' title='bbox 852 392 921 416; x_wconf 77' lang='lat' dir='ltr'>crat</span> <span class='ocrx_word' id='word_1_26' title='bbox 932 378 1117 418; x_wconf 62' lang='lat' dir='ltr'>Patrtarbba</span> 
     </span>
    </p>
   </div>
   <div class='ocr_carea' id='block_1_4' title="bbox 233 431 1117 477">
    <p class='ocr_par' dir='ltr' id='par_1_4' title="bbox 233 431 1117 477">
     <span class='ocr_line' id='line_1_5' title="bbox 233 431 1117 477; baseline -0.001 -11"><span class='ocrx_word' id='word_1_27' title='bbox 233 431 419 472; x_wconf 62' lang='lat' dir='ltr'>Antiochia,</span> <span class='ocrx_word' id='word_1_28' title='bbox 445 434 479 466; x_wconf 72' lang='lat'>(9⁶</span> <span class='ocrx_word' id='word_1_29' title='bbox 500 432 664 477; x_wconf 82' lang='lat' dir='ltr'>recensetur</span> <span class='ocrx_word' id='word_1_30' title='bbox 684 441 718 467; x_wconf 75' lang='lat' dir='ltr'>ln</span> <span class='ocrx_word' id='word_1_31' title='bbox 738 431 836 477; x_wconf 75' lang='lat' dir='ltr'>sacris</span> <span class='ocrx_word' id='word_1_32' title='bbox 860 432 1013 473; x_wconf 66' lang='lat' dir='ltr'>Dypticbis</span> <span class='ocrx_word' id='word_1_33' title='bbox 1041 435 1117 466; x_wconf 80' lang='lat' dir='ltr'>san·</span> 
     </span>
    </p>
   </div>
   <div class='ocr_carea' id='block_1_5' title="bbox 1880 214 1975 264">
    <p class='ocr_par' dir='ltr' id='par_1_5' title="bbox 1880 214 1975 264">
     <span class='ocr_line' id='line_1_6' title="bbox 1880 214 1975 264; baseline -0.021 -12"><span class='ocrx_word' id='word_1_34' title='bbox 1880 214 1975 264; x_wconf 77' lang='lat'>163</span> 
     </span>
    </p>
   </div>
   <div class='ocr_carea' id='block_1_6' title="bbox 1174 281 2049 480">
    <p class='ocr_par' dir='ltr' id='par_1_6' title="bbox 1174 281 2049 480">
     <span class='ocr_line' id='line_1_7' title="bbox 1174 281 2047 334; baseline 0.013 -19"><span class='ocrx_word' id='word_1_35' title='bbox 1174 282 1296 317; x_wconf 68' lang='lat' dir='ltr'>sionem</span> <span class='ocrx_word' id='word_1_36' title='bbox 1317 281 1508 325; x_wconf 80' lang='lat' dir='ltr'>perditionis</span> <span class='ocrx_word' id='word_1_37' title='bbox 1520 281 1613 316; x_wconf 86' lang='lat' dir='ltr'>Fidei</span> <span class='ocrx_word' id='word_1_38' title='bbox 1633 285 1805 320; x_wconf 78' lang='lat' dir='ltr'>faciamus.</span> <span class='ocrx_word' id='word_1_39' title='bbox 1829 287 1920 324; x_wconf 86' lang='lat' dir='ltr'>Nam</span> <span class='ocrx_word' id='word_1_40' title='bbox 1942 290 1963 323; x_wconf 86' lang='lat' dir='ltr'>fi</span> <span class='ocrx_word' id='word_1_41' title='bbox 1977 301 2047 334; x_wconf 77' lang='lat' dir='ltr'>quae</span> 
     </span>
     <span class='ocr_line' id='line_1_8' title="bbox 1176 331 2048 375; baseline 0.014 -11"><span class='ocrx_word' id='word_1_42' title='bbox 1176 332 1375 367; x_wconf 83' lang='lat' dir='ltr'>ventilantur</span> <span class='ocrx_word' id='word_1_43' title='bbox 1392 333 1491 366; x_wconf 87' lang='lat' dir='ltr'>causae</span> <span class='ocrx_word' id='word_1_44' title='bbox 1506 331 1627 367; x_wconf 86' lang='lat' dir='ltr'>diffidii</span> <span class='ocrx_word' id='word_1_45' title='bbox 1641 358 1651 374; x_wconf 93' lang='lat'>‚</span> <span class='ocrx_word' id='word_1_46' title='bbox 1677 334 1718 368; x_wconf 85' lang='lat' dir='ltr'>de</span> <span class='ocrx_word' id='word_1_47' title='bbox 1731 336 1864 371; x_wconf 85' lang='lat' dir='ltr'>Sedibus</span> <span class='ocrx_word' id='word_1_48' title='bbox 1881 352 1935 374; x_wconf 83' lang='lat' dir='ltr'>aut</span> <span class='ocrx_word' id='word_1_49' title='bbox 1947 340 2048 375; x_wconf 84' lang='lat' dir='ltr'>Praefi-</span> 
     </span>
     <span class='ocr_line' id='line_1_9' title="bbox 1174 381 2049 435; baseline 0.008 -20"><span class='ocrx_word' id='word_1_50' title='bbox 1174 381 1325 418; x_wconf 85' lang='lat' dir='ltr'>dentibus</span> <span class='ocrx_word' id='word_1_51' title='bbox 1347 383 1468 424; x_wconf 77' lang='lat' dir='ltr'>essent,</span> <span class='ocrx_word' id='word_1_52' title='bbox 1493 384 1608 418; x_wconf 84' lang='lat' dir='ltr'>&amp;non</span> <span class='ocrx_word' id='word_1_53' title='bbox 1634 384 1750 427; x_wconf 85' lang='lat' dir='ltr'>depiis</span> <span class='ocrx_word' id='word_1_54' title='bbox 1769 386 1939 430; x_wconf 82' lang='lat' dir='ltr'>impiisque</span> <span class='ocrx_word' id='word_1_55' title='bbox 1955 392 2049 435; x_wconf 88' lang='lat' dir='ltr'>Dog-</span> 
     </span>
     <span class='ocr_line' id='line_1_10' title="bbox 1174 431 2049 480; baseline 0.009 -15"><span class='ocrx_word' id='word_1_56' title='bbox 1174 432 1337 473; x_wconf 89' lang='lat' dir='ltr'>matibus‚</span> <span class='ocrx_word' id='word_1_57' title='bbox 1365 433 1470 467; x_wconf 78' lang='lat' dir='ltr'>forsan</span> <span class='ocrx_word' id='word_1_58' title='bbox 1493 431 1626 469; x_wconf 85' lang='lat' dir='ltr'>haberet</span> <span class='ocrx_word' id='word_1_59' title='bbox 1647 433 1790 480; x_wconf 84' lang='lat' dir='ltr'>aliquam</span> <span class='ocrx_word' id='word_1_60' title='bbox 1804 437 1932 470; x_wconf 88' lang='lat' dir='ltr'>veniam</span> <span class='ocrx_word' id='word_1_61' title='bbox 1943 441 2049 474; x_wconf 84' lang='lat' dir='ltr'>remis-</span> 
     </span>
    </p>
   </div>
   <div class='ocr_carea' id='block_1_7' title="bbox 231 481 2051 530">
    <p class='ocr_par' dir='ltr' id='par_1_7' title="bbox 231 481 2051 530">
     <span class='ocr_line' id='line_1_11' title="bbox 231 481 2051 530; baseline -0.001 -14"><span class='ocrx_word' id='word_1_62' title='bbox 231 484 291 517; x_wconf 62' lang='lat' dir='ltr'>3ae</span> <span class='ocrx_word' id='word_1_63' title='bbox 304 507 314 524; x_wconf 92' lang='lat'>,</span> <span class='ocrx_word' id='word_1_64' title='bbox 338 495 405 525; x_wconf 84' lang='lat' dir='ltr'>quae</span> <span class='ocrx_word' id='word_1_65' title='bbox 422 482 469 516; x_wconf 77' lang='lat' dir='ltr'>hic</span> <span class='ocrx_word' id='word_1_66' title='bbox 477 482 517 524; x_wconf 84' lang='lat' dir='ltr'>est</span> <span class='ocrx_word' id='word_1_67' title='bbox 530 507 542 523; x_wconf 92' lang='lat'>,</span> <span class='ocrx_word' id='word_1_68' title='bbox 566 495 685 529; x_wconf 81' lang='lat' dir='ltr'>magnae</span> <span class='ocrx_word' id='word_1_69' title='bbox 701 481 835 523; x_wconf 80' lang='lat' dir='ltr'>Ecclefiae</span> <span class='ocrx_word' id='word_1_70' title='bbox 848 506 856 516; x_wconf 82' lang='grc'><strong>.</strong></span> <span class='ocrx_word' id='word_1_71' title='bbox 885 482 938 515; x_wconf 88' lang='lat' dir='ltr'>Ex</span> <span class='ocrx_word' id='word_1_72' title='bbox 951 493 1019 525; x_wconf 90' lang='lat' dir='ltr'>quo</span> <span class='ocrx_word' id='word_1_73' title='bbox 1030 481 1117 516; x_wconf 88' lang='lat' dir='ltr'>vide·</span> <span class='ocrx_word' id='word_1_74' title='bbox 1171 482 1220 515; x_wconf 79' lang='lat' dir='ltr'>{io</span> <span class='ocrx_word' id='word_1_75' title='bbox 1232 483 1350 516; x_wconf 89' lang='lat' dir='ltr'>animi.</span> <span class='ocrx_word' id='word_1_76' title='bbox 1382 483 1415 517; x_wconf 85' lang='lat' dir='ltr'>Si</span> <span class='ocrx_word' id='word_1_77' title='bbox 1430 482 1506 519; x_wconf 72' lang='lat' dir='ltr'>vero</span> <span class='ocrx_word' id='word_1_78' title='bbox 1517 483 1739 521; x_wconf 81' lang='lat' dir='ltr'>Confeffionis</span> <span class='ocrx_word' id='word_1_79' title='bbox 1748 484 1793 520; x_wconf 88' lang='lat' dir='ltr'>est</span> <span class='ocrx_word' id='word_1_80' title='bbox 1806 495 1932 529; x_wconf 82' lang='lat' dir='ltr'>tempus</span> <span class='ocrx_word' id='word_1_81' title='bbox 1949 510 1959 526; x_wconf 90' lang='lat'>,</span> <span class='ocrx_word' id='word_1_82' title='bbox 1969 498 2051 530; x_wconf 74' lang='lat' dir='ltr'>quae.</span> 
     </span>
    </p>
   </div>
   <div class='ocr_carea' id='block_1_8' title="bbox 224 530 1118 1667">
    <p class='ocr_par' dir='ltr' id='par_1_8' title="bbox 224 530 1118 1667">
     <span class='ocr_line' id='line_1_12' title="bbox 230 530 1114 578; baseline -0.005 -10"><span class='ocrx_word' id='word_1_83' title='bbox 230 542 285 568; x_wconf 84' lang='lat' dir='ltr'>tur</span> <span class='ocrx_word' id='word_1_84' title='bbox 305 533 443 578; x_wconf 87' lang='lat' dir='ltr'>colligi,</span> <span class='ocrx_word' id='word_1_85' title='bbox 462 534 558 576; x_wconf 88' lang='lat' dir='ltr'>-quod</span> <span class='ocrx_word' id='word_1_86' title='bbox 579 535 763 569; x_wconf 78' lang='lat' dir='ltr'>alienorum</span> <span class='ocrx_word' id='word_1_87' title='bbox 775 530 1034 566; x_wconf 76' lang='lat' dir='ltr'>patriarcharum</span> <span class='ocrx_word' id='word_1_88' title='bbox 1058 541 1114 564; x_wconf 92' lang='lat' dir='ltr'>no·</span> 
     </span>
     <span class='ocr_line' id='line_1_13' title="bbox 230 579 1115 619; baseline -0.006 0"><span class='ocrx_word' id='word_1_89' title='bbox 230 584 324 619; x_wconf 83' lang='lat' dir='ltr'>mina</span> <span class='ocrx_word' id='word_1_90' title='bbox 345 584 467 618; x_wconf 88' lang='lat' dir='ltr'>fuerint</span> <span class='ocrx_word' id='word_1_91' title='bbox 483 584 616 619; x_wconf 86' lang='lat' dir='ltr'>recitata</span> <span class='ocrx_word' id='word_1_92' title='bbox 637 584 672 618; x_wconf 87' lang='lat' dir='ltr'>in</span> <span class='ocrx_word' id='word_1_93' title='bbox 694 582 771 617; x_wconf 83' lang='lat' dir='ltr'>solis</span> <span class='ocrx_word' id='word_1_94' title='bbox 791 579 1042 616; x_wconf 83' lang='lat' dir='ltr'>Cathedralibus</span> <span class='ocrx_word' id='word_1_95' title='bbox 1056 580 1115 614; x_wconf 87' lang='lat' dir='ltr'>Ec-</span> 
     </span>
     <span class='ocr_line' id='line_1_14' title="bbox 230 625 1114 676; baseline -0.002 -9"><span class='ocrx_word' id='word_1_96' title='bbox 230 633 333 668; x_wconf 80' lang='lat' dir='ltr'>clefiis</span> <span class='ocrx_word' id='word_1_97' title='bbox 350 658 358 666; x_wconf 91' lang='lat'><em>.</em></span> <span class='ocrx_word' id='word_1_98' title='bbox 386 633 429 666; x_wconf 85' lang='lat' dir='ltr'>Et</span> <span class='ocrx_word' id='word_1_99' title='bbox 453 632 496 666; x_wconf 90' lang='lat' dir='ltr'>de</span> <span class='ocrx_word' id='word_1_100' title='bbox 516 625 669 669; x_wconf 72' lang='lat' dir='ltr'>Baffi‘ano</span> <span class='ocrx_word' id='word_1_101' title='bbox 702 631 870 676; x_wconf 85' lang='lat' dir='ltr'>Ephefino</span> <span class='ocrx_word' id='word_1_102' title='bbox 896 629 1051 666; x_wconf 83' lang='lat' dir='ltr'>Exatcho</span> <span class='ocrx_word' id='word_1_103' title='bbox 1076 643 1114 665; x_wconf 91' lang='lat' dir='ltr'>ac</span> 
     </span>
     <span class='ocr_line' id='line_1_15' title="bbox 231 681 1112 727; baseline -0.002 -9"><span class='ocrx_word' id='word_1_104' title='bbox 231 685 352 719; x_wconf 65' lang='lat' dir='ltr'>Sancto</span> <span class='ocrx_word' id='word_1_105' title='bbox 371 681 496 719; x_wconf 32' lang='lat' dir='ltr'>*proclo</span> <span class='ocrx_word' id='word_1_106' title='bbox 520 681 896 726; x_wconf 84' lang='lat' dir='ltr'>Constantinopolitano</span> <span class='ocrx_word' id='word_1_107' title='bbox 923 683 1112 727; x_wconf 85' lang='lat' dir='ltr'>Episcopo,</span> 
     </span>
     <span class='ocr_line' id='line_1_16' title="bbox 228 732 1113 777; baseline -0.002 -10"><span class='ocrx_word' id='word_1_108' title='bbox 228 733 316 768; x_wconf 81' lang='lat' dir='ltr'>inter</span> <span class='ocrx_word' id='word_1_109' title='bbox 339 735 370 770; x_wconf 86' lang='lat' dir='ltr'>se</span> <span class='ocrx_word' id='word_1_110' title='bbox 382 733 600 771; x_wconf 83' lang='lat' dir='ltr'>reconciliatis</span> <span class='ocrx_word' id='word_1_111' title='bbox 622 732 693 777; x_wconf 86' lang='lat' dir='ltr'>post</span> <span class='ocrx_word' id='word_1_112' title='bbox 706 732 780 767; x_wconf 88' lang='lat' dir='ltr'>lites</span> <span class='ocrx_word' id='word_1_113' title='bbox 791 732 876 766; x_wconf 89' lang='lat' dir='ltr'>circa</span> <span class='ocrx_word' id='word_1_114' title='bbox 889 732 1029 767; x_wconf 87' lang='lat' dir='ltr'>Baffiani</span> <span class='ocrx_word' id='word_1_115' title='bbox 1043 742 1113 776; x_wconf 92' lang='lat' dir='ltr'>pro-</span> 
     </span>
     <span class='ocr_line' id='line_1_17' title="bbox 230 782 1113 828; baseline 0.001 -10"><span class='ocrx_word' id='word_1_116' title='bbox 230 784 417 818; x_wconf 78' lang='lat' dir='ltr'>motionem</span> <span class='ocrx_word' id='word_1_117' title='bbox 447 808 458 826; x_wconf 91' lang='lat'>,</span> <span class='ocrx_word' id='word_1_118' title='bbox 492 783 706 828; x_wconf 84' lang='lat' dir='ltr'>Theophilus</span> <span class='ocrx_word' id='word_1_119' title='bbox 735 782 1113 827; x_wconf 64' lang='lat' dir='ltr'>Constantinopolitanae</span> 
     </span>
     <span class='ocr_line' id='line_1_18' title="bbox 231 831 1114 878; baseline 0 -11"><span class='ocrx_word' id='word_1_120' title='bbox 231 834 385 868; x_wconf 84' lang='lat' dir='ltr'>Ecclefiae</span> <span class='ocrx_word' id='word_1_121' title='bbox 395 833 565 878; x_wconf 83' lang='lat' dir='ltr'>Presbyter</span> <span class='ocrx_word' id='word_1_122' title='bbox 575 835 661 868; x_wconf 81' lang='lat' dir='ltr'>dixit</span> <span class='ocrx_word' id='word_1_123' title='bbox 680 833 720 867; x_wconf 90' lang='lat' dir='ltr'>ad</span> <span class='ocrx_word' id='word_1_124' title='bbox 735 831 1043 868; x_wconf 80' lang='lat' dir='ltr'>Chalcedonensem</span> <span class='ocrx_word' id='word_1_125' title='bbox 1055 833 1114 875; x_wconf 87' lang='lat' dir='ltr'>Sy-</span> 
     </span>
     <span class='ocr_line' id='line_1_19' title="bbox 230 882 1113 928; baseline -0.003 -11"><span class='ocrx_word' id='word_1_126' title='bbox 230 884 358 919; x_wconf 86' lang='lat' dir='ltr'>nodum</span> <span class='ocrx_word' id='word_1_127' title='bbox 371 896 382 916; x_wconf 90' lang='lat'>.·</span> <span class='ocrx_word' id='word_1_128' title='bbox 407 884 577 924; x_wconf 82' lang='lat' dir='ltr'>Baffianum</span> <span class='ocrx_word' id='word_1_129' title='bbox 593 882 724 928; x_wconf 57' lang='lat' dir='ltr'>suscepit</span> <span class='ocrx_word' id='word_1_130' title='bbox 734 883 852 916; x_wconf 73' lang='lat' dir='ltr'>Sanc‘lae</span> <span class='ocrx_word' id='word_1_131' title='bbox 874 889 1021 917; x_wconf 68' lang='lat' dir='ltr'>memoria·</span> <span class='ocrx_word' id='word_1_132' title='bbox 1036 885 1113 915; x_wconf 86' lang='lat' dir='ltr'>Pro·-</span> 
     </span>
     <span class='ocr_line' id='line_1_20' title="bbox 228 932 1114 976; baseline -0.003 -9"><span class='ocrx_word' id='word_1_133' title='bbox 228 934 295 967; x_wconf 82' lang='lat' dir='ltr'>clus</span> <span class='ocrx_word' id='word_1_134' title='bbox 317 941 578 969; x_wconf 82' lang='lat' dir='ltr'><em>communicantem</em></span> <span class='ocrx_word' id='word_1_135' title='bbox 592 959 602 976; x_wconf 89' lang='lat'>,</span> <span class='ocrx_word' id='word_1_136' title='bbox 630 933 665 968; x_wconf 71' lang='lat'>(5</span> <span class='ocrx_word' id='word_1_137' title='bbox 685 933 875 973; x_wconf 72' lang='lat' dir='ltr'><em>synodalibus</em></span> <span class='ocrx_word' id='word_1_138' title='bbox 901 933 1010 967; x_wconf 72' lang='lat' dir='ltr'>linens</span> <span class='ocrx_word' id='word_1_139' title='bbox 1031 932 1114 965; x_wconf 85' lang='lat' dir='ltr'>bono-</span> 
     </span>
     <span class='ocr_line' id='line_1_21' title="bbox 229 981 1116 1025; baseline 0 -9"><span class='ocrx_word' id='word_1_140' title='bbox 229 994 305 1016; x_wconf 83' lang='lat' dir='ltr'>rans</span> <span class='ocrx_word' id='word_1_141' title='bbox 326 994 392 1017; x_wconf 85' lang='lat' dir='ltr'>eum</span> <span class='ocrx_word' id='word_1_142' title='bbox 407 982 516 1023; x_wconf 76' lang='lat' dir='ltr'>dimisit</span> <span class='ocrx_word' id='word_1_143' title='bbox 535 985 581 1019; x_wconf 79' lang='lat' dir='ltr'>ad</span> <span class='ocrx_word' id='word_1_144' title='bbox 589 982 743 1025; x_wconf 81' lang='lat' dir='ltr'><em>Ephesum</em></span> <span class='ocrx_word' id='word_1_145' title='bbox 757 1007 767 1023; x_wconf 93' lang='lat'>,</span> <span class='ocrx_word' id='word_1_146' title='bbox 793 984 828 1016; x_wconf 63' lang='lat' dir='ltr'>&lt;ir</span> <span class='ocrx_word' id='word_1_147' title='bbox 841 987 874 1015; x_wconf 78' lang='lat' dir='ltr'>in</span> <span class='ocrx_word' id='word_1_148' title='bbox 888 981 1042 1025; x_wconf 76' lang='lat' dir='ltr'>Dypeicbls</span> <span class='ocrx_word' id='word_1_149' title='bbox 1063 991 1116 1024; x_wconf 83' lang='lat' dir='ltr'>po-</span> 
     </span>
     <span class='ocr_line' id='line_1_22' title="bbox 224 1030 1116 1075; baseline 0.001 -11"><span class='ocrx_word' id='word_1_150' title='bbox 224 1030 291 1075; x_wconf 70' lang='lat' dir='ltr'>suit</span> <span class='ocrx_word' id='word_1_151' title='bbox 312 1034 373 1072; x_wconf 74' lang='lat' dir='ltr'>ejus</span> <span class='ocrx_word' id='word_1_152' title='bbox 394 1042 517 1071; x_wconf 80' lang='lat' dir='ltr'>nomen,</span> <span class='ocrx_word' id='word_1_153' title='bbox 547 1031 771 1070; x_wconf 64' lang='lat' dir='ltr'>&amp;recitabatur</span> <span class='ocrx_word' id='word_1_154' title='bbox 793 1030 882 1075; x_wconf 86' lang='lat' dir='ltr'>usque</span> <span class='ocrx_word' id='word_1_155' title='bbox 905 1035 949 1067; x_wconf 78' lang='lat' dir='ltr'>ad</span> <span class='ocrx_word' id='word_1_156' title='bbox 969 1035 1116 1067; x_wconf 75' lang='lat' dir='ltr'>modicum</span> 
     </span>
     <span class='ocr_line' id='line_1_23' title="bbox 227 1079 1115 1127; baseline 0.006 -15"><span class='ocrx_word' id='word_1_157' title='bbox 227 1079 341 1113; x_wconf 70' lang='lat' dir='ltr'>abhinc</span> <span class='ocrx_word' id='word_1_158' title='bbox 365 1088 483 1123; x_wconf 83' lang='lat' dir='ltr'>tempus</span> <span class='ocrx_word' id='word_1_159' title='bbox 506 1105 514 1113; x_wconf 86' lang='lat'><strong>.</strong></span> <span class='ocrx_word' id='word_1_160' title='bbox 544 1082 652 1116; x_wconf 87' lang='lat' dir='ltr'>Etiam</span> <span class='ocrx_word' id='word_1_161' title='bbox 679 1083 778 1116; x_wconf 87' lang='lat' dir='ltr'>trium</span> <span class='ocrx_word' id='word_1_162' title='bbox 805 1081 1115 1127; x_wconf 74' lang='lat' dir='ltr'>Autocephalorum</span> 
     </span>
     <span class='ocr_line' id='line_1_24' title="bbox 225 1126 1116 1177; baseline 0.006 -15"><span class='ocrx_word' id='word_1_163' title='bbox 225 1126 411 1163; x_wconf 79' lang='lat' dir='ltr'>Primatum</span> <span class='ocrx_word' id='word_1_164' title='bbox 436 1131 574 1165; x_wconf 83' lang='lat' dir='ltr'>nomina</span> <span class='ocrx_word' id='word_1_165' title='bbox 597 1133 751 1167; x_wconf 82' lang='lat' dir='ltr'>videntur</span> <span class='ocrx_word' id='word_1_166' title='bbox 762 1132 842 1165; x_wconf 89' lang='lat' dir='ltr'>olim</span> <span class='ocrx_word' id='word_1_167' title='bbox 855 1133 949 1171; x_wconf 69' lang='lat' dir='ltr'>fuisse</span> <span class='ocrx_word' id='word_1_168' title='bbox 965 1134 1116 1177; x_wconf 86' lang='lat' dir='ltr'>inscripta</span> 
     </span>
     <span class='ocr_line' id='line_1_25' title="bbox 227 1179 1116 1224; baseline 0.006 -12"><span class='ocrx_word' id='word_1_169' title='bbox 227 1189 266 1213; x_wconf 85' lang='lat' dir='ltr'>ac</span> <span class='ocrx_word' id='word_1_170' title='bbox 290 1179 420 1215; x_wconf 88' lang='lat' dir='ltr'>recitata</span> <span class='ocrx_word' id='word_1_171' title='bbox 441 1180 526 1224; x_wconf 87' lang='lat' dir='ltr'>apud</span> <span class='ocrx_word' id='word_1_172' title='bbox 541 1181 770 1217; x_wconf 75' lang='lat' dir='ltr'>patriarchales</span> <span class='ocrx_word' id='word_1_173' title='bbox 791 1183 969 1219; x_wconf 68' lang='lat' dir='ltr'>Ecclefiasz</span> <span class='ocrx_word' id='word_1_174' title='bbox 998 1184 1041 1218; x_wconf 90' lang='lat' dir='ltr'>Et</span> <span class='ocrx_word' id='word_1_175' title='bbox 1053 1183 1116 1217; x_wconf 86' lang='lat' dir='ltr'>isto</span> 
     </span>
     <span class='ocr_line' id='line_1_26' title="bbox 227 1229 1118 1277; baseline 0.004 -15"><span class='ocrx_word' id='word_1_176' title='bbox 227 1229 297 1272; x_wconf 81' lang='lat' dir='ltr'>jure</span> <span class='ocrx_word' id='word_1_177' title='bbox 321 1230 407 1272; x_wconf 83' lang='lat' dir='ltr'>ipsos</span> <span class='ocrx_word' id='word_1_178' title='bbox 427 1231 550 1277; x_wconf 84' lang='lat' dir='ltr'>privare</span> <span class='ocrx_word' id='word_1_179' title='bbox 574 1233 749 1266; x_wconf 85' lang='lat' dir='ltr'>noluerunt</span> <span class='ocrx_word' id='word_1_180' title='bbox 763 1232 848 1269; x_wconf 89' lang='lat' dir='ltr'>inter</span> <span class='ocrx_word' id='word_1_181' title='bbox 868 1232 1046 1266; x_wconf 71' lang='lat' dir='ltr'>invasionis</span> <span class='ocrx_word' id='word_1_182' title='bbox 1058 1233 1118 1275; x_wconf 86' lang='lat' dir='ltr'>pri-</span> 
     </span>
     <span class='ocr_line' id='line_1_27' title="bbox 227 1277 1117 1327; baseline 0.002 -14"><span class='ocrx_word' id='word_1_183' title='bbox 227 1277 355 1315; x_wconf 83' lang='lat' dir='ltr'>mordia</span> <span class='ocrx_word' id='word_1_184' title='bbox 381 1280 437 1327; x_wconf 69' lang='lat' dir='ltr'>ipsi</span> <span class='ocrx_word' id='word_1_185' title='bbox 450 1281 550 1317; x_wconf 86' lang='lat' dir='ltr'>etiam</span> <span class='ocrx_word' id='word_1_186' title='bbox 561 1280 926 1324; x_wconf 78' lang='lat' dir='ltr'>Constantinopolitani</span> <span class='ocrx_word' id='word_1_187' title='bbox 939 1282 1093 1326; x_wconf 85' lang='lat' dir='ltr'>Episcopi</span> <span class='ocrx_word' id='word_1_188' title='bbox 1110 1308 1117 1315; x_wconf 94' lang='lat'><strong>.</strong></span> 
     </span>
     <span class='ocr_line' id='line_1_28' title="bbox 229 1329 1114 1375; baseline 0.005 -13"><span class='ocrx_word' id='word_1_189' title='bbox 229 1329 407 1374; x_wconf 79' lang='lat' dir='ltr'>Qidquid</span> <span class='ocrx_word' id='word_1_190' title='bbox 429 1330 465 1364; x_wconf 87' lang='lat' dir='ltr'>fit</span> <span class='ocrx_word' id='word_1_191' title='bbox 487 1355 499 1373; x_wconf 89' lang='lat'>‚</span> <span class='ocrx_word' id='word_1_192' title='bbox 526 1331 753 1371; x_wconf 80' lang='lat' dir='ltr'>Maximianus</span> <span class='ocrx_word' id='word_1_193' title='bbox 781 1331 962 1375; x_wconf 86' lang='lat' dir='ltr'>Episcopus</span> <span class='ocrx_word' id='word_1_194' title='bbox 993 1344 1114 1368; x_wconf 88' lang='lat' dir='ltr'>nornen</span> 
     </span>
     <span class='ocr_line' id='line_1_29' title="bbox 227 1378 1116 1425; baseline 0.006 -14"><span class='ocrx_word' id='word_1_195' title='bbox 227 1378 323 1412; x_wconf 83' lang='lat' dir='ltr'>suum</span> <span class='ocrx_word' id='word_1_196' title='bbox 336 1380 464 1417; x_wconf 82' lang='lat' dir='ltr'>inscribi</span> <span class='ocrx_word' id='word_1_197' title='bbox 482 1390 520 1416; x_wconf 81' lang='lat' dir='ltr'>ac</span> <span class='ocrx_word' id='word_1_198' title='bbox 530 1382 656 1418; x_wconf 80' lang='lat' dir='ltr'>recitari</span> <span class='ocrx_word' id='word_1_199' title='bbox 679 1380 784 1415; x_wconf 83' lang='lat' dir='ltr'>voluit</span> <span class='ocrx_word' id='word_1_200' title='bbox 795 1382 895 1416; x_wconf 82' lang='lat' dir='ltr'>etiam</span> <span class='ocrx_word' id='word_1_201' title='bbox 911 1380 996 1425; x_wconf 85' lang='lat' dir='ltr'>apud</span> <span class='ocrx_word' id='word_1_202' title='bbox 1008 1381 1116 1422; x_wconf 86' lang='lat' dir='ltr'>Thar-</span> 
     </span>
     <span class='ocr_line' id='line_1_30' title="bbox 227 1428 1116 1475; baseline 0.007 -14"><span class='ocrx_word' id='word_1_203' title='bbox 227 1428 355 1466; x_wconf 66' lang='lat' dir='ltr'>sensem,</span> <span class='ocrx_word' id='word_1_204' title='bbox 369 1429 546 1468; x_wconf 68' lang='lat' dir='ltr'>Ecclefiam,</span> <span class='ocrx_word' id='word_1_205' title='bbox 560 1454 572 1475; x_wconf 66' lang='lat'><em>2</em></span> <span class='ocrx_word' id='word_1_206' title='bbox 598 1441 693 1475; x_wconf 87' lang='lat' dir='ltr'>atque</span> <span class='ocrx_word' id='word_1_207' title='bbox 707 1432 752 1466; x_wconf 86' lang='lat' dir='ltr'>ita</span> <span class='ocrx_word' id='word_1_208' title='bbox 767 1443 828 1466; x_wconf 89' lang='lat' dir='ltr'>nos</span> <span class='ocrx_word' id='word_1_209' title='bbox 839 1432 936 1466; x_wconf 86' lang='lat' dir='ltr'>docet</span> <span class='ocrx_word' id='word_1_210' title='bbox 952 1433 1045 1471; x_wconf 81' lang='lat' dir='ltr'>istam</span> <span class='ocrx_word' id='word_1_211' title='bbox 1059 1432 1116 1472; x_wconf 80' lang='lat' dir='ltr'>ho·</span> 
     </span>
     <span class='ocr_line' id='line_1_31' title="bbox 227 1478 1116 1521; baseline 0.008 -10"><span class='ocrx_word' id='word_1_212' title='bbox 227 1479 322 1512; x_wconf 83' lang='lat' dir='ltr'>noris</span> <span class='ocrx_word' id='word_1_213' title='bbox 339 1478 479 1521; x_wconf 83' lang='lat' dir='ltr'>speciem</span> <span class='ocrx_word' id='word_1_214' title='bbox 505 1482 708 1518; x_wconf 76' lang='lat' dir='ltr'>consueviss&#39;e</span> <span class='ocrx_word' id='word_1_215' title='bbox 730 1492 810 1515; x_wconf 87' lang='lat' dir='ltr'>tunc</span> <span class='ocrx_word' id='word_1_216' title='bbox 835 1481 952 1516; x_wconf 86' lang='lat' dir='ltr'>alienis</span> <span class='ocrx_word' id='word_1_217' title='bbox 978 1484 1116 1521; x_wconf 82' lang='lat' dir='ltr'>Patriar-</span> 
     </span>
     <span class='ocr_line' id='line_1_32' title="bbox 227 1525 1116 1575; baseline 0.008 -14"><span class='ocrx_word' id='word_1_218' title='bbox 227 1525 300 1561; x_wconf 88' lang='lat' dir='ltr'>chis</span> <span class='ocrx_word' id='word_1_219' title='bbox 317 1526 484 1575; x_wconf 79' lang='lat' dir='ltr'>impendi,</span> <span class='ocrx_word' id='word_1_220' title='bbox 513 1541 581 1564; x_wconf 88' lang='lat' dir='ltr'>non</span> <span class='ocrx_word' id='word_1_221' title='bbox 594 1531 766 1566; x_wconf 82' lang='lat' dir='ltr'>dumtaxat</span> <span class='ocrx_word' id='word_1_222' title='bbox 790 1531 823 1564; x_wconf 93' lang='lat' dir='ltr'>in</span> <span class='ocrx_word' id='word_1_223' title='bbox 839 1530 1116 1568; x_wconf 75' lang='lat' dir='ltr'>patriarchalibus</span> 
     </span>
     <span class='ocr_line' id='line_1_33' title="bbox 225 1575 1115 1624; baseline 0.009 -14"><span class='ocrx_word' id='word_1_224' title='bbox 225 1575 377 1614; x_wconf 81' lang='lat' dir='ltr'>Ecclefiis</span> <span class='ocrx_word' id='word_1_225' title='bbox 388 1600 399 1617; x_wconf 92' lang='lat'><strong>,</strong></span> <span class='ocrx_word' id='word_1_226' title='bbox 425 1579 478 1612; x_wconf 90' lang='lat' dir='ltr'>sed</span> <span class='ocrx_word' id='word_1_227' title='bbox 489 1579 568 1618; x_wconf 84' lang='lat' dir='ltr'>&amp;in</span> <span class='ocrx_word' id='word_1_228' title='bbox 580 1581 704 1615; x_wconf 65' lang='lat' dir='ltr'>cunctis</span> <span class='ocrx_word' id='word_1_229' title='bbox 719 1581 988 1624; x_wconf 83' lang='lat' dir='ltr'>Metropolitanis</span> <span class='ocrx_word' id='word_1_230' title='bbox 1003 1608 1010 1616; x_wconf 90' lang='lat'>.</span> <span class='ocrx_word' id='word_1_231' title='bbox 1037 1584 1115 1619; x_wconf 91' lang='lat' dir='ltr'>For-</span> 
     </span>
     <span class='ocr_line' id='line_1_34' title="bbox 226 1627 832 1667; baseline 0.003 -5"><span class='ocrx_word' id='word_1_232' title='bbox 226 1627 312 1662; x_wconf 75' lang='lat' dir='ltr'>fitan</span> <span class='ocrx_word' id='word_1_233' title='bbox 332 1627 367 1662; x_wconf 90' lang='lat'>&amp;</span> <span class='ocrx_word' id='word_1_234' title='bbox 378 1629 413 1662; x_wconf 88' lang='lat' dir='ltr'>in</span> <span class='ocrx_word' id='word_1_235' title='bbox 422 1629 548 1664; x_wconf 65' lang='lat' dir='ltr'>cunctis</span> <span class='ocrx_word' id='word_1_236' title='bbox 561 1630 832 1667; x_wconf 87' lang='lat' dir='ltr'>Cathedralibus.</span> 
     </span>
    </p>
   </div>
   <div class='ocr_carea' id='block_1_9' title="bbox 232 1797 1107 1815">
    <p class='ocr_par' dir='ltr' id='par_1_9' title="bbox 232 1797 1107 1815">
     <span class='ocr_line' id='line_1_35' title="bbox 232 1797 1107 1815; baseline 0 1915"><span class='ocrx_word' id='word_1_237' title='bbox 232 1797 1107 1815; x_wconf 95' lang='lat' dir='ltr'> </span> 
     </span>
    </p>
   </div>
   <div class='ocr_carea' id='block_1_10' title="bbox 432 1940 1117 2006">
    <p class='ocr_par' dir='ltr' id='par_1_10' title="bbox 432 1940 1117 2006">
     <span class='ocr_line' id='line_1_36' title="bbox 432 1940 1117 2006; baseline 0.009 -19"><span class='ocrx_word' id='word_1_238' title='bbox 432 1940 696 1991; x_wconf 86' lang='lat' dir='ltr'><strong>CAPUT</strong></span> <span class='ocrx_word' id='word_1_239' title='bbox 731 1943 891 2006; x_wconf 84' lang='lat' dir='ltr'>XLIX.</span> <span class='ocrx_word' id='word_1_240' title='bbox 953 1960 1117 2006; x_wconf 77' lang='lat'><em>---137</em></span> 
     </span>
    </p>
   </div>
   <div class='ocr_carea' id='block_1_11' title="bbox 230 2131 1121 2475">
    <p class='ocr_par' dir='ltr' id='par_1_11' title="bbox 230 2131 1121 2475">
     <span class='ocr_line' id='line_1_37' title="bbox 230 2131 1121 2202; baseline 0 -24"><span class='ocrx_word' id='word_1_241' title='bbox 230 2132 324 2179; x_wconf 83' lang='lat' dir='ltr'>Item</span> <span class='ocrx_word' id='word_1_242' title='bbox 358 2131 528 2200; x_wconf 77' lang='lat' dir='ltr'>Epistola</span> <span class='ocrx_word' id='word_1_243' title='bbox 563 2133 721 2188; x_wconf 78' lang='lat' dir='ltr'>Joanm&#39;s</span> <span class='ocrx_word' id='word_1_244' title='bbox 769 2131 987 2181; x_wconf 72' lang='lat' dir='ltr'>Antiochem⁸</span> <span class='ocrx_word' id='word_1_245' title='bbox 1021 2138 1121 2202; x_wconf 72' lang='lat' dir='ltr'>Epi.</span> 
     </span>
     <span class='ocr_line' id='line_1_38' title="bbox 292 2200 1119 2274; baseline -0.001 -26"><span class='ocrx_word' id='word_1_246' title='bbox 292 2200 403 2270; x_wconf 65' lang='lat' dir='ltr'>stOPi</span> <span class='ocrx_word' id='word_1_247' title='bbox 434 2201 486 2248; x_wconf 81' lang='lat' dir='ltr'>ad</span> <span class='ocrx_word' id='word_1_248' title='bbox 509 2201 662 2250; x_wconf 80' lang='lat' dir='ltr'>Clerum</span> <span class='ocrx_word' id='word_1_249' title='bbox 698 2203 955 2274; x_wconf 67' lang='lat' dir='ltr'>&amp;Populum</span> <span class='ocrx_word' id='word_1_250' title='bbox 980 2202 1119 2251; x_wconf 81' lang='lat' dir='ltr'>Thar-</span> 
     </span>
     <span class='ocr_line' id='line_1_39' title="bbox 290 2270 1120 2344; baseline 0.001 -25"><span class='ocrx_word' id='word_1_251' title='bbox 290 2270 409 2339; x_wconf 77' lang='lat' dir='ltr'>ftnfis</span> <span class='ocrx_word' id='word_1_252' title='bbox 444 2270 641 2337; x_wconf 58' lang='lat' dir='ltr'>Ecclesiae,</span> <span class='ocrx_word' id='word_1_253' title='bbox 678 2271 823 2339; x_wconf 57' lang='lat' dir='ltr'>quando</span> <span class='ocrx_word' id='word_1_254' title='bbox 852 2271 1091 2344; x_wconf 56' lang='lat' dir='ltr'>petssmuerat</span> <span class='ocrx_word' id='word_1_255' title='bbox 1107 2311 1120 2335; x_wconf 82' lang='lat'>‚</span> 
     </span>
     <span class='ocr_line' id='line_1_40' title="bbox 301 2339 1121 2412; baseline 0.004 -23"><span class='ocrx_word' id='word_1_256' title='bbox 301 2342 397 2408; x_wconf 75' lang='lat' dir='ltr'>quod</span> <span class='ocrx_word' id='word_1_257' title='bbox 421 2345 628 2410; x_wconf 79' lang='lat' dir='ltr'>Imperator</span> <span class='ocrx_word' id='word_1_258' title='bbox 644 2339 831 2410; x_wconf 75' lang='lat' dir='ltr'>juffiffit‚</span> <span class='ocrx_word' id='word_1_259' title='bbox 868 2361 910 2390; x_wconf 82' lang='lat' dir='ltr'>ut</span> <span class='ocrx_word' id='word_1_260' title='bbox 935 2343 1016 2392; x_wconf 77' lang='lat' dir='ltr'>inde</span> <span class='ocrx_word' id='word_1_261' title='bbox 1038 2343 1121 2412; x_wconf 87' lang='lat' dir='ltr'>pel-</span> 
     </span>
     <span class='ocr_line' id='line_1_41' title="bbox 303 2409 1121 2475; baseline 0.005 -17"><span class='ocrx_word' id='word_1_262' title='bbox 303 2410 436 2458; x_wconf 78' lang='lat' dir='ltr'>leretur</span> <span class='ocrx_word' id='word_1_263' title='bbox 471 2409 671 2457; x_wconf 75' lang='lat' dir='ltr'>Helladius</span> <span class='ocrx_word' id='word_1_264' title='bbox 701 2446 715 2469; x_wconf 83' lang='lat'>‚</span> <span class='ocrx_word' id='word_1_265' title='bbox 763 2410 801 2457; x_wconf 76' lang='lat' dir='ltr'>e&#39;o</span> <span class='ocrx_word' id='word_1_266' title='bbox 837 2411 934 2475; x_wconf 76' lang='lat' dir='ltr'>quod</span> <span class='ocrx_word' id='word_1_267' title='bbox 968 2410 1121 2462; x_wconf 58' lang='lat' dir='ltr'>minim&amp;</span> 
     </span>
    </p>
   </div>
   <div class='ocr_carea' id='block_1_12' title="bbox 255 2474 1122 2552">
    <p class='ocr_par' dir='ltr' id='par_1_12' title="bbox 255 2474 1122 2552">
     <span class='ocr_line' id='line_1_42' title="bbox 255 2474 1122 2552; baseline 0 -27"><span class='ocrx_word' id='word_1_268' title='bbox 255 2530 258 2534; x_wconf 51' lang='grc'><em>,</em></span> <span class='ocrx_word' id='word_1_269' title='bbox 293 2476 507 2548; x_wconf 65' lang='lat' dir='ltr'>fisfiepfflt</span> <span class='ocrx_word' id='word_1_270' title='bbox 533 2483 781 2528; x_wconf 76' lang='lat' dir='ltr'>Maximiani</span> <span class='ocrx_word' id='word_1_271' title='bbox 813 2474 991 2552; x_wconf 61' lang='lat' dir='ltr'>Episcopi</span> <span class='ocrx_word' id='word_1_272' title='bbox 1023 2487 1122 2532; x_wconf 72' lang='lat' dir='ltr'>Con-</span> 
     </span>
    </p>
   </div>
   <div class='ocr_carea' id='block_1_13' title="bbox 292 2546 868 2617">
    <p class='ocr_par' dir='ltr' id='par_1_13' title="bbox 292 2546 868 2617">
     <span class='ocr_line' id='line_1_43' title="bbox 292 2546 868 2617; baseline 0.002 -20"><span class='ocrx_word' id='word_1_273' title='bbox 292 2546 619 2617; x_wconf 76' lang='lat' dir='ltr'>staminopolitani</span> <span class='ocrx_word' id='word_1_274' title='bbox 653 2553 684 2594; x_wconf 87' lang='lat' dir='ltr'><em>S</em></span> <span class='ocrx_word' id='word_1_275' title='bbox 672 2548 839 2614; x_wconf 80' lang='lat' dir='ltr'>ynodica</span> <span class='ocrx_word' id='word_1_276' title='bbox 853 2585 868 2598; x_wconf 88' lang='lat'><strong>.</strong></span> 
     </span>
    </p>
   </div>
   <div class='ocr_carea' id='block_1_14' title="bbox 232 2726 1125 3427">
    <p class='ocr_par' dir='ltr' id='par_1_14' title="bbox 232 2726 1125 3427">
     <span class='ocr_line' id='line_1_44' title="bbox 236 2726 1122 2813; baseline 0.005 -50"><span class='ocrx_word' id='word_1_277' title='bbox 236 2729 395 2813; x_wconf 80' lang='lat' dir='ltr'>FAma</span> <span class='ocrx_word' id='word_1_278' title='bbox 409 2727 557 2775; x_wconf 81' lang='lat' dir='ltr'>quaedam</span> <span class='ocrx_word' id='word_1_279' title='bbox 580 2727 703 2763; x_wconf 77' lang='lat' dir='ltr'>novelli</span> <span class='ocrx_word' id='word_1_280' title='bbox 714 2726 803 2764; x_wconf 69' lang='lat' dir='ltr'>Facti</span> <span class='ocrx_word' id='word_1_281' title='bbox 815 2737 930 2765; x_wconf 89' lang='lat' dir='ltr'>contra</span> <span class='ocrx_word' id='word_1_282' title='bbox 943 2728 1122 2767; x_wconf 74' lang='lat' dir='ltr'>Ecclesiam</span> 
     </span>
     <span class='ocr_line' id='line_1_45' title="bbox 332 2778 1125 2823; baseline 0.005 -10"><span class='ocrx_word' id='word_1_283' title='bbox 332 2779 472 2813; x_wconf 86' lang='lat' dir='ltr'>vestram</span> <span class='ocrx_word' id='word_1_284' title='bbox 482 2778 663 2823; x_wconf 83' lang='lat' dir='ltr'>fignificata</span> <span class='ocrx_word' id='word_1_285' title='bbox 675 2802 686 2819; x_wconf 88' lang='lat'>‚</span> <span class='ocrx_word' id='word_1_286' title='bbox 712 2779 810 2814; x_wconf 89' lang='lat' dir='ltr'>nobis</span> <span class='ocrx_word' id='word_1_287' title='bbox 821 2779 921 2816; x_wconf 89' lang='lat' dir='ltr'>etiam</span> <span class='ocrx_word' id='word_1_288' title='bbox 946 2783 1125 2817; x_wconf 88' lang='lat' dir='ltr'>annuntia-</span> 
     </span>
     <span class='ocr_line' id='line_1_46' title="bbox 234 2828 1122 2875; baseline 0.005 -12"><span class='ocrx_word' id='word_1_289' title='bbox 234 2839 269 2863; x_wconf 90' lang='lat' dir='ltr'>ta</span> <span class='ocrx_word' id='word_1_290' title='bbox 276 2828 340 2863; x_wconf 89' lang='lat' dir='ltr'>est.</span> <span class='ocrx_word' id='word_1_291' title='bbox 370 2829 445 2865; x_wconf 90' lang='lat' dir='ltr'>Sive</span> <span class='ocrx_word' id='word_1_292' title='bbox 458 2838 568 2863; x_wconf 85' lang='lat' dir='ltr'>autem</span> <span class='ocrx_word' id='word_1_293' title='bbox 577 2829 663 2874; x_wconf 82' lang='lat' dir='ltr'>sama</span> <span class='ocrx_word' id='word_1_294' title='bbox 675 2828 719 2863; x_wconf 85' lang='lat' dir='ltr'>est</span> <span class='ocrx_word' id='word_1_295' title='bbox 732 2853 743 2871; x_wconf 92' lang='lat'>‚</span> <span class='ocrx_word' id='word_1_296' title='bbox 769 2830 831 2864; x_wconf 83' lang='lat' dir='ltr'>five</span> <span class='ocrx_word' id='word_1_297' title='bbox 844 2841 893 2864; x_wconf 89' lang='lat' dir='ltr'>res</span> <span class='ocrx_word' id='word_1_298' title='bbox 902 2855 913 2872; x_wconf 86' lang='lat'><strong>,</strong></span> <span class='ocrx_word' id='word_1_299' title='bbox 941 2842 1038 2875; x_wconf 88' lang='lat' dir='ltr'>quam</span> <span class='ocrx_word' id='word_1_300' title='bbox 1051 2833 1122 2868; x_wconf 87' lang='lat' dir='ltr'>sore</span> 
     </span>
     <span class='ocr_line' id='line_1_47' title="bbox 232 2874 1122 2927; baseline 0.004 -13"><span class='ocrx_word' id='word_1_301' title='bbox 232 2874 326 2914; x_wconf 82' lang='lat' dir='ltr'>venit</span> <span class='ocrx_word' id='word_1_302' title='bbox 349 2879 382 2913; x_wconf 90' lang='lat' dir='ltr'>in</span> <span class='ocrx_word' id='word_1_303' title='bbox 397 2879 551 2914; x_wconf 86' lang='lat' dir='ltr'>notitiam</span> <span class='ocrx_word' id='word_1_304' title='bbox 577 2878 712 2914; x_wconf 87' lang='lat' dir='ltr'>vestram</span> <span class='ocrx_word' id='word_1_305' title='bbox 729 2903 740 2922; x_wconf 90' lang='lat'>,</span> <span class='ocrx_word' id='word_1_306' title='bbox 764 2891 834 2924; x_wconf 79' lang='lat' dir='ltr'>quae</span> <span class='ocrx_word' id='word_1_307' title='bbox 856 2879 940 2915; x_wconf 76' lang='lat' dir='ltr'>bene</span> <span class='ocrx_word' id='word_1_308' title='bbox 950 2893 989 2917; x_wconf 86' lang='lat' dir='ltr'>ac</span> <span class='ocrx_word' id='word_1_309' title='bbox 1001 2882 1122 2927; x_wconf 69' lang='lat' dir='ltr'>magne</span> 
     </span>
     <span class='ocr_line' id='line_1_48' title="bbox 233 2927 1122 2977; baseline 0.006 -15"><span class='ocrx_word' id='word_1_310' title='bbox 233 2928 405 2964; x_wconf 81' lang='lat' dir='ltr'>inchoavit</span> <span class='ocrx_word' id='word_1_311' title='bbox 418 2941 477 2973; x_wconf 88' lang='lat' dir='ltr'>pro</span> <span class='ocrx_word' id='word_1_312' title='bbox 488 2927 611 2964; x_wconf 88' lang='lat' dir='ltr'>Christi</span> <span class='ocrx_word' id='word_1_313' title='bbox 622 2928 704 2965; x_wconf 88' lang='lat' dir='ltr'>Fide</span> <span class='ocrx_word' id='word_1_314' title='bbox 714 2931 893 2965; x_wconf 86' lang='lat' dir='ltr'>certamina</span> <span class='ocrx_word' id='word_1_315' title='bbox 915 2932 1040 2967; x_wconf 84' lang='lat' dir='ltr'>fortiter</span> <span class='ocrx_word' id='word_1_316' title='bbox 1051 2944 1122 2977; x_wconf 87' lang='lat' dir='ltr'>pro·</span> 
     </span>
     <span class='ocr_line' id='line_1_49' title="bbox 234 2978 1121 3027; baseline 0.007 -16"><span class='ocrx_word' id='word_1_317' title='bbox 234 2988 402 3022; x_wconf 80' lang='lat' dir='ltr'>pugnare,</span> <span class='ocrx_word' id='word_1_318' title='bbox 429 2978 620 3014; x_wconf 87' lang='lat' dir='ltr'>&amp;favillam</span> <span class='ocrx_word' id='word_1_319' title='bbox 640 2979 784 3015; x_wconf 82' lang='lat' dir='ltr'>arbitrari</span> <span class='ocrx_word' id='word_1_320' title='bbox 797 2980 900 3027; x_wconf 84' lang='lat' dir='ltr'>ipsam</span> <span class='ocrx_word' id='word_1_321' title='bbox 912 2982 999 3018; x_wconf 68' lang='lat' dir='ltr'>Facti</span> <span class='ocrx_word' id='word_1_322' title='bbox 1011 3008 1022 3025; x_wconf 93' lang='lat'>,</span> <span class='ocrx_word' id='word_1_323' title='bbox 1050 2994 1121 3027; x_wconf 78' lang='lat' dir='ltr'>quae</span> 
     </span>
     <span class='ocr_line' id='line_1_50' title="bbox 234 3029 1119 3073; baseline 0.007 -11"><span class='ocrx_word' id='word_1_324' title='bbox 234 3037 350 3062; x_wconf 87' lang='lat' dir='ltr'>contra</span> <span class='ocrx_word' id='word_1_325' title='bbox 363 3039 422 3062; x_wconf 88' lang='lat' dir='ltr'>vos</span> <span class='ocrx_word' id='word_1_326' title='bbox 435 3029 583 3064; x_wconf 87' lang='lat' dir='ltr'>nuntiata</span> <span class='ocrx_word' id='word_1_327' title='bbox 593 3029 638 3063; x_wconf 86' lang='lat' dir='ltr'>est</span> <span class='ocrx_word' id='word_1_328' title='bbox 650 3055 662 3073; x_wconf 89' lang='lat'>‚</span> <span class='ocrx_word' id='word_1_329' title='bbox 688 3031 885 3067; x_wconf 85' lang='lat' dir='ltr'>novitatem.</span> <span class='ocrx_word' id='word_1_330' title='bbox 913 3032 1014 3067; x_wconf 84' lang='lat' dir='ltr'>Talia</span> <span class='ocrx_word' id='word_1_331' title='bbox 1030 3034 1119 3068; x_wconf 83' lang='lat' dir='ltr'>enim</span> 
     </span>
     <span class='ocr_line' id='line_1_51' title="bbox 234 3077 1119 3119; baseline 0.01 -9"><span class='ocrx_word' id='word_1_332' title='bbox 234 3077 333 3111; x_wconf 85' lang='lat' dir='ltr'>novit</span> <span class='ocrx_word' id='word_1_333' title='bbox 355 3077 488 3119; x_wconf 85' lang='lat' dir='ltr'>quidem</span> <span class='ocrx_word' id='word_1_334' title='bbox 506 3079 639 3114; x_wconf 87' lang='lat' dir='ltr'>dextera</span> <span class='ocrx_word' id='word_1_335' title='bbox 659 3080 725 3116; x_wconf 80' lang='lat' dir='ltr'>Dei</span> <span class='ocrx_word' id='word_1_336' title='bbox 743 3080 929 3119; x_wconf 85' lang='lat' dir='ltr'>dissolvere.</span> <span class='ocrx_word' id='word_1_337' title='bbox 959 3084 1028 3119; x_wconf 90' lang='lat' dir='ltr'>Scit</span> <span class='ocrx_word' id='word_1_338' title='bbox 1041 3083 1119 3119; x_wconf 75' lang='lat' dir='ltr'>vero</span> 
     </span>
     <span class='ocr_line' id='line_1_52' title="bbox 234 3127 1117 3178; baseline 0.008 -18"><span class='ocrx_word' id='word_1_339' title='bbox 234 3127 272 3161; x_wconf 78' lang='grc' dir='ltr'>δε</span> <span class='ocrx_word' id='word_1_340' title='bbox 293 3128 443 3172; x_wconf 85' lang='lat' dir='ltr'>egregius</span> <span class='ocrx_word' id='word_1_341' title='bbox 464 3131 594 3165; x_wconf 86' lang='lat' dir='ltr'>animus</span> <span class='ocrx_word' id='word_1_342' title='bbox 616 3129 758 3166; x_wconf 87' lang='lat' dir='ltr'>irrifione</span> <span class='ocrx_word' id='word_1_343' title='bbox 792 3131 895 3178; x_wconf 84' lang='lat' dir='ltr'>digna</span> <span class='ocrx_word' id='word_1_344' title='bbox 917 3133 1117 3169; x_wconf 86' lang='lat' dir='ltr'>monstrare.</span> 
     </span>
     <span class='ocr_line' id='line_1_53' title="bbox 235 3176 1117 3225; baseline 0.009 -15"><span class='ocrx_word' id='word_1_345' title='bbox 235 3176 347 3212; x_wconf 86' lang='lat' dir='ltr'>Unde</span> <span class='ocrx_word' id='word_1_346' title='bbox 368 3187 450 3222; x_wconf 90' lang='lat' dir='ltr'>rogo</span> <span class='ocrx_word' id='word_1_347' title='bbox 473 3179 658 3215; x_wconf 82' lang='lat' dir='ltr'>vestramin</span> <span class='ocrx_word' id='word_1_348' title='bbox 668 3179 800 3217; x_wconf 86' lang='lat' dir='ltr'>Christo</span> <span class='ocrx_word' id='word_1_349' title='bbox 812 3181 1029 3225; x_wconf 86' lang='lat' dir='ltr'>Beatitatem‚</span> <span class='ocrx_word' id='word_1_350' title='bbox 1057 3194 1117 3218; x_wconf 89' lang='lat' dir='ltr'>ne-</span> 
     </span>
     <span class='ocr_line' id='line_1_54' title="bbox 236 3230 1116 3278; baseline 0.01 -18"><span class='ocrx_word' id='word_1_351' title='bbox 236 3237 302 3271; x_wconf 87' lang='lat' dir='ltr'>que</span> <span class='ocrx_word' id='word_1_352' title='bbox 310 3238 445 3271; x_wconf 84' lang='lat' dir='ltr'>corpore</span> <span class='ocrx_word' id='word_1_353' title='bbox 457 3235 469 3268; x_wconf 73' lang='lat'>3</span> <span class='ocrx_word' id='word_1_354' title='bbox 500 3240 606 3274; x_wconf 88' lang='lat' dir='ltr'>neque</span> <span class='ocrx_word' id='word_1_355' title='bbox 616 3230 722 3266; x_wconf 86' lang='lat' dir='ltr'>anima</span> <span class='ocrx_word' id='word_1_356' title='bbox 733 3241 843 3277; x_wconf 84' lang='lat' dir='ltr'>praetet</span> <span class='ocrx_word' id='word_1_357' title='bbox 854 3233 908 3269; x_wconf 86' lang='lat' dir='ltr'>illa</span> <span class='ocrx_word' id='word_1_358' title='bbox 920 3258 931 3275; x_wconf 88' lang='lat'>‚</span> <span class='ocrx_word' id='word_1_359' title='bbox 950 3245 1019 3278; x_wconf 80' lang='lat' dir='ltr'>quae</span> <span class='ocrx_word' id='word_1_360' title='bbox 1029 3233 1116 3269; x_wconf 87' lang='lat' dir='ltr'>olim</span> 
     </span>
     <span class='ocr_line' id='line_1_55' title="bbox 235 3276 1114 3325; baseline 0.011 -15"><span class='ocrx_word' id='word_1_361' title='bbox 235 3276 336 3311; x_wconf 82' lang='lat' dir='ltr'>nobis</span> <span class='ocrx_word' id='word_1_362' title='bbox 345 3279 479 3324; x_wconf 86' lang='lat' dir='ltr'>cognita</span> <span class='ocrx_word' id='word_1_363' title='bbox 495 3280 568 3313; x_wconf 92' lang='lat' dir='ltr'>sunt</span> <span class='ocrx_word' id='word_1_364' title='bbox 582 3304 593 3320; x_wconf 88' lang='lat'>‚</span> <span class='ocrx_word' id='word_1_365' title='bbox 609 3289 666 3314; x_wconf 85' lang='lat' dir='ltr'>aut</span> <span class='ocrx_word' id='word_1_366' title='bbox 675 3281 779 3325; x_wconf 82' lang='lat' dir='ltr'>sapere</span> <span class='ocrx_word' id='word_1_367' title='bbox 789 3307 800 3323; x_wconf 93' lang='lat'><em>‚</em></span> <span class='ocrx_word' id='word_1_368' title='bbox 826 3293 881 3318; x_wconf 87' lang='lat' dir='ltr'>aut</span> <span class='ocrx_word' id='word_1_369' title='bbox 894 3285 929 3320; x_wconf 89' lang='lat' dir='ltr'>in</span> <span class='ocrx_word' id='word_1_370' title='bbox 941 3283 1114 3321; x_wconf 83' lang='lat' dir='ltr'>confilium</span> 
     </span>
     <span class='ocr_line' id='line_1_56' title="bbox 236 3328 1112 3377; baseline 0.01 -16"><span class='ocrx_word' id='word_1_371' title='bbox 236 3328 384 3362; x_wconf 89' lang='lat' dir='ltr'>sumere.</span> <span class='ocrx_word' id='word_1_372' title='bbox 411 3328 496 3363; x_wconf 88' lang='lat' dir='ltr'>Vult</span> <span class='ocrx_word' id='word_1_373' title='bbox 514 3330 605 3364; x_wconf 90' lang='lat' dir='ltr'>enirn</span> <span class='ocrx_word' id='word_1_374' title='bbox 618 3330 710 3365; x_wconf 85' lang='lat' dir='ltr'>Deus</span> <span class='ocrx_word' id='word_1_375' title='bbox 721 3355 732 3374; x_wconf 89' lang='lat'>,</span> <span class='ocrx_word' id='word_1_376' title='bbox 758 3341 795 3367; x_wconf 90' lang='lat' dir='ltr'>ut</span> <span class='ocrx_word' id='word_1_377' title='bbox 807 3344 848 3368; x_wconf 82' lang='lat' dir='ltr'>ex</span> <span class='ocrx_word' id='word_1_378' title='bbox 860 3334 948 3369; x_wconf 82' lang='lat' dir='ltr'>nulla</span> <span class='ocrx_word' id='word_1_379' title='bbox 960 3346 993 3370; x_wconf 85' lang='lat' dir='ltr'>re</span> <span class='ocrx_word' id='word_1_380' title='bbox 1004 3358 1016 3376; x_wconf 86' lang='lat'>,</span> <span class='ocrx_word' id='word_1_381' title='bbox 1041 3346 1112 3377; x_wconf 81' lang='lat' dir='ltr'>quae</span> 
     </span>
     <span class='ocr_line' id='line_1_57' title="bbox 236 3376 1112 3427; baseline 0.009 -15"><span class='ocrx_word' id='word_1_382' title='bbox 236 3377 325 3423; x_wconf 84' lang='lat' dir='ltr'>apud</span> <span class='ocrx_word' id='word_1_383' title='bbox 337 3376 488 3414; x_wconf 86' lang='lat' dir='ltr'>homines</span> <span class='ocrx_word' id='word_1_384' title='bbox 511 3380 562 3416; x_wconf 90' lang='lat' dir='ltr'>vel</span> <span class='ocrx_word' id='word_1_385' title='bbox 580 3379 725 3417; x_wconf 83' lang='lat' dir='ltr'>tristifica</span> <span class='ocrx_word' id='word_1_386' title='bbox 744 3381 792 3416; x_wconf 86' lang='lat' dir='ltr'>est</span> <span class='ocrx_word' id='word_1_387' title='bbox 807 3382 858 3418; x_wconf 87' lang='lat' dir='ltr'>vel</span> <span class='ocrx_word' id='word_1_388' title='bbox 868 3383 992 3427; x_wconf 86' lang='lat' dir='ltr'>suavis,</span> <span class='ocrx_word' id='word_1_389' title='bbox 1019 3395 1112 3421; x_wconf 85' lang='lat' dir='ltr'>occa-</span> 
     </span>
    </p>
   </div>
   <div class='ocr_carea' id='block_1_15' title="bbox 1174 533 2092 1379">
    <p class='ocr_par' dir='ltr' id='par_1_15' title="bbox 1174 533 2092 1379">
     <span class='ocr_line' id='line_1_58' title="bbox 1176 533 2049 579; baseline 0.005 -13"><span class='ocrx_word' id='word_1_390' title='bbox 1176 533 1210 566; x_wconf 90' lang='lat' dir='ltr'>so</span> <span class='ocrx_word' id='word_1_391' title='bbox 1231 542 1266 566; x_wconf 91' lang='lat' dir='ltr'>ut</span> <span class='ocrx_word' id='word_1_392' title='bbox 1279 533 1394 568; x_wconf 89' lang='lat' dir='ltr'>Fidem</span> <span class='ocrx_word' id='word_1_393' title='bbox 1407 557 1418 573; x_wconf 88' lang='lat'>‚</span> <span class='ocrx_word' id='word_1_394' title='bbox 1443 544 1512 578; x_wconf 81' lang='lat' dir='ltr'>quae</span> <span class='ocrx_word' id='word_1_395' title='bbox 1534 533 1624 574; x_wconf 88' lang='lat' dir='ltr'>sola,</span> <span class='ocrx_word' id='word_1_396' title='bbox 1650 535 1808 569; x_wconf 83' lang='lat' dir='ltr'>omnibus</span> <span class='ocrx_word' id='word_1_397' title='bbox 1825 537 2049 579; x_wconf 66' lang='lat' dir='ltr'>praeferamus.-</span> 
     </span>
     <span class='ocr_line' id='line_1_59' title="bbox 1174 581 2092 630; baseline 0.003 -13"><span class='ocrx_word' id='word_1_398' title='bbox 1174 581 1211 617; x_wconf 90' lang='lat' dir='ltr'>.ln</span> <span class='ocrx_word' id='word_1_399' title='bbox 1232 594 1294 624; x_wconf 85' lang='lat' dir='ltr'>qua</span> <span class='ocrx_word' id='word_1_400' title='bbox 1314 583 1347 617; x_wconf 87' lang='lat'>&amp;</span> <span class='ocrx_word' id='word_1_401' title='bbox 1370 585 1458 626; x_wconf 88' lang='lat' dir='ltr'>spem</span> <span class='ocrx_word' id='word_1_402' title='bbox 1481 583 1590 619; x_wconf 89' lang='lat' dir='ltr'>salutis</span> <span class='ocrx_word' id='word_1_403' title='bbox 1611 583 1770 623; x_wconf 84' lang='lat' dir='ltr'>habemus</span> <span class='ocrx_word' id='word_1_404' title='bbox 1785 610 1793 618; x_wconf 80' lang='grc'><strong>.</strong></span> <span class='ocrx_word' id='word_1_405' title='bbox 1819 585 1886 621; x_wconf 89' lang='lat' dir='ltr'>Pro</span> <span class='ocrx_word' id='word_1_406' title='bbox 1907 597 1971 630; x_wconf 90' lang='lat' dir='ltr'>qua</span> <span class='ocrx_word' id='word_1_407' title='bbox 1993 587 2052 627; x_wconf 89' lang='lat' dir='ltr'>hi,</span> <span class='ocrx_word' id='word_1_408' title='bbox 2089 626 2092 629; x_wconf 33' lang='lat'><strong><em>¹</em></strong></span> 
     </span>
     <span class='ocr_line' id='line_1_60' title="bbox 1174 630 2053 680; baseline 0.009 -17"><span class='ocrx_word' id='word_1_409' title='bbox 1174 630 1230 674; x_wconf 88' lang='lat' dir='ltr'>qui</span> <span class='ocrx_word' id='word_1_410' title='bbox 1252 641 1326 666; x_wconf 89' lang='lat' dir='ltr'>ante</span> <span class='ocrx_word' id='word_1_411' title='bbox 1349 643 1410 666; x_wconf 85' lang='lat' dir='ltr'>nos</span> <span class='ocrx_word' id='word_1_412' title='bbox 1432 633 1584 676; x_wconf 84' lang='lat' dir='ltr'>fuerunt,</span> <span class='ocrx_word' id='word_1_413' title='bbox 1610 635 1756 673; x_wconf 81' lang='lat' dir='ltr'>&amp;vitam</span> <span class='ocrx_word' id='word_1_414' title='bbox 1779 635 1992 680; x_wconf 86' lang='lat' dir='ltr'>despexerunt</span> <span class='ocrx_word' id='word_1_415' title='bbox 2018 637 2053 671; x_wconf 77' lang='grc' dir='ltr'>δε</span> 
     </span>
     <span class='ocr_line' id='line_1_61' title="bbox 1175 681 2056 731; baseline 0.006 -17"><span class='ocrx_word' id='word_1_416' title='bbox 1175 690 1332 716; x_wconf 87' lang='lat' dir='ltr'>mortem.</span> <span class='ocrx_word' id='word_1_417' title='bbox 1362 681 1480 727; x_wconf 90' lang='lat' dir='ltr'>Neque</span> <span class='ocrx_word' id='word_1_418' title='bbox 1503 685 1543 720; x_wconf 87' lang='lat' dir='ltr'>ad</span> <span class='ocrx_word' id='word_1_419' title='bbox 1567 685 1757 729; x_wconf 84' lang='lat' dir='ltr'>patiendum</span> <span class='ocrx_word' id='word_1_420' title='bbox 1777 686 1949 731; x_wconf 85' lang='lat' dir='ltr'>quodlibet</span> <span class='ocrx_word' id='word_1_421' title='bbox 1971 685 2056 721; x_wconf 83' lang='lat' dir='ltr'>haefi-</span> 
     </span>
     <span class='ocr_line' id='line_1_62' title="bbox 1175 734 2056 781; baseline 0.008 -17"><span class='ocrx_word' id='word_1_422' title='bbox 1175 740 1282 765; x_wconf 87' lang='lat' dir='ltr'>tantes</span> <span class='ocrx_word' id='word_1_423' title='bbox 1295 756 1306 772; x_wconf 92' lang='lat'><strong>,</strong></span> <span class='ocrx_word' id='word_1_424' title='bbox 1333 734 1502 774; x_wconf 80' lang='lat' dir='ltr'>nequead</span> <span class='ocrx_word' id='word_1_425' title='bbox 1521 735 1705 779; x_wconf 83' lang='lat' dir='ltr'>agendum.</span> <span class='ocrx_word' id='word_1_426' title='bbox 1732 736 1787 774; x_wconf 90' lang='lat' dir='ltr'>Ne</span> <span class='ocrx_word' id='word_1_427' title='bbox 1804 739 2056 781; x_wconf 70' lang='lat' dir='ltr'>rappareatinter</span> 
     </span>
     <span class='ocr_line' id='line_1_63' title="bbox 1174 779 2056 835; baseline 0.003 -17"><span class='ocrx_word' id='word_1_428' title='bbox 1174 790 1232 815; x_wconf 81' lang='lat' dir='ltr'>vos</span> <span class='ocrx_word' id='word_1_429' title='bbox 1244 779 1362 824; x_wconf 66' lang='lat' dir='ltr'>aliquis</span> <span class='ocrx_word' id='word_1_430' title='bbox 1377 805 1388 825; x_wconf 71' lang='lat'><em>2</em></span> <span class='ocrx_word' id='word_1_431' title='bbox 1415 781 1472 825; x_wconf 72' lang='lat' dir='ltr'>qui</span> <span class='ocrx_word' id='word_1_432' title='bbox 1484 782 1673 822; x_wconf 84' lang='lat' dir='ltr'>C0mmune</span> <span class='ocrx_word' id='word_1_433' title='bbox 1686 787 1801 835; x_wconf 85' lang='lat' dir='ltr'>prodat</span> <span class='ocrx_word' id='word_1_434' title='bbox 1822 788 1857 821; x_wconf 92' lang='lat' dir='ltr'>in</span> <span class='ocrx_word' id='word_1_435' title='bbox 1868 786 1986 821; x_wconf 84' lang='lat' dir='ltr'>animae</span> <span class='ocrx_word' id='word_1_436' title='bbox 1995 788 2056 821; x_wconf 79' lang='lat' dir='ltr'>suae</span> 
     </span>
     <span class='ocr_line' id='line_1_64' title="bbox 1174 830 2057 882; baseline 0.007 -17"><span class='ocrx_word' id='word_1_437' title='bbox 1174 830 1422 865; x_wconf 85' lang='lat' dir='ltr'>damnationem</span> <span class='ocrx_word' id='word_1_438' title='bbox 1433 855 1440 863; x_wconf 91' lang='lat'>.</span> <span class='ocrx_word' id='word_1_439' title='bbox 1470 830 1582 877; x_wconf 84' lang='lat' dir='ltr'>Magis</span> <span class='ocrx_word' id='word_1_440' title='bbox 1595 845 1703 871; x_wconf 84' lang='lat' dir='ltr'>autem</span> <span class='ocrx_word' id='word_1_441' title='bbox 1718 838 1758 873; x_wconf 76' lang='lat' dir='ltr'>ne</span> <span class='ocrx_word' id='word_1_442' title='bbox 1769 837 1841 880; x_wconf 84' lang='lat' dir='ltr'>quis</span> <span class='ocrx_word' id='word_1_443' title='bbox 1859 838 2057 882; x_wconf 83' lang='lat' dir='ltr'>appareatin</span> 
     </span>
     <span class='ocr_line' id='line_1_65' title="bbox 1176 881 2056 931; baseline 0.005 -16"><span class='ocrx_word' id='word_1_444' title='bbox 1176 881 1317 916; x_wconf 79' lang='lat' dir='ltr'>Ecclesia</span> <span class='ocrx_word' id='word_1_445' title='bbox 1342 882 1443 916; x_wconf 84' lang='lat' dir='ltr'>vestra</span> <span class='ocrx_word' id='word_1_446' title='bbox 1461 905 1472 922; x_wconf 91' lang='lat'>‚</span> <span class='ocrx_word' id='word_1_447' title='bbox 1499 883 1556 924; x_wconf 91' lang='lat' dir='ltr'>qui</span> <span class='ocrx_word' id='word_1_448' title='bbox 1582 894 1648 916; x_wconf 91' lang='lat' dir='ltr'>non</span> <span class='ocrx_word' id='word_1_449' title='bbox 1668 886 1706 920; x_wconf 87' lang='lat' dir='ltr'>fit</span> <span class='ocrx_word' id='word_1_450' title='bbox 1730 888 1895 926; x_wconf 83' lang='lat' dir='ltr'>Defensor</span> <span class='ocrx_word' id='word_1_451' title='bbox 1907 888 2056 931; x_wconf 87' lang='lat' dir='ltr'>pietatis:</span> 
     </span>
     <span class='ocr_line' id='line_1_66' title="bbox 1177 931 2060 979; baseline 0.007 -14"><span class='ocrx_word' id='word_1_452' title='bbox 1177 932 1219 970; x_wconf 86' lang='lat' dir='ltr'>Et</span> <span class='ocrx_word' id='word_1_453' title='bbox 1231 941 1349 976; x_wconf 81' lang='lat' dir='ltr'>putans</span> <span class='ocrx_word' id='word_1_454' title='bbox 1361 931 1488 967; x_wconf 88' lang='lat' dir='ltr'>bonum</span> <span class='ocrx_word' id='word_1_455' title='bbox 1499 932 1562 970; x_wconf 77' lang='lat' dir='ltr'>effe</span> <span class='ocrx_word' id='word_1_456' title='bbox 1574 933 1766 979; x_wconf 84' lang='lat' dir='ltr'>segnitiem.</span> <span class='ocrx_word' id='word_1_457' title='bbox 1794 939 1899 974; x_wconf 75' lang='lat' dir='ltr'>Decet</span> <span class='ocrx_word' id='word_1_458' title='bbox 1910 939 2001 973; x_wconf 80' lang='lat' dir='ltr'>enim</span> <span class='ocrx_word' id='word_1_459' title='bbox 2024 938 2060 972; x_wconf 75' lang='grc' dir='ltr'>δε</span> 
     </span>
     <span class='ocr_line' id='line_1_67' title="bbox 1175 982 2061 1030; baseline 0.008 -14"><span class='ocrx_word' id='word_1_460' title='bbox 1175 982 1317 1017; x_wconf 88' lang='lat' dir='ltr'>amicum</span> <span class='ocrx_word' id='word_1_461' title='bbox 1339 982 1415 1016; x_wconf 88' lang='lat' dir='ltr'>Deo</span> <span class='ocrx_word' id='word_1_462' title='bbox 1438 984 1502 1016; x_wconf 75' lang='lat' dir='ltr'>ess‘e</span> <span class='ocrx_word' id='word_1_463' title='bbox 1520 1007 1531 1024; x_wconf 89' lang='lat'>‚</span> <span class='ocrx_word' id='word_1_464' title='bbox 1558 993 1596 1018; x_wconf 89' lang='lat' dir='ltr'>ut</span> <span class='ocrx_word' id='word_1_465' title='bbox 1618 984 1730 1018; x_wconf 86' lang='lat' dir='ltr'>omnis</span> <span class='ocrx_word' id='word_1_466' title='bbox 1754 1007 1765 1024; x_wconf 86' lang='lat'>,</span> <span class='ocrx_word' id='word_1_467' title='bbox 1791 987 1848 1028; x_wconf 82' lang='lat' dir='ltr'>qui</span> <span class='ocrx_word' id='word_1_468' title='bbox 1872 988 1956 1030; x_wconf 83' lang='lat' dir='ltr'>apud</span> <span class='ocrx_word' id='word_1_469' title='bbox 1979 999 2061 1030; x_wconf 89' lang='lat' dir='ltr'>vos,</span> 
     </span>
     <span class='ocr_line' id='line_1_68' title="bbox 1177 1030 2063 1077; baseline 0.006 -10"><span class='ocrx_word' id='word_1_470' title='bbox 1177 1033 1292 1076; x_wconf 85' lang='lat' dir='ltr'>perstet</span> <span class='ocrx_word' id='word_1_471' title='bbox 1303 1032 1525 1077; x_wconf 87' lang='lat' dir='ltr'>unusquisque</span> <span class='ocrx_word' id='word_1_472' title='bbox 1545 1033 1580 1066; x_wconf 92' lang='lat' dir='ltr'>in</span> <span class='ocrx_word' id='word_1_473' title='bbox 1592 1033 1709 1069; x_wconf 81' lang='lat' dir='ltr'>ordine</span> <span class='ocrx_word' id='word_1_474' title='bbox 1722 1035 1778 1068; x_wconf 86' lang='lat' dir='ltr'>suo</span> <span class='ocrx_word' id='word_1_475' title='bbox 1800 1030 1834 1069; x_wconf 87' lang='lat'>&amp;</span> <span class='ocrx_word' id='word_1_476' title='bbox 1847 1045 1940 1069; x_wconf 84' lang='lat' dir='ltr'>aetate</span> <span class='ocrx_word' id='word_1_477' title='bbox 1959 1038 2063 1072; x_wconf 88' lang='lat' dir='ltr'>osten·</span> 
     </span>
     <span class='ocr_line' id='line_1_69' title="bbox 1177 1082 2064 1128; baseline 0.007 -12"><span class='ocrx_word' id='word_1_478' title='bbox 1177 1083 1252 1117; x_wconf 89' lang='lat' dir='ltr'>dere</span> <span class='ocrx_word' id='word_1_479' title='bbox 1288 1082 1517 1118; x_wconf 86' lang='lat' dir='ltr'>fortitudinem</span> <span class='ocrx_word' id='word_1_480' title='bbox 1553 1094 1613 1127; x_wconf 90' lang='lat' dir='ltr'>pro</span> <span class='ocrx_word' id='word_1_481' title='bbox 1643 1083 1763 1127; x_wconf 82' lang='lat' dir='ltr'>pietate</span> <span class='ocrx_word' id='word_1_482' title='bbox 1800 1084 1986 1128; x_wconf 83' lang='lat' dir='ltr'>Religionis</span> <span class='ocrx_word' id='word_1_483' title='bbox 2021 1086 2064 1122; x_wconf 87' lang='lat' dir='ltr'>ad</span> 
     </span>
     <span class='ocr_line' id='line_1_70' title="bbox 1178 1133 2065 1176; baseline 0.001 -9"><span class='ocrx_word' id='word_1_484' title='bbox 1178 1134 1312 1172; x_wconf 88' lang='lat' dir='ltr'>Deum,</span> <span class='ocrx_word' id='word_1_485' title='bbox 1338 1133 1372 1166; x_wconf 91' lang='lat'>&amp;</span> <span class='ocrx_word' id='word_1_486' title='bbox 1392 1133 1564 1167; x_wconf 85' lang='lat' dir='ltr'>Sacerdote</span> <span class='ocrx_word' id='word_1_487' title='bbox 1586 1134 1696 1168; x_wconf 69' lang='lat' dir='ltr'>sane&#39;to</span> <span class='ocrx_word' id='word_1_488' title='bbox 1717 1156 1728 1173; x_wconf 89' lang='lat'>‚</span> <span class='ocrx_word' id='word_1_489' title='bbox 1753 1134 1788 1168; x_wconf 77' lang='grc' dir='ltr'>δε</span> <span class='ocrx_word' id='word_1_490' title='bbox 1814 1144 1872 1176; x_wconf 86' lang='lat' dir='ltr'>pro</span> <span class='ocrx_word' id='word_1_491' title='bbox 1894 1133 2039 1168; x_wconf 86' lang='lat' dir='ltr'>Civitate</span> <span class='ocrx_word' id='word_1_492' title='bbox 2053 1160 2065 1176; x_wconf 87' lang='lat'>‚</span> 
     </span>
     <span class='ocr_line' id='line_1_71' title="bbox 1178 1182 2066 1228; baseline 0.003 -12"><span class='ocrx_word' id='word_1_493' title='bbox 1178 1194 1248 1225; x_wconf 81' lang='lat' dir='ltr'>quae</span> <span class='ocrx_word' id='word_1_494' title='bbox 1273 1183 1478 1228; x_wconf 86' lang='lat' dir='ltr'>&amp;magnum</span> <span class='ocrx_word' id='word_1_495' title='bbox 1492 1182 1634 1218; x_wconf 85' lang='lat' dir='ltr'>dixerim</span> <span class='ocrx_word' id='word_1_496' title='bbox 1656 1194 1789 1228; x_wconf 88' lang='lat' dir='ltr'>quoque</span> <span class='ocrx_word' id='word_1_497' title='bbox 1800 1182 1941 1219; x_wconf 85' lang='lat' dir='ltr'>Paulum</span> <span class='ocrx_word' id='word_1_498' title='bbox 1957 1194 2066 1227; x_wconf 85' lang='lat' dir='ltr'>protu-</span> 
     </span>
     <span class='ocr_line' id='line_1_72' title="bbox 1180 1232 2068 1279; baseline 0.005 -15"><span class='ocrx_word' id='word_1_499' title='bbox 1180 1233 1236 1266; x_wconf 87' lang='lat' dir='ltr'>lit.</span> <span class='ocrx_word' id='word_1_500' title='bbox 1265 1233 1390 1273; x_wconf 86' lang='lat' dir='ltr'>lllum‚</span> <span class='ocrx_word' id='word_1_501' title='bbox 1417 1244 1514 1275; x_wconf 89' lang='lat' dir='ltr'>quem</span> <span class='ocrx_word' id='word_1_502' title='bbox 1536 1233 1664 1269; x_wconf 88' lang='lat' dir='ltr'>nullum</span> <span class='ocrx_word' id='word_1_503' title='bbox 1689 1234 1873 1279; x_wconf 82' lang='lat' dir='ltr'>periculum</span> <span class='ocrx_word' id='word_1_504' title='bbox 1899 1235 1917 1269; x_wconf 75' lang='lat' dir='ltr'>a</span> <span class='ocrx_word' id='word_1_505' title='bbox 1942 1232 2068 1270; x_wconf 84' lang='lat' dir='ltr'>Christi</span> 
     </span>
     <span class='ocr_line' id='line_1_73' title="bbox 1176 1281 2069 1331; baseline 0.004 -15"><span class='ocrx_word' id='word_1_506' title='bbox 1176 1281 1335 1317; x_wconf 83' lang='lat' dir='ltr'>charitate</span> <span class='ocrx_word' id='word_1_507' title='bbox 1348 1283 1489 1327; x_wconf 85' lang='lat' dir='ltr'>sejunxit</span> <span class='ocrx_word' id='word_1_508' title='bbox 1501 1307 1509 1316; x_wconf 90' lang='lat'><strong>.</strong></span> <span class='ocrx_word' id='word_1_509' title='bbox 1520 1283 1682 1331; x_wconf 80' lang='lat' dir='ltr'>Qamvis</span> <span class='ocrx_word' id='word_1_510' title='bbox 1693 1285 1744 1319; x_wconf 86' lang='lat' dir='ltr'>vel</span> <span class='ocrx_word' id='word_1_511' title='bbox 1755 1285 1778 1319; x_wconf 84' lang='lat' dir='ltr'><strong>fi</strong></span> <span class='ocrx_word' id='word_1_512' title='bbox 1790 1286 1915 1323; x_wconf 75' lang='lat' dir='ltr'>famam</span> <span class='ocrx_word' id='word_1_513' title='bbox 1926 1294 2046 1320; x_wconf 82' lang='lat' dir='ltr'>vanam</span> <span class='ocrx_word' id='word_1_514' title='bbox 2056 1309 2069 1329; x_wconf 80' lang='lat'>‚</span> 
     </span>
     <span class='ocr_line' id='line_1_74' title="bbox 1177 1333 1792 1379; baseline 0 -10"><span class='ocrx_word' id='word_1_515' title='bbox 1177 1345 1295 1379; x_wconf 75' lang='lat' dir='ltr'>eaquae</span> <span class='ocrx_word' id='word_1_516' title='bbox 1308 1333 1466 1370; x_wconf 86' lang='lat' dir='ltr'>dicuntur</span> <span class='ocrx_word' id='word_1_517' title='bbox 1487 1335 1575 1377; x_wconf 80' lang='lat' dir='ltr'>effe,</span> <span class='ocrx_word' id='word_1_518' title='bbox 1602 1336 1792 1371; x_wconf 83' lang='lat' dir='ltr'>noscamus.</span> 
     </span>
    </p>
   </div>
   <div class='ocr_carea' id='block_1_16' title="bbox 1365 1490 1876 1537">
    <p class='ocr_par' dir='ltr' id='par_1_16' title="bbox 1365 1490 1876 1537">
     <span class='ocr_line' id='line_1_75' title="bbox 1365 1490 1876 1537; baseline -0.002 -1"><span class='ocrx_word' id='word_1_519' title='bbox 1365 1490 1876 1537; x_wconf 76' lang='lat' dir='ltr'>SenoL10N.</span> 
     </span>
    </p>
   </div>
   <div class='ocr_carea' id='block_1_17' title="bbox 1180 1632 2082 2778">
    <p class='ocr_par' dir='ltr' id='par_1_17' title="bbox 1292 1632 2075 1679">
     <span class='ocr_line' id='line_1_76' title="bbox 1292 1632 2075 1679; baseline -0.001 -9"><span class='ocrx_word' id='word_1_520' title='bbox 1292 1633 1362 1670; x_wconf 85' lang='lat' dir='ltr'>AEc</span> <span class='ocrx_word' id='word_1_521' title='bbox 1383 1633 1530 1678; x_wconf 86' lang='lat' dir='ltr'>Epistola</span> <span class='ocrx_word' id='word_1_522' title='bbox 1551 1635 1672 1675; x_wconf 89' lang='lat' dir='ltr'>docet,</span> <span class='ocrx_word' id='word_1_523' title='bbox 1699 1633 1789 1679; x_wconf 87' lang='lat' dir='ltr'>quod</span> <span class='ocrx_word' id='word_1_524' title='bbox 1818 1632 2075 1679; x_wconf 83' lang='lat' dir='ltr'>Helladiipetti-</span> 
     </span>
    </p>

    <p class='ocr_par' dir='ltr' id='par_1_18' title="bbox 1180 1683 2082 2778">
     <span class='ocr_line' id='line_1_77' title="bbox 1315 1683 2074 1729; baseline -0.001 -11"><span class='ocrx_word' id='word_1_525' title='bbox 1315 1685 1444 1719; x_wconf 87' lang='lat' dir='ltr'>naciam</span> <span class='ocrx_word' id='word_1_526' title='bbox 1463 1684 1498 1717; x_wconf 70' lang='grc' dir='ltr'>ὅ(</span> <span class='ocrx_word' id='word_1_527' title='bbox 1523 1685 1639 1719; x_wconf 86' lang='lat' dir='ltr'>Clerus</span> <span class='ocrx_word' id='word_1_528' title='bbox 1659 1685 1695 1718; x_wconf 78' lang='grc' dir='ltr'>δε</span> <span class='ocrx_word' id='word_1_529' title='bbox 1716 1683 1864 1729; x_wconf 85' lang='lat' dir='ltr'>Populus</span> <span class='ocrx_word' id='word_1_530' title='bbox 1897 1683 2074 1727; x_wconf 87' lang='lat' dir='ltr'>adjuverit.</span> 
     </span>
     <span class='ocr_line' id='line_1_78' title="bbox 1182 1734 2076 1778; baseline -0.001 -9"><span class='ocrx_word' id='word_1_531' title='bbox 1182 1735 1264 1769; x_wconf 87' lang='lat' dir='ltr'>ltem</span> <span class='ocrx_word' id='word_1_532' title='bbox 1288 1735 1380 1778; x_wconf 91' lang='lat' dir='ltr'>quod</span> <span class='ocrx_word' id='word_1_533' title='bbox 1391 1734 1796 1778; x_wconf 82' lang='lat' dir='ltr'>ImperatorTheodofius</span> <span class='ocrx_word' id='word_1_534' title='bbox 1818 1736 1919 1778; x_wconf 87' lang='lat' dir='ltr'>ipsam</span> <span class='ocrx_word' id='word_1_535' title='bbox 1945 1735 2076 1778; x_wconf 82' lang='lat' dir='ltr'>penitus</span> 
     </span>
     <span class='ocr_line' id='line_1_79' title="bbox 1180 1783 2076 1828; baseline 0 -10"><span class='ocrx_word' id='word_1_536' title='bbox 1180 1783 1394 1828; x_wconf 83' lang='lat' dir='ltr'>improbarit,</span> <span class='ocrx_word' id='word_1_537' title='bbox 1421 1786 1564 1828; x_wconf 87' lang='lat' dir='ltr'>ideoque</span> <span class='ocrx_word' id='word_1_538' title='bbox 1587 1784 1742 1827; x_wconf 80' lang='lat' dir='ltr'>Ephefini</span> <span class='ocrx_word' id='word_1_539' title='bbox 1764 1785 1912 1819; x_wconf 88' lang='lat' dir='ltr'>Concilii</span> <span class='ocrx_word' id='word_1_540' title='bbox 1927 1785 2076 1819; x_wconf 85' lang='lat' dir='ltr'>Decretis</span> 
     </span>
     <span class='ocr_line' id='line_1_80' title="bbox 1181 1831 2078 1868; baseline 0.001 -1"><span class='ocrx_word' id='word_1_541' title='bbox 1181 1832 1332 1867; x_wconf 87' lang='lat' dir='ltr'>constans</span> <span class='ocrx_word' id='word_1_542' title='bbox 1355 1831 1523 1867; x_wconf 68' lang='lat' dir='ltr'>adhaeserit</span> <span class='ocrx_word' id='word_1_543' title='bbox 1543 1858 1551 1867; x_wconf 85' lang='lat'>.</span> <span class='ocrx_word' id='word_1_544' title='bbox 1578 1835 1674 1868; x_wconf 90' lang='lat' dir='ltr'>Hinc</span> <span class='ocrx_word' id='word_1_545' title='bbox 1698 1833 1788 1867; x_wconf 87' lang='lat' dir='ltr'>enim</span> <span class='ocrx_word' id='word_1_546' title='bbox 1821 1835 1854 1868; x_wconf 74' lang='grc' dir='ltr'>δε</span> <span class='ocrx_word' id='word_1_547' title='bbox 1874 1833 2078 1868; x_wconf 84' lang='lat' dir='ltr'>Maximiani</span> 
     </span>
     <span class='ocr_line' id='line_1_81' title="bbox 1182 1882 2080 1926; baseline 0 -9"><span class='ocrx_word' id='word_1_548' title='bbox 1182 1882 1359 1926; x_wconf 87' lang='lat' dir='ltr'>Synodicis</span> <span class='ocrx_word' id='word_1_549' title='bbox 1379 1882 1470 1918; x_wconf 86' lang='lat' dir='ltr'>dedit</span> <span class='ocrx_word' id='word_1_550' title='bbox 1497 1894 1657 1918; x_wconf 83' lang='lat' dir='ltr'>armatam</span> <span class='ocrx_word' id='word_1_551' title='bbox 1668 1883 1899 1918; x_wconf 86' lang='lat' dir='ltr'>executionem</span> <span class='ocrx_word' id='word_1_552' title='bbox 1912 1907 1923 1923; x_wconf 91' lang='lat'>‚</span> <span class='ocrx_word' id='word_1_553' title='bbox 1950 1884 1983 1918; x_wconf 73' lang='grc' dir='ltr'>δε</span> <span class='ocrx_word' id='word_1_554' title='bbox 1996 1883 2080 1919; x_wconf 91' lang='lat' dir='ltr'>Hel-</span> 
     </span>
     <span class='ocr_line' id='line_1_82' title="bbox 1184 1932 2080 1976; baseline 0.001 -9"><span class='ocrx_word' id='word_1_555' title='bbox 1184 1933 1261 1967; x_wconf 85' lang='lat' dir='ltr'>ladii</span> <span class='ocrx_word' id='word_1_556' title='bbox 1281 1932 1438 1969; x_wconf 84' lang='lat' dir='ltr'>dutitiam</span> <span class='ocrx_word' id='word_1_557' title='bbox 1459 1933 1547 1976; x_wconf 87' lang='lat' dir='ltr'>cepit</span> <span class='ocrx_word' id='word_1_558' title='bbox 1570 1933 1655 1968; x_wconf 76' lang='lat' dir='ltr'>adeo</span> <span class='ocrx_word' id='word_1_559' title='bbox 1676 1932 1783 1973; x_wconf 78' lang='lat' dir='ltr'>male,</span> <span class='ocrx_word' id='word_1_560' title='bbox 1810 1943 1846 1967; x_wconf 89' lang='lat' dir='ltr'>ut</span> <span class='ocrx_word' id='word_1_561' title='bbox 1869 1935 1956 1967; x_wconf 88' lang='lat' dir='ltr'>fama</span> <span class='ocrx_word' id='word_1_562' title='bbox 1983 1935 2080 1969; x_wconf 84' lang='lat' dir='ltr'>ferret</span> 
     </span>
     <span class='ocr_line' id='line_1_83' title="bbox 1182 1980 2080 2027; baseline 0.003 -11"><span class='ocrx_word' id='word_1_563' title='bbox 1182 1983 1343 2016; x_wconf 74' lang='lat' dir='ltr'>emanasse</span> <span class='ocrx_word' id='word_1_564' title='bbox 1367 1980 1543 2022; x_wconf 70' lang='lat' dir='ltr'>Edictum,</span> <span class='ocrx_word' id='word_1_565' title='bbox 1569 1993 1636 2027; x_wconf 90' lang='lat' dir='ltr'>quo</span> <span class='ocrx_word' id='word_1_566' title='bbox 1649 1983 1704 2017; x_wconf 90' lang='lat' dir='ltr'>ille</span> <span class='ocrx_word' id='word_1_567' title='bbox 1718 1981 1883 2026; x_wconf 88' lang='lat' dir='ltr'>juberetur</span> <span class='ocrx_word' id='word_1_568' title='bbox 1904 1983 2080 2026; x_wconf 87' lang='lat' dir='ltr'>expellici-</span> 
     </span>
     <span class='ocr_line' id='line_1_84' title="bbox 1184 2030 2081 2074; baseline 0.003 -10"><span class='ocrx_word' id='word_1_569' title='bbox 1184 2030 1507 2064; x_wconf 86' lang='lat' dir='ltr'>vitate&amp;Throno.</span> <span class='ocrx_word' id='word_1_570' title='bbox 1536 2033 1648 2067; x_wconf 88' lang='lat' dir='ltr'>Etiam</span> <span class='ocrx_word' id='word_1_571' title='bbox 1673 2031 1711 2066; x_wconf 87' lang='lat' dir='ltr'>ad</span> <span class='ocrx_word' id='word_1_572' title='bbox 1735 2032 1872 2074; x_wconf 87' lang='lat' dir='ltr'>Joannis</span> <span class='ocrx_word' id='word_1_573' title='bbox 1883 2031 2081 2067; x_wconf 81' lang='lat' dir='ltr'>Patriarchae</span> 
     </span>
     <span class='ocr_line' id='line_1_85' title="bbox 1183 2080 2082 2127; baseline 0.003 -12"><span class='ocrx_word' id='word_1_574' title='bbox 1183 2091 1275 2115; x_wconf 87' lang='lat' dir='ltr'>aures</span> <span class='ocrx_word' id='word_1_575' title='bbox 1298 2080 1364 2124; x_wconf 82' lang='lat' dir='ltr'>ipsa</span> <span class='ocrx_word' id='word_1_576' title='bbox 1385 2090 1575 2127; x_wconf 83' lang='lat' dir='ltr'>pervenerat</span> <span class='ocrx_word' id='word_1_577' title='bbox 1594 2106 1605 2122; x_wconf 91' lang='lat'>,</span> <span class='ocrx_word' id='word_1_578' title='bbox 1632 2082 1666 2117; x_wconf 91' lang='lat'>&amp;</span> <span class='ocrx_word' id='word_1_579' title='bbox 1686 2081 1781 2117; x_wconf 86' lang='lat' dir='ltr'>hasce</span> <span class='ocrx_word' id='word_1_580' title='bbox 1803 2082 1845 2116; x_wconf 87' lang='lat' dir='ltr'>ab</span> <span class='ocrx_word' id='word_1_581' title='bbox 1874 2083 1934 2116; x_wconf 91' lang='lat' dir='ltr'>illo</span> <span class='ocrx_word' id='word_1_582' title='bbox 1958 2084 2082 2118; x_wconf 82' lang='lat' dir='ltr'>litteras</span> 
     </span>
     <span class='ocr_line' id='line_1_86' title="bbox 1184 2129 2082 2175; baseline 0.001 -10"><span class='ocrx_word' id='word_1_583' title='bbox 1184 2131 1361 2166; x_wconf 78' lang='lat' dir='ltr'>extorserat</span> <span class='ocrx_word' id='word_1_584' title='bbox 1383 2155 1394 2172; x_wconf 92' lang='lat'><strong>,</strong></span> <span class='ocrx_word' id='word_1_585' title='bbox 1420 2129 1561 2175; x_wconf 89' lang='lat' dir='ltr'>ideoque</span> <span class='ocrx_word' id='word_1_586' title='bbox 1589 2143 1658 2168; x_wconf 85' lang='lat' dir='ltr'>non</span> <span class='ocrx_word' id='word_1_587' title='bbox 1690 2131 1819 2167; x_wconf 83' lang='lat' dir='ltr'>carebat</span> <span class='ocrx_word' id='word_1_588' title='bbox 1842 2132 2082 2168; x_wconf 83' lang='lat' dir='ltr'>fundamento.</span> 
     </span>
     <span class='ocr_line' id='line_1_87' title="bbox 1185 2179 2081 2229; baseline 0.004 -14"><span class='ocrx_word' id='word_1_589' title='bbox 1185 2181 1259 2215; x_wconf 90' lang='lat' dir='ltr'>Nec</span> <span class='ocrx_word' id='word_1_590' title='bbox 1281 2179 1501 2215; x_wconf 87' lang='lat' dir='ltr'>dubitandum</span> <span class='ocrx_word' id='word_1_591' title='bbox 1524 2181 1571 2215; x_wconf 89' lang='lat' dir='ltr'>est</span> <span class='ocrx_word' id='word_1_592' title='bbox 1595 2206 1607 2222; x_wconf 89' lang='lat'><strong>,</strong></span> <span class='ocrx_word' id='word_1_593' title='bbox 1632 2183 1713 2229; x_wconf 80' lang='lat' dir='ltr'>quin</span> <span class='ocrx_word' id='word_1_594' title='bbox 1737 2182 1852 2217; x_wconf 89' lang='lat' dir='ltr'>eadem</span> <span class='ocrx_word' id='word_1_595' title='bbox 1873 2182 1960 2218; x_wconf 84' lang='lat' dir='ltr'>fama</span> <span class='ocrx_word' id='word_1_596' title='bbox 1980 2184 2081 2219; x_wconf 87' lang='lat' dir='ltr'>etiam</span> 
     </span>
     <span class='ocr_line' id='line_1_88' title="bbox 1185 2230 2078 2275; baseline 0.003 -11"><span class='ocrx_word' id='word_1_597' title='bbox 1185 2231 1285 2265; x_wconf 87' lang='lat' dir='ltr'>Clero</span> <span class='ocrx_word' id='word_1_598' title='bbox 1317 2242 1356 2264; x_wconf 89' lang='lat' dir='ltr'>ac</span> <span class='ocrx_word' id='word_1_599' title='bbox 1386 2230 1519 2273; x_wconf 87' lang='lat' dir='ltr'>Populo</span> <span class='ocrx_word' id='word_1_600' title='bbox 1549 2231 1664 2267; x_wconf 84' lang='lat' dir='ltr'>omnia</span> <span class='ocrx_word' id='word_1_601' title='bbox 1696 2241 1842 2266; x_wconf 84' lang='lat' dir='ltr'>extrema</span> <span class='ocrx_word' id='word_1_602' title='bbox 1874 2233 2078 2275; x_wconf 85' lang='lat' dir='ltr'>promiserit.</span> 
     </span>
     <span class='ocr_line' id='line_1_89' title="bbox 1184 2280 2082 2325; baseline 0.004 -11"><span class='ocrx_word' id='word_1_603' title='bbox 1184 2280 1277 2314; x_wconf 86' lang='lat' dir='ltr'>Hinc</span> <span class='ocrx_word' id='word_1_604' title='bbox 1299 2281 1441 2325; x_wconf 86' lang='lat' dir='ltr'>Joannes</span> <span class='ocrx_word' id='word_1_605' title='bbox 1462 2280 1548 2323; x_wconf 86' lang='lat' dir='ltr'>ipsos</span> <span class='ocrx_word' id='word_1_606' title='bbox 1566 2280 1756 2318; x_wconf 78' lang='lat' dir='ltr'>zelofiffime</span> <span class='ocrx_word' id='word_1_607' title='bbox 1777 2290 1881 2315; x_wconf 85' lang='lat' dir='ltr'>armat</span> <span class='ocrx_word' id='word_1_608' title='bbox 1899 2307 1910 2323; x_wconf 92' lang='lat'>,</span> <span class='ocrx_word' id='word_1_609' title='bbox 1936 2282 2082 2321; x_wconf 84' lang='lat' dir='ltr'>clamans</span> 
     </span>
     <span class='ocr_line' id='line_1_90' title="bbox 1187 2330 2081 2375; baseline 0.003 -10"><span class='ocrx_word' id='word_1_610' title='bbox 1187 2342 1254 2365; x_wconf 90' lang='lat' dir='ltr'>non</span> <span class='ocrx_word' id='word_1_611' title='bbox 1278 2332 1341 2366; x_wconf 78' lang='lat' dir='ltr'>effe</span> <span class='ocrx_word' id='word_1_612' title='bbox 1363 2330 1575 2375; x_wconf 72' lang='lat' dir='ltr'>quaestionem</span> <span class='ocrx_word' id='word_1_613' title='bbox 1595 2332 1638 2367; x_wconf 91' lang='lat' dir='ltr'>de</span> <span class='ocrx_word' id='word_1_614' title='bbox 1659 2331 1797 2369; x_wconf 85' lang='lat' dir='ltr'>Sedibus</span> <span class='ocrx_word' id='word_1_615' title='bbox 1817 2341 1873 2366; x_wconf 89' lang='lat' dir='ltr'>aut</span> <span class='ocrx_word' id='word_1_616' title='bbox 1883 2331 2081 2368; x_wconf 82' lang='lat' dir='ltr'>Praessdenti-</span> 
     </span>
     <span class='ocr_line' id='line_1_91' title="bbox 1186 2379 2082 2426; baseline 0.006 -13"><span class='ocrx_word' id='word_1_617' title='bbox 1186 2379 1246 2414; x_wconf 87' lang='lat' dir='ltr'>bus</span> <span class='ocrx_word' id='word_1_618' title='bbox 1259 2404 1271 2419; x_wconf 94' lang='lat'>,</span> <span class='ocrx_word' id='word_1_619' title='bbox 1298 2391 1368 2413; x_wconf 89' lang='lat' dir='ltr'>non</span> <span class='ocrx_word' id='word_1_620' title='bbox 1393 2379 1435 2413; x_wconf 88' lang='lat' dir='ltr'>de</span> <span class='ocrx_word' id='word_1_621' title='bbox 1446 2380 1518 2414; x_wconf 89' lang='lat' dir='ltr'>solo</span> <span class='ocrx_word' id='word_1_622' title='bbox 1530 2382 1730 2418; x_wconf 83' lang='lat' dir='ltr'>Maximiani</span> <span class='ocrx_word' id='word_1_623' title='bbox 1743 2382 1941 2426; x_wconf 87' lang='lat' dir='ltr'>Episcopatu</span> <span class='ocrx_word' id='word_1_624' title='bbox 1955 2393 2011 2418; x_wconf 89' lang='lat' dir='ltr'>aut</span> <span class='ocrx_word' id='word_1_625' title='bbox 2023 2395 2082 2418; x_wconf 88' lang='lat' dir='ltr'>no-</span> 
     </span>
     <span class='ocr_line' id='line_1_92' title="bbox 1186 2428 2080 2476; baseline 0.007 -15"><span class='ocrx_word' id='word_1_626' title='bbox 1186 2429 1275 2462; x_wconf 91' lang='lat' dir='ltr'>mine</span> <span class='ocrx_word' id='word_1_627' title='bbox 1299 2428 1529 2470; x_wconf 87' lang='lat' dir='ltr'>admittendo,</span> <span class='ocrx_word' id='word_1_628' title='bbox 1555 2429 1610 2466; x_wconf 86' lang='lat' dir='ltr'>sed</span> <span class='ocrx_word' id='word_1_629' title='bbox 1632 2432 1687 2476; x_wconf 84' lang='lat' dir='ltr'>agi</span> <span class='ocrx_word' id='word_1_630' title='bbox 1710 2430 1751 2466; x_wconf 92' lang='lat' dir='ltr'>de</span> <span class='ocrx_word' id='word_1_631' title='bbox 1778 2432 2080 2470; x_wconf 79' lang='lat' dir='ltr'>fundamentalibus</span> 
     </span>
     <span class='ocr_line' id='line_1_93' title="bbox 1185 2477 2079 2526; baseline 0.004 -13"><span class='ocrx_word' id='word_1_632' title='bbox 1185 2477 1369 2513; x_wconf 66' lang='lat' dir='ltr'>Catholicae</span> <span class='ocrx_word' id='word_1_633' title='bbox 1381 2477 1456 2513; x_wconf 87' lang='lat' dir='ltr'>fidei</span> <span class='ocrx_word' id='word_1_634' title='bbox 1467 2479 1630 2522; x_wconf 84' lang='lat' dir='ltr'>articulis,</span> <span class='ocrx_word' id='word_1_635' title='bbox 1655 2480 1698 2515; x_wconf 91' lang='lat' dir='ltr'>de</span> <span class='ocrx_word' id='word_1_636' title='bbox 1719 2481 1938 2516; x_wconf 87' lang='lat' dir='ltr'>admittundis</span> <span class='ocrx_word' id='word_1_637' title='bbox 1958 2483 2079 2526; x_wconf 87' lang='lat' dir='ltr'>Cyrilli</span> 
     </span>
     <span class='ocr_line' id='line_1_94' title="bbox 1186 2528 2078 2577; baseline 0.006 -14"><span class='ocrx_word' id='word_1_638' title='bbox 1186 2528 1371 2572; x_wconf 83' lang='lat' dir='ltr'>Capitulis,</span> <span class='ocrx_word' id='word_1_639' title='bbox 1397 2539 1468 2574; x_wconf 82' lang='lat' dir='ltr'>quae</span> <span class='ocrx_word' id='word_1_640' title='bbox 1488 2531 1599 2565; x_wconf 87' lang='lat' dir='ltr'>omnis</span> <span class='ocrx_word' id='word_1_641' title='bbox 1621 2532 1802 2567; x_wconf 85' lang='lat' dir='ltr'>Orientalis</span> <span class='ocrx_word' id='word_1_642' title='bbox 1811 2531 1896 2575; x_wconf 87' lang='lat' dir='ltr'>apud</span> <span class='ocrx_word' id='word_1_643' title='bbox 1908 2531 2078 2577; x_wconf 72' lang='lat' dir='ltr'>&#39;Ephesum</span> 
     </span>
     <span class='ocr_line' id='line_1_95' title="bbox 1187 2578 2078 2624; baseline 0.006 -11"><span class='ocrx_word' id='word_1_644' title='bbox 1187 2578 1325 2613; x_wconf 78' lang='lat' dir='ltr'>Ecclesia</span> <span class='ocrx_word' id='word_1_645' title='bbox 1344 2578 1542 2615; x_wconf 80' lang='lat' dir='ltr'>acerbissime</span> <span class='ocrx_word' id='word_1_646' title='bbox 1560 2579 1732 2616; x_wconf 79' lang='lat' dir='ltr'>damnarat</span> <span class='ocrx_word' id='word_1_647' title='bbox 1751 2608 1758 2615; x_wconf 91' lang='lat'><strong>.</strong></span> <span class='ocrx_word' id='word_1_648' title='bbox 1787 2581 1854 2615; x_wconf 91' lang='lat' dir='ltr'>Eos</span> <span class='ocrx_word' id='word_1_649' title='bbox 1875 2582 2078 2624; x_wconf 87' lang='lat' dir='ltr'>obtestatur,</span> 
     </span>
     <span class='ocr_line' id='line_1_96' title="bbox 1184 2629 2078 2677; baseline 0.006 -14"><span class='ocrx_word' id='word_1_650' title='bbox 1184 2639 1221 2663; x_wconf 92' lang='lat' dir='ltr'>ut</span> <span class='ocrx_word' id='word_1_651' title='bbox 1241 2629 1427 2674; x_wconf 83' lang='lat' dir='ltr'>recogitent</span> <span class='ocrx_word' id='word_1_652' title='bbox 1458 2629 1489 2665; x_wconf 86' lang='lat' dir='ltr'>se</span> <span class='ocrx_word' id='word_1_653' title='bbox 1509 2630 1573 2664; x_wconf 80' lang='lat' dir='ltr'>esse</span> <span class='ocrx_word' id='word_1_654' title='bbox 1606 2630 1770 2667; x_wconf 85' lang='lat' dir='ltr'>Concives</span> <span class='ocrx_word' id='word_1_655' title='bbox 1792 2633 1898 2666; x_wconf 74' lang='lat' dir='ltr'>San-sti</span> <span class='ocrx_word' id='word_1_656' title='bbox 1922 2632 2078 2677; x_wconf 84' lang='lat' dir='ltr'>Apostoli</span> 
     </span>
     <span class='ocr_line' id='line_1_97' title="bbox 1184 2679 2078 2728; baseline 0.004 -15"><span class='ocrx_word' id='word_1_657' title='bbox 1184 2679 1297 2720; x_wconf 85' lang='lat' dir='ltr'>Pauli,</span> <span class='ocrx_word' id='word_1_658' title='bbox 1319 2679 1461 2724; x_wconf 86' lang='lat' dir='ltr'>ideoque</span> <span class='ocrx_word' id='word_1_659' title='bbox 1483 2679 1518 2717; x_wconf 74' lang='grc' dir='ltr'>ὅ(</span> <span class='ocrx_word' id='word_1_660' title='bbox 1539 2679 1609 2725; x_wconf 81' lang='lat' dir='ltr'>ejus</span> <span class='ocrx_word' id='word_1_661' title='bbox 1629 2693 1689 2726; x_wconf 89' lang='lat' dir='ltr'>pro</span> <span class='ocrx_word' id='word_1_662' title='bbox 1702 2681 1905 2728; x_wconf 83' lang='lat' dir='ltr'>Evangelico</span> <span class='ocrx_word' id='word_1_663' title='bbox 1917 2683 2078 2727; x_wconf 79' lang='lat' dir='ltr'>Depofito</span> 
     </span>
     <span class='ocr_line' id='line_1_98' title="bbox 1183 2728 2076 2778; baseline 0.003 -13"><span class='ocrx_word' id='word_1_664' title='bbox 1183 2730 1291 2765; x_wconf 75' lang='lat' dir='ltr'>zelum</span> <span class='ocrx_word' id='word_1_665' title='bbox 1309 2730 1410 2774; x_wconf 84' lang='lat' dir='ltr'>usque</span> <span class='ocrx_word' id='word_1_666' title='bbox 1432 2728 1472 2764; x_wconf 88' lang='lat' dir='ltr'>ad</span> <span class='ocrx_word' id='word_1_667' title='bbox 1483 2740 1645 2768; x_wconf 87' lang='lat' dir='ltr'>tormenta</span> <span class='ocrx_word' id='word_1_668' title='bbox 1654 2742 1712 2768; x_wconf 88' lang='lat' dir='ltr'>aut</span> <span class='ocrx_word' id='word_1_669' title='bbox 1729 2734 1937 2769; x_wconf 85' lang='lat' dir='ltr'>fortunarum</span> <span class='ocrx_word' id='word_1_670' title='bbox 1949 2734 2051 2778; x_wconf 87' lang='lat' dir='ltr'>spolia</span> <span class='ocrx_word' id='word_1_671' title='bbox 2063 2757 2076 2774; x_wconf 85' lang='lat'><em>‚</em></span> 
     </span>
    </p>
   </div>
   <div class='ocr_carea' id='block_1_18' title="bbox 1185 2779 2074 2876">
    <p class='ocr_par' dir='ltr' id='par_1_19' title="bbox 1185 2779 2074 2876">
     <span class='ocr_line' id='line_1_99' title="bbox 1185 2779 2074 2828; baseline 0.007 -15"><span class='ocrx_word' id='word_1_672' title='bbox 1185 2780 1290 2815; x_wconf 81' lang='lat' dir='ltr'>immo</span> <span class='ocrx_word' id='word_1_673' title='bbox 1313 2781 1413 2824; x_wconf 85' lang='lat' dir='ltr'>usque</span> <span class='ocrx_word' id='word_1_674' title='bbox 1433 2779 1474 2815; x_wconf 87' lang='lat' dir='ltr'>ad</span> <span class='ocrx_word' id='word_1_675' title='bbox 1492 2792 1637 2819; x_wconf 84' lang='lat' dir='ltr'>mortem</span> <span class='ocrx_word' id='word_1_676' title='bbox 1666 2785 1859 2821; x_wconf 87' lang='lat' dir='ltr'>aemulentur</span> <span class='ocrx_word' id='word_1_677' title='bbox 1880 2808 1888 2818; x_wconf 94' lang='lat'>.</span> <span class='ocrx_word' id='word_1_678' title='bbox 1915 2784 1989 2821; x_wconf 75' lang='lat' dir='ltr'>Esse</span> <span class='ocrx_word' id='word_1_679' title='bbox 2007 2783 2074 2828; x_wconf 85' lang='lat' dir='ltr'>jam</span> 
     </span>
     <span class='ocr_line' id='line_1_100' title="bbox 1186 2830 1501 2876; baseline 0.006 -11"><span class='ocrx_word' id='word_1_680' title='bbox 1186 2841 1316 2876; x_wconf 84' lang='lat' dir='ltr'>ternpus</span> <span class='ocrx_word' id='word_1_681' title='bbox 1326 2830 1482 2876; x_wconf 85' lang='lat' dir='ltr'>Martyrii</span> <span class='ocrx_word' id='word_1_682' title='bbox 1493 2857 1501 2868; x_wconf 81' lang='grc'>,</span> 
     </span>
    </p>
   </div>
   <div class='ocr_carea' id='block_1_19' title="bbox 1385 3084 1875 3193">
    <p class='ocr_par' dir='ltr' id='par_1_20' title="bbox 1385 3084 1875 3193">
     <span class='ocr_line' id='line_1_101' title="bbox 1385 3084 1875 3193; baseline 0.006 -3"><span class='ocrx_word' id='word_1_683' title='bbox 1385 3084 1472 3190; x_wconf 50' lang='lat' dir='ltr'><em>Q</em></span> <span class='ocrx_word' id='word_1_684' title='bbox 1785 3085 1875 3193; x_wconf 52' lang='lat' dir='ltr'><em>Q</em></span> 
     </span>
    </p>
   </div>
   <div class='ocr_carea' id='block_1_20' title="bbox 1934 3428 2013 3469">
    <p class='ocr_par' dir='ltr' id='par_1_21' title="bbox 1934 3428 2013 3469">
     <span class='ocr_line' id='line_1_102' title="bbox 1934 3428 2013 3469; baseline -0.013 0"><span class='ocrx_word' id='word_1_685' title='bbox 1934 3428 2013 3469; x_wconf 74' lang='lat' dir='ltr'>CA·</span> 
     </span>
    </p>
   </div>
  </div>
 </body>
</html>
