2320 3730
72 2189 194 2229 Cap-4.

594 172 902 224 Seuerus,
941 182 1004 212 ετ
1037 164 1236 214 Nous
1269 174 1650 214 tetus-rearis.

385 359 942 409 Senotrou.>

300 503 371 541 Uis
391 505 488 542 fuerit
509 504 564 541 hic
590 506 631 542 ab
650 508 773 545 Irenaeo
795 505 967 544 laudatus,
1000 500 1085 545 apud

326 555 561 591 Alexandriam
574 557 637 592 Dei
650 558 775 598 servus,
802 556 924 601 ignoro
938 579 945 586 -
970 550 1087 586 Existi·

340 617 397 641 mo
414 607 511 641 fiziffe
523 607 615 651 pium
626 605 851 646 Monachum,
879 604 965 649 apud
977 601 1085 638 Sanffl

200 655 326 699 Cyrilli
336 667 425 691 aures
445 657 481 699 βε
490 658 607 695 oculos
617 666 787 701 potentem
800 656 948 690 sermone
969 652 1003 686 &
1013 662 1089 696 ope·

202 716 255 740 re.
285 705 411 742 Verum
435 700 503 742 haec
514 708 560 742 est
581 707 677 742 unica
688 706 776 740 illius
795 706 882 750 apud
899 702 1091 748 Antiquita·

203 764 273 790 tem
294 757 454 792 memoria
466 782 473 790 .
500 756 684 800 Adjuvabat
695 756 856 799 Ioannem
881 756 915 790 in
930 755 1017 799 pacis
1035 762 1089 786 ne-

202 806 318 851 gotio.
346 806 426 851 Ejus
448 806 489 842 ad
511 807 617 851 ipsum
629 806 776 851 Epistola
797 805 878 841 dum
889 806 1019 841 forsitan
1031 814 1090 846 ap-

202 855 368 900 paruerit,
393 856 514 902 poterit
524 867 586 891 nos
598 858 688 902 plura
710 857 844 892 docere.
876 855 1010 890 Interim
1028 853 1089 885 Ire·

202 917 293 940 naeus
302 905 401 940 docet
413 930 424 947 ,
449 907 539 951 quod
557 907 628 942 duae
639 908 853 951 praecedentes
865 904 1019 950 Epistolae
1029 902 1089 935 sint

204 953 246 990 ab
275 953 437 991 Eutherio
471 957 595 1001 scriptae
623 968 700 992 anre
732 957 932 1001 completam
958 962 1089 998 pacem.

202 1006 290 1040 Sunt
301 1006 421 1050 scripta:
444 1006 483 1039 ad
494 1008 634 1050 primam
656 1006 812 1040 notitiam
826 1029 839 1046 ‚
865 1015 964 1049 quam
977 1004 1018 1038 de
1031 1002 1092 1046 pri«

201 1056 267 1090 mis
279 1054 399 1097 Cyrilli
420 1054 505 1091 circa
524 1065 636 1097 pacem
659 1054 773 1089 litteris
786 1052 965 1089 Eutherius
977 1052 1091 1088 habuit

199 1114 248 1138 ex
269 1102 430 1138 Helladio
452 1127 465 1144 ,
491 1103 630 1149 aliisque
648 1100 877 1140 Orientalibus
900 1103 1091 1148 Episcopis.

200 1153 344 1188 Irenaeus
367 1164 429 1187 nos
449 1154 529 1189 item
549 1154 671 1197 docet,
696 1154 786 1199 quod
807 1154 848 1189 ab
866 1155 966 1189 initio
987 1154 1093 1198 plures

202 1202 392 1237 Orientales
402 1203 555 1248 Episcopi
566 1217 635 1239 non
656 1205 832 1239 dilexerint
841 1216 954 1249 pacem
964 1229 971 1236 .
1001 1204 1094 1239 Hinc

203 1252 295 1287 enim
316 1252 417 1289 etiam
438 1264 516 1288 ante
537 1255 626 1299 pacis
649 1254 928 1298 complementum
953 1254 1094 1296 Ioannes

204 1301 388 1346 persistebat
416 1303 505 1338 varie
528 1303 680 1339 laborans
701 1330 713 1346 ‚
739 1314 776 1338 ut
798 1305 966 1339 universos
988 1301 1094 1338 tradu-

205 1362 293 1386 ceret
315 1352 451 1388 insuam
475 1355 684 1389 sententiam.
713 1355 809 1389 Pacis
819 1355 1014 1388 Tractatum
1028 1364 1095 1387 non

205 1412 283 1437 cum
305 1402 485 1443 omnibus,
513 1405 567 1438 sed
587 1415 663 1438 cum
689 1404 837 1449 pauculis
858 1403 1031 1448 Episcopis
1049 1404 1097 1437 in·

203 1450 361 1487 choarat:
390 1453 473 1486 Item
486 1464 563 1489 cum
588 1455 737 1498 pauculis
756 1455 940 1490 decreverat
954 1453 1095 1488 Paulum

205 1502 407 1537 Emesenum
430 1501 537 1548 legare
564 1504 599 1538 in
633 1505 826 1550 AEgyptum
847 1531 855 1538 .
883 1505 979 1539 Hinc
1010 1501 1096 1538 istud

206 1552 380 1597 negotium
400 1561 465 1586 erat
486 1553 598 1588 multis
610 1556 788 1598 suspectum
799 1579 806 1587 .

258 1600 430 1645 Antiquus
441 1600 556 1636 harum
570 1603 754 1638 litterarum
767 1601 967 1639 Scholiastes
978 1603 1095 1638 confir-

205 1651 310 1687 mavit
321 1662 426 1686 meam
437 1653 525 1695 spem
534 1652 575 1687 de
587 1652 769 1694 Eutherio,
795 1665 834 1688 ac
863 1653 932 1696 ejus
944 1653 1095 1698 Collegis

205 1700 246 1736 in
265 1700 471 1736 defendendo
483 1701 660 1738 Nestorio:
687 1703 792 1753 Qud
813 1704 930 1748 nempe
953 1715 1022 1739 non
1040 1703 1097 1737 do-

206 1751 347 1785 strinam
357 1751 532 1787 dilexerint
543 1777 555 1795 ,
581 1752 635 1788 sed
647 1754 749 1789 solam
761 1766 803 1789 ex
821 1753 967 1789 humano
989 1764 1096 1789 errore

206 1801 381 1843 personam
396 1827 403 1835 .
429 1803 512 1837 Item
525 1805 700 1838 confirmat
713 1816 819 1839 meam
829 1805 1039 1840 assertionem
1054 1803 1096 1837 de

207 1849 363 1885 Eutherii
400 1852 485 1886 circa
523 1851 776 1888 Theodoretum
803 1853 929 1896 judicio
951 1867 958 1886 :
993 1853 1097 1901 Qod

208 1900 330 1944 nempe
353 1900 470 1942 illum,
502 1903 578 1946 quia
599 1903 718 1947 Cyrilli
739 1903 840 1938 fidem
862 1928 874 1945 ‚
900 1904 1042 1948 ideoque
1067 1903 1099 1936 &

207 1949 352 1991 initam,
377 1960 432 1985 aut
454 1951 632 1988 ineundam
653 1965 765 1997 pacem
782 1953 955 1997 probaret,
980 1952 1099 1988 habue-

208 1999 254 2034 rit
276 2011 334 2044 pro
357 2001 522 2045 proditore
544 2002 640 2037 fidei.
668 2003 973 2039 Theodoreticirca
984 2015 1099 2049 pacem

208 2051 302 2085 sensa
323 2051 456 2095 quidam
480 2063 548 2086 non
571 2052 803 2088 intellexerunt
824 2079 832 2085 .
860 2054 994 2087 Etenim
1022 2055 1103 2087 San·

210 2101 279 2134 (tus
293 2099 486 2144 Agobardus
506 2103 735 2146 Lugdunensis
757 2102 937 2146 Episcopus
960 2102 995 2136 in
1014 2100 1100 2135 libro

209 2160 325 2184 eontra
338 2150 480 2185 Felicem
495 2151 730 2195 Urgellensem
744 2152 941 2196 Episcopum
963 2151 1076 2187 scribit
1091 2162 1098 2182 τ

209 2204 290 2234 Cum
308 2200 520 2242 &Nestorium
544 2204 578 2235 (9
600 2201 762 2240 Eutycbem
790 2207 910 2236 veritas
927 2203 1000 2245 fidei
1022 2201 1100 2243 abji-

210 2256 272 2283 ctat
295 2274 307 2289 ‚
333 2261 402 2293 quae
417 2251 545 2283 medium
570 2256 650 2284 inter
678 2262 724 2285 eos
745 2260 827 2285 tenet
850 2253 941 2285 locum
957 2276 968 2291 ,
995 2251 1100 2283 beatus

212 2300 361 2342 cyrillus,
386 2299 516 2343 eiusdem
538 2306 678 2335 veritatis
701 2301 848 2344 Defensor
867 2323 877 2339 ,
904 2302 976 2334 dum
1013 2300 1101 2334 vellet

212 2355 353 2393 corrigere
364 2355 554 2392 pravitatem
577 2351 724 2392 Nestorii,
748 2360 873 2394 propter
896 2349 1102 2394 obscuritatem

213 2400 388 2440 verborum,
417 2402 518 2441 utpote
533 2399 724 2442 subtilifflmae
745 2408 809 2442 rei,
835 2401 959 2441 offendit
971 2402 1102 2433 Beatum

208 2451 388 2493 Joannem,
415 2448 576 2491 Praesulem
592 2449 782 2484 Antiochenae
809 2450 944 2491 Ecclefiae
960 2475 970 2491 ,
996 2451 1031 2483 (⁷)
1053 2461 1101 2483 eos

213 2503 267 2541 qut
287 2509 352 2531 cum
371 2498 420 2531 illo
446 2507 553 2538 erant,
571 2498 719 2542 faffaque
742 2500 779 2540 est
796 2498 896 2541 divist'o
905 2506 984 2533 inter
1000 2503 1102 2532 Ant-io·

212 2547 358 2585 rhenum,
385 2548 677 2581 &Alexandrinam
697 2548 855 2591 Ecclefiam
872 2576 878 2582 .
905 2554 1038 2593 Rogatus
1061 2549 1098 2590 est

213 2604 311 2630 autem
321 2596 360 2629 ab
371 2596 556 2630 Antiochenn
581 2596 778 2639 Theodoretus
792 2623 803 2640 ‚
828 2607 862 2631 ut
882 2608 982 2642 ageret
993 2600 1101 2632 adver-

213 2648 281 2680 sum
299 2648 430 2681 Beatum
447 2648 585 2685 cyrillum
596 2671 604 2679 .
631 2650 675 2680 Et
685 2652 793 2681 mirum
808 2653 842 2680 in
863 2649 1000 2688 modum,
1028 2650 1101 2682 dum

213 2702 331 2740 utrique
355 2697 442 2740 essent
468 2696 618 2731 Catholici
643 2722 655 2739 ‚
697 2699 733 2731 id
754 2698 793 2739 est
817 2723 827 2739 ‚
867 2699 1042 2732 Antiochem'
1069 2701 1104 2733 (ν’

215 2747 417 2781 Alexandrinl
442 2771 452 2787 ,
482 2749 597 2781 Beatus
619 2748 742 2788 Cyrillus
765 2773 777 2789 ‚
802 2750 874 2782 dum
895 2757 1026 2792 putatur·
1049 2749 1100 2792 effe

214 2802 406 2838 Haeremus,
431 2798 511 2839 quod
519 2809 576 2831 non
585 2806 670 2838 erat,
696 2803 836 2832 inventus
860 2798 898 2837 est
912 2802 932 2832 ᾶ
945 2798 1099 2833 Theodore-

214 2855 246 2879 to
256 2854 332 2881 inter
354 2845 523 2886 Nestorium
546 2853 723 2883 Haerett'cum
748 2851 782 2883 (9·
805 2850 948 2888 Cyrillum
968 2849 1099 2882 catholi-

213 2907 280 2932 cum
308 2899 425 2932 mediur
449 2898 525 2930 locus
546 2920 556 2936 ,
597 2899 676 2931 unde
697 2899 775 2931 idem
798 2899 988 2933 Theodoretus
1010 2925 1020 2941 ,
1045 2908 1100 2942 pu-

210 2959 312 2992 gnans
329 2956 386 2990 pro
413 2952 564 2988 veritate,
591 2956 691 2991 ageret
716 2957 818 2982 contra
840 2956 1018 2992 veritatem,
1046 2956 1098 2992 qui

213 2999 288 3031 dum
299 2997 360 3037 istis
374 2996 532 3030 Catholicis
540 2998 672 3039 placeret
685 3022 696 3038 ,
721 3000 781 3031 illis
794 2998 961 3043 displiceret
973 3029 981 3035 .
1008 3002 1102 3044 ‚Quod

214 3056 339 3087 tamen,
367 3052 431 3080 Deo
448 3048 614 3081 auxiliante
632 3072 643 3088 ‚
664 3049 802 3090 Joannis
829 3052 863 3085 6·
885 3052 988 3090 Cyrilli
1013 3053 1100 3084 indu-

210 3096 288 3138 stria
299 3096 456 3130 camelum
465 3096 520 3136 est.
547 3098 648 3131 Rene
667 3098 770 3139 dicit,
797 3099 885 3144 quod
906 3101 1099 3137 Theodore-

215 3157 270 3180 tus
282 3158 340 3190 pro
352 3147 488 3180 veritate
500 3158 652 3191 pugnans
669 3149 770 3193 egerit
782 3161 896 3185 contra
909 3153 1096 3187 veritatem.

214 3196 352 3231 Etenim
363 3195 470 3231 Sancti
483 3196 603 3239 Cyrilli
616 3197 767 3241 Capitula
779 3201 974 3247 impugnans
993 3202 1026 3236 δε
1040 3214 1099 3245 pro

216 3247 351 3281 veritate
374 3246 444 3291 egit
461 3271 472 3288 ,
499 3247 533 3280 ὅ(
553 3249 668 3282 contra
691 3249 790 3292 ipsam
813 3276 819 3283 .
850 3251 942 3287 Errat
962 3263 1071 3286 tamen
1087 3277 1097 3291 ,

216 3296 307 3339 quod
323 3297 407 3330 inter
416 3295 583 3340 Cyrillum
611 3309 649 3332 ac
659 3298 849 3335 Nestorium
861 3302 1020 3337 invenerit
1033 3314 1097 3336 me-

1866 183 1965 230 217

1144 252 1176 286 <Sc
1197 250 1364 295 Cyrillum
1384 274 1396 292 ,
1430 246 1486 284 sed
1515 248 1644 283 invenit
1665 248 1751 286 inter
1770 251 1964 291 NestorIum
1990 266 2030 290 ae

1148 301 1393 346 Apollinarium
1406 325 1418 341 ‚
1444 298 1535 343 cujus
1545 298 1714 343 Cyrillum
1727 304 1874 339 censebat
1893 307 1957 340 esse
1975 305 2031 339 δε·

1147 353 1319 387 statorem.
1346 351 1430 385 Item
1452 358 1537 385 errat
1552 373 1564 391 ,
1589 349 1679 392 quod
1692 350 1826 392 Ioannis
1851 355 1885 388 &
1905 354 2028 397 Cyrilli

1148 402 1304 437 industria
1315 400 1489 437 correxerit
1500 400 1624 436 omnia.
1651 399 1787 434 Etenim
1795 399 2031 439 Theodoretus

1148 453 1297 495 usquead
1308 462 1490 488 extremum
1515 451 1591 485 vitae
1602 449 1762 494 Spiritum
1779 459 1850 484 non
1873 451 2033 487 defiitim-

1150 513 1292 546 pugnare
1313 502 1485 547 Capitula.
1512 499 1746 535 Nihilominus
1772 499 2035 544 pacificatoriam

1149 552 1268 595 Cyrilli
1280 552 1450 596 epistolam
1465 551 1592 587 censuit
1610 548 1823 585 Catholicam
1836 575 1847 591 ,
1874 561 1912 584 ac
1939 549 2032 594 plene

1149 601 1322 637 recedere&
1345 601 1531 647 Capitulis.
1559 600 1633 635 Esse
1645 600 1791 636 lucidam
1814 611 1930 635 eorum
1956 600 2037 643 pali·

1149 651 1284 686 nodiam
1299 675 1306 684 .
1334 653 1414 688 Hoc
1427 650 1625 697 improbavit
1637 650 1832 693 Eutherius,
1860 651 1894 685 ἀ
1907 659 2036 694 propter

1150 700 1235 735 istud
1248 702 1374 736 censuit
1384 700 1639 741 Theodoreturn
1660 702 1723 737 ess‘e
1744 700 1822 741 fidei
1845 700 1881 735 in
1896 700 2041 737 maxima

1151 760 1240 795 parte
1261 751 1466 794 proditorem
1478 776 1485 783 .

1201 799 1373 836 Liberatus
1386 801 1557 836 Diaconus
1568 802 1602 836 in
1618 802 1782 838 Breviario
1793 802 1931 847 exponit
1953 801 2041 837 hane

1152 861 1286 894 pacem,
1311 851 1422 887 laudat
1445 851 1679 895 pacificatorias
1698 854 1865 898 utriusque
1878 853 1978 898 partis
1990 852 2044 886 lit-

1152 910 1257 941 teras,
1282 901 1317 935 ἀ
1338 901 1509 947 adjungit:
1537 904 1584 934 Et
1609 901 1673 935 baec
1689 902 1762 944 sunt
1788 929 1799 945 ‚
1825 915 1893 947 quae
1915 904 2043 943 cyrillus

1146 948 1260 994 scripsit
1282 956 1315 985 r‘n
1336 952 1530 994 defensionem
1551 951 1747 985 Orientalium
1758 953 1967 996 Episcoporum
1984 961 2043 996 pro

1152 1001 1272 1035 duabus
1284 1005 1372 1035 unius
1384 1001 1493 1041 Christi
1507 1007 1628 1036 naturis
1641 1027 1648 1034 .
1676 1003 1757 1045 ,ραι
1782 1008 1954 1046 quicumque
1973 1012 2046 1037 tune

1154 1052 1276 1085 minime?
1295 1060 1486 1095 receperunt,
1513 1050 1568 1084 hos
1596 1052 1648 1093 effe
1660 1059 1738 1092 puto
1763 1050 1905 1085 Autbores
1917 1052 2049 1094 Acepba⁴

1155 1101 1249 1135 lorum
1270 1127 1282 1143 ,
1307 1108 1363 1145 qut
1382 1112 1473 1145 neque
1495 1102 1634 1140 Cyrillum
1659 1098 1772 1134 babent
1797 1104 1899 1142 Caput
1919 1125 1930 1140 ‚
1955 1113 2049 1144 neque

1155 1163 1242 1195 quem
1247 1151 1416 1195 sequantur
1429 1177 1439 1194 ‚
1466 1150 1617 1192 ostendunt
1633 1175 1640 1183 .
1667 1148 1858 1194 Acephalos
1868 1148 1935 1184 huc
1949 1152 2053 1193 usque

1158 1214 1225 1236 non
1250 1203 1429 1242 novimus,
1456 1202 1515 1235 nisi
1540 1201 1624 1236 inter
1637 1198 1923 1244 Eutychianistas.
1952 1200 2053 1234 Hinc

1157 1252 1260 1295 aliqui
1284 1251 1474 1288 Liberatum
1489 1261 1606 1296 putant
1617 1251 1776 1287 memoria
1787 1250 1931 1295 lapsum,
1957 1250 2052 1294 quod

1158 1302 1244 1345 ipsos
1256 1312 1358 1345 ponat
1371 1303 1471 1336 etiam
1483 1304 1566 1337 inter
1580 1301 1811 1337 Nestorianos.
1821 1320 1830 1330 ·
1841 1301 1920 1336 Sine
1939 1301 2053 1335 causa-

1160 1351 1293 1387 Etenim
1321 1352 1513 1387 Alexander
1539 1351 1810 1396 Hierapolitanus
1831 1376 1842 1393 ,
1869 1349 2054 1385 Eutherius

1158 1401 1371 1448 Thyanensis
1393 1428 1405 1445 ,
1451 1415 1489 1438 ac
1508 1402 1565 1437 alii
1586 1402 1731 1447 ipsorum
1753 1401 1936 1448 Simmystae
1955 1425 1966 1442 ,
1991 1402 2055 1446 qui.

1160 1463 1219 1487 nec
1240 1454 1391 1487 Sanctum
1416 1453 1583 1497 Cyrillum
1611 1478 1622 1494 ‚
1650 1464 1711 1488 nec
1733 1453 1895 1496 Joannem
1929 1452 2054 1487 Antio*

1159 1500 1303 1547 chenum
1324 1503 1513 1544 attendere,
1539 1515 1577 1538 ac
1598 1503 1631 1536 in
1648 1512 1745 1547 caput
1758 1502 1930 1537 admittere
1941 1500 2060 1542 volue2

1160 1562 1257 1590 runt,
1286 1564 1392 1588 revera
1416 1555 1547 1588 fuerunt
1573 1553 1848 1588 Nestorianorum
1867 1550 2054 1595 Acephali.

1161 1602 1204 1636 Et
1225 1603 1302 1647 quia
1326 1603 1387 1638 hos
1412 1614 1528 1638 omnes
1539 1604 1640 1647 usque
1655 1602 1720 1636 huc
1732 1602 1980 1647 ignoravimus,
2006 1609 2059 1634 et*

1160 1653 1225 1687 iam
1248 1652 1326 1687 istos
1351 1653 1548 1687 nescivimus
1560 1650 1766 1695 Acephalos.
1794 1650 1858 1685 Sed
1871 1651 1955 1684 inter
1966 1650 2056 1693 ipsos

1159 1714 1365 1747 nequaquam
1388 1703 1451 1737 fuit
1486 1700 1722 1736 Theodoretus
1743 1725 1752 1733 .
1778 1700 1875 1735 Licet
1898 1699 2056 1744 capitula

1160 1752 1294 1797 probare
1307 1777 1318 1793 ,
1343 1753 1377 1786 ὃς
1390 1753 1535 1787 Nestorii
1546 1751 1796 1787 damnationem
1806 1750 1977 1785 admittere
1985 1761 2056 1793 per-

1160 1804 1314 1837 tinaciter
1324 1803 1496 1842 recusarit,
1518 1802 1645 1837 admisit
1657 1812 1768 1836 tamen
1783 1812 1895 1844 pacem
1907 1825 1919 1841 ,
1939 1801 1974 1834 δε
1984 1810 2056 1834 tam

1162 1853 1197 1886 in
1212 1852 1355 1895 Cyrilli,
1383 1852 1481 1895 quam
1503 1851 1639 1894 Joannis
1662 1851 1904 1886 communione
1922 1850 2055 1894 firmus,¹

1163 1902 1334 1945 permansit
1347 1926 1354 1934 .
1387 1902 1431 1936 Et
1446 1900 1486 1936 ad
1499 1901 1576 1936 istos
1590 1900 1776 1945 Acephalos
1787 1899 1999 1935 inflestendos
2011 1899 2059 1934 la-

1162 1952 1291 1986 boravit
1314 1951 1494 1995 plurimum
1517 1975 1525 1983 .
1568 1949 1801 1985 Nihilominus
1822 1950 1992 1993 permansit
2010 1959 2059 1983 et-

1162 2003 1227 2036 iam
1243 2002 1276 2035 in
1289 2002 1528 2036 communione
1541 2000 1686 2034 Nestorii
1702 2025 1708 2032 .
1738 1999 1782 2035 Et
1793 2000 1893 2042 ipsam
1905 1999 2057 2034 abdicare

1163 2051 1270 2084 noluit
1285 2075 1296 2090 ,
1323 2052 1381 2084 nisi
1406 2050 1440 2082 in
1461 2050 1612 2083 manibus
1626 2049 1732 2083 Sancti
1744 2050 1868 2084 Leonis
1879 2049 1994 2093 Papae,
2016 2060 2057 2083 ac

1162 2099 1196 2133 in
1220 2099 1360 2143 Synodo
1384 2099 1662 2134 Chalcedonensi.
1690 2100 1770 2144 Egit
1794 2099 1854 2133 ista
1877 2111 1919 2134 ex
1932 2100 2059 2133 secreto

1161 2149 1323 2187 consensu
1344 2148 1541 2185 Patriarchae
1561 2149 1722 2198 joannis.
1749 2149 1880 2185 Patebit
1899 2150 2060 2199 iuferiusr

1354 2457 1615 2508 CAPUT
1651 2460 1856 2507 LXXVI.
1892 2471 2057 2521 --m4

1164 2646 1334 2732 Epistola
1370 2650 1529 2731 ‚joannis
1580 2643 1702 2693 Archi
1715 2646 1925 2731 -Epifiopz‘
1971 2654 2057 2697 An-

1237 2715 1388 2765 tiochem
1424 2716 1476 2763 ad
1511 2715 1777 2766 Alexandrum
1826 2717 2056 2786 Epfiopum

1234 2786 1566 2859 Hierapolitanum
1586 2823 1599 2848 ,
1640 2806 1755 2854 quam
1789 2787 1976 2855 rescripfit
2011 2789 2055 2836 de

1233 2857 1366 2907 litteris
1414 2877 1464 2909 ex
1500 2863 1679 2927 AEgypto
1712 2895 1726 2918 ‚
1769 2874 1924 2926 propter
1971 2877 2051 2906 etz-1

1227 2927 1466 2998 perculpatus
1514 2930 1564 2979 ab
1600 2926 1753 2975 Andrea
1807 2926 2048 3000 Samofineno

1231 2996 1439 3070 Episcopo·

1243 3203 1356 3239 Itteras
1367 3211 1427 3238 tuae
1442 3201 1675 3247 Religiositatis
1689 3204 1818 3250 accepi,
1847 3205 1882 3241 ὅ(
1893 3203 1960 3241 hoc
1973 3206 2044 3250 ipso

1267 3254 1356 3299 quod
1369 3252 1557 3296 susceperim
1572 3278 1583 3294 ‚
1608 3254 1789 3290 laetificarus
1811 3256 1901 3291 sum.
1929 3257 2044 3291 Solent

1159 3305 1248 3338 enim
1273 3305 1386 3338 litterae
1407 3305 1557 3350 piorum,
1583 3304 1836 3351 qualescumque
1853 3307 1937 3348 sint,
1965 3317 2044 3350 gau·

214 3346 309 3383 dium
325 3346 455 3383 locum.
483 3346 587 3381 Hunc
607 3348 697 3383 enim
709 3360 778 3385 non
803 3351 886 3387 inter
905 3352 1095 3389 Nestorium
1160 3354 1253 3389 dium
1279 3353 1529 3399 suscipientibus
1553 3354 1724 3390 exhibere.
1751 3357 1836 3402 Legi
1861 3357 1937 3392 vero
1963 3353 2044 3387 &il-

316 3395 422 3439 christ.
436 3399 517 3441 Lupi
527 3401 624 3441 Opera
636 3401 735 3432 T.V11.

1659 3405 1697 3440 T
1921 3404 1967 3438 las
1976 3426 1995 3453 ..²
