2320 3730
577 154 886 205 Sericum,
938 165 1001 196 ετ
1037 144 1239 196 Nous
1273 159 1670 195 ILLUSTRATAE.

327 270 729 365 *CAPUT
811 311 949 363 xv.

264 458 442 530 Epistola
477 457 655 525 Nestorii
702 454 756 503 ad
790 452 1057 518 Scholasticum

408 528 629 579 Eunuchum
675 527 910 594 Imperatoris

550 595 747 664 Theodqfii
758 630 771 646 0

313 741 452 777 Dmiror
463 737 665 776 Amatticem
677 735 744 771 Dei
756 733 917 770 Animam
929 742 1021 769 tuam
1033 756 1046 774 ,
1068 732 1105 766 ὅ(

341 791 428 828 certe
442 791 521 826 dum
532 789 625 822 firma
638 787 682 822 est
696 811 708 828 ,
736 787 768 821 ὅ(
782 786 867 821 circa
877 784 1022 820 fallacias
1035 793 1103 818 non

220 844 361 888 expansa
371 868 384 886 ‚
408 838 578 885 quomodo
592 837 718 879 fabulas
729 835 952 882 approbaverit
963 835 1105 869 immun·

222 893 365 933 dorum,
389 891 535 926 dicentes
547 889 589 923 de
599 887 696 923 nobis
709 912 720 928 ,
746 885 836 932 quod
855 884 1106 930 abjuraverimus

222 953 340 977 vocem
361 966 372 982 ‚
397 951 461 985 qua
484 942 542 974 Dei
567 942 709 973 Genitrix
730 937 943 978 nominatur:
972 935 1106 982 Qam‚

220 992 303 1026 sicut
313 991 421 1032 nosti,
447 989 732 1034 saepiusdiximus.
759 987 918 1034 Diximus
933 986 1012 1020 vero
1033 985 1079 1019 ita
1098 1008 1110 1025 ,

221 1053 267 1077 ne
276 1050 332 1077 aut
344 1051 460 1085 purum
472 1039 660 1074 Hominem
672 1038 745 1082 quis
756 1036 968 1082 suspicaretur
982 1034 1105 1070 Domi-

221 1103 303 1126 num
328 1091 435 1134 Jesum
460 1088 652 1131 Christum,
678 1096 736 1123 aut
764 1087 879 1122 Deum
901 1084 1109 1121 humanitate

220 1140 351 1177 nudum
362 1166 371 1174 .
398 1139 532 1175 sienim
543 1140 749 1174 Doemonum
763 1137 843 1172 Filii
855 1148 915 1181 pro
936 1147 1012 1171 vera
1025 1136 1108 1171 satis-

220 1191 366 1227 factione
387 1192 590 1235 satagerent,
611 1188 764 1224 dixissent
775 1188 889 1232 utique
901 1187 980 1228 illa,
1006 1193 1076 1230 quae
1091 1185 1110 1219 a

220 1240 322 1277 nobis
343 1241 379 1275 in
401 1238 699 1282 Constantinopoli
717 1236 804 1271 dicta
824 1238 901 1270 sunt
920 1248 929 1268 ε
954 1236 1049 1271 Sicut
1075 1236 1109 1269 &

220 1301 279 1326 tua
293 1289 546 1326 Admirabilitas
556 1288 669 1322 novit.
697 1286 802 1321 Nunc
828 1295 941 1321 autem
965 1285 1110 1320 maxime

220 1341 357 1384 quidem
378 1350 484 1384 neque
503 1338 688 1374 collocutio
709 1336 808 1372 nobis
816 1336 857 1371 ad
870 1336 1014 1371 invicem
1026 1336 1109 1371 fuit.

219 1391 357 1431 sienim
368 1389 485 1430 verba,
510 1399 582 1431 quae
591 1387 740 1423 interme
763 1396 862 1431 atque
873 1385 956 1421 alios
977 1384 1111 1431 Episco-

221 1452 284 1487 pos
295 1439 408 1475 habita
417 1440 513 1480 sunt,
539 1449 611 1482 quae
621 1436 775 1482 privatim
785 1435 875 1471 velut
896 1435 933 1469 in
953 1437 1111 1476 exercita·

221 1490 325 1526 tionis
345 1488 609 1532 experimentum
633 1487 711 1520 sunt
724 1486 806 1520 fasta
817 1509 830 1527 ‚
856 1484 916 1520 has
928 1486 1054 1521 nostras
1077 1487 1111 1522 ἃ

219 1538 346 1585 Cyrilli
368 1537 611 1574 collocutiones
629 1544 751 1574 vocant
764 1559 776 1581 ,
800 1535 1009 1571 mentiuntur
1029 1537 1106 1581 qui·-

271 1639 365 1676 scito
375 1648 486 1675 tamen
498 1662 512 1681 ‚
536 1637 613 1684 quia
624 1635 720 1673 hoca
735 1636 831 1673 nobis
841 1637 952 1682 saepius
972 1636 1014 1673 ad
1028 1637 1112 1683 ipsos

221 1690 348 1727 dietum
363 1690 409 1726 est
423 1714 436 1732 ‚
461 1690 497 1725 δε
507 1687 591 1725 bene
600 1690 632 1724 se
641 1687 760 1723 habere
784 1688 870 1723 &ab
881 1688 951 1732 ipsis
976 1688 1012 1724 &
1024 1689 1042 1724 a
1054 1700 1111 1723 no·

220 1741 276 1776 bis
285 1740 331 1776 est
340 1740 502 1776 creditum
515 1764 527 1781 ,
555 1743 614 1774 Dei
626 1742 766 1773 Particen
777 1740 811 1774 ό·
821 1737 948 1773 hominis
959 1739 1109 1774 Sanstam

221 1790 404 1838 Virginem
415 1790 605 1826 nominare.
631 1793 688 1824 Dei
700 1792 844 1823 Particen
856 1790 984 1824 nonita
999 1814 1010 1831 ,
1037 1801 1113 1834 qua-

223 1841 247 1876 si
269 1853 311 1876 ex
321 1841 387 1886 ipsa
397 1842 491 1876 Deus
506 1839 655 1875 Verbum
667 1841 834 1884 sumpserit
847 1838 1008 1874 existendi
1022 1841 1115 1882 prin-

224 1892 351 1934 cipium
363 1917 371 1923 .
398 1890 585 1937 Qomodo
598 1890 690 1923 enim
700 1889 765 1923 hoc
780 1889 858 1922 esset
868 1912 879 1928 ,
905 1887 985 1921 dum
996 1887 1114 1932 Virgi-

224 1940 278 1974 nis
291 1941 358 1984 ipse
369 1940 507 1974 Creator
517 1939 556 1973 fit
568 1940 584 1971 ?
597 1938 661 1973 Sed
674 1950 717 1974 ne
728 1949 844 1982 purum
859 1938 931 1980 quis
942 1936 1113 1972 hominem

226 1990 320 2024 fuine
333 1988 452 2030 illum,
477 1987 592 2031 quiest
613 1987 771 2032 genitus,
797 1986 991 2030 suspicetur.
1018 1990 1111 2020 Homi-

226 2045 276 2074 nis
299 2038 375 2074 vero
398 2040 538 2072 Parttcen
561 2060 573 2076 ‚
596 2049 638 2071 ne
659 2034 931 2081 dispensationem
952 2061 963 2077 ,
989 2037 1114 2071 nostras

226 2088 394 2124 Primitias
415 2111 427 2129 ‚
451 2099 530 2123 cum
553 2086 741 2131 Manicheis
766 2086 881 2130 pariter
908 2086 1092 2131 abjuremus
1106 2111 1113 2119 .

226 2140 311 2174 Haec
323 2139 413 2174 enim
425 2137 468 2173 ab
486 2137 631 2182 ipsorum
652 2138 742 2173 velut
761 2138 796 2172 in
818 2138 1116 2182 praeexercitatione

226 2191 303 2224 sunt
324 2188 493 2233 Episcopis
504 2188 609 2223 dista.
637 2188 683 2222 Et
707 2186 822 2223 mutue
840 2187 882 2223 ad
902 2188 1045 2224 invicem
1067 2189 1117 2222 sae-

228 2239 324 2284 pius,
348 2238 480 2273 &bene
501 2239 533 2272 se
544 2235 663 2272 habere
688 2239 872 2282 frequenter
882 2248 1019 2282 utraque
1038 2236 1116 2273 Pars

228 2289 314 2325 dixit
325 2313 336 2329 ,
364 2289 411 2323 ita
422 2298 459 2323 ut
470 2287 548 2322 hine
559 2288 750 2332 plaudentes
762 2299 894 2332 quoque
905 2288 1091 2324 recederent
1103 2314 1111 2321 .

228 2339 378 2383 Cyrillus
401 2349 511 2374 tamen
533 2338 683 2382 colloqui
707 2338 804 2374 nobis
833 2339 953 2374 &ante
974 2339 1118 2374 omnino

228 2390 318 2434 fugit
341 2414 352 2431 ,
377 2390 410 2424 &
433 2389 588 2423 haetenus
613 2389 700 2434 fugit
725 2414 736 2430 ‚
763 2389 996 2432 Capitulorum
1015 2414 1027 2430 ,
1052 2400 1119 2432 quae

230 2439 349 2480 scripsit
368 2462 380 2477 ,
406 2439 648 2471 convictionem
661 2462 672 2478 ,
699 2437 831 2480 edquod
849 2439 970 2479 absque
993 2449 1119 2471 eontra-

232 2487 377 2522 dictione
388 2486 450 2520 sint
460 2486 642 2526 Haeretica,
670 2497 725 2528 per
746 2485 812 2520 hoc
837 2487 973 2521 evadere
984 2497 1119 2530 putans.

232 2535 420 2584 Qomodo
442 2534 541 2579 igitur
564 2534 818 2569 Admirabilitas
842 2545 898 2570 tua
921 2546 1036 2571 contra
1059 2548 1121 2571 nos

231 2587 477 2625 accusationem
490 2585 609 2629 recepit
620 2583 810 2627 hujusmodi
825 2610 836 2626 ‚
862 2585 943 2620 dum
967 2586 1053 2620 certe
1075 2598 1121 2620 re-

233 2638 361 2676 tineat,
388 2635 445 2680 qui
466 2635 508 2669 sic
520 2635 669 2678 utrasque
696 2645 791 2670 voces
816 2635 852 2669 ὅ(
873 2636 908 2669 in
931 2635 1122 2670 Constanti-

233 2687 349 2731 nopoli
370 2694 498 2730 propter
520 2685 769 2728 dispensationis
790 2685 989 2728 Mysterium
1007 2708 1019 2726 ,
1051 2685 1121 2721 uni-

234 2740 424 2778 tionemque
436 2734 639 2770 ineffabilem
660 2734 843 2770 dixerimus
856 2737 869 2769 ?

287 2787 368 2821 Non
395 2786 494 2830 igitur
511 2810 522 2825 ‚
546 2786 653 2829 quaeso
673 2809 685 2825 ,
713 2786 757 2820 fic
778 2786 874 2820 facile
896 2787 985 2823 fastis
1005 2797 1120 2822 contra

237 2849 299 2872 nos
311 2835 571 2870 accusationibus
593 2835 748 2870 credatis.
776 2836 851 2870 Nos
872 2837 963 2872 enim
983 2848 1098 2872 vocem
1112 2861 1122 2878 ‚

236 2898 300 2930 qua
313 2890 521 2920 DeiGenitrix
538 2886 726 2920 nominatur
738 2911 749 2928 ,
774 2887 797 2920 s1
809 2897 886 2921 eum
909 2899 989 2923 voce
1022 2898 1123 2932 pona-

236 2947 289 2972 tur
309 2936 365 2971 illa
387 2961 398 2977 ,
426 2948 495 2981 quae
515 2935 559 2969 est
589 2940 724 2979 Hominis
746 2940 888 2971 Genitrlx
909 2963 920 2980 ,
956 2938 1122 2983 integerri-

239 2998 330 3021 mum
351 2987 480 3031 pietatis
505 2985 667 3022 credimus
689 2985 904 3025 charasterem
930 3014 938 3021 .
972 2988 1122 3035 Qando

238 3037 330 3069 enim
349 3037 510 3077 dicimus,
537 3035 670 3078 chrestus
687 3062 697 3078 ,
724 3038 759 3072 &
775 3037 875 3084 Jesus
898 3063 909 3080 ‚
935 3038 970 3073 &
991 3040 1093 3073 Fillus
1112 3063 1122 3080 ,

242 3085 277 3119 ἃ
292 3089 463 3128 Unigenieus
479 3110 491 3128 ‚
512 3087 547 3121 &
560 3090 705 3121 Dominur
719 3112 730 3128 ,
754 3089 852 3123 ambo
865 3086 931 3123 haec
948 3089 1123 3133 appellatio

241 3133 482 3189 ista⁴fignificat
511 3137 554 3170 Et
565 3134 649 3171 hanc
663 3149 729 3172 non
742 3138 993 3183 approbantibus
1006 3151 1122 3174 vocem

240 3185 416 3229 fignificat.
443 3184 767 3230 Tanquamduarum
782 3199 986 3231 naturarum,
1015 3189 1048 3224 id
1062 3189 1122 3231 est,

238 3234 438 3269 Divinitatis
464 3235 498 3269 &
515 3234 739 3272 Humanitatis
761 3239 1010 3285 significativum
1026 3264 1036 3281 ,
1063 3243 1121 3274 Del

242 3287 407 3317 Genitricis
432 3284 612 3318 &Hominis
633 3289 813 3331 Gemmas,
841 3290 1038 3334 protulimus
1061 3301 1119 3325 no-

239 3345 316 3369 men
328 3359 338 3375 ‚
365 3344 401 3368 ut
413 3334 512 3369 latere
523 3335 686 3372 neminem
699 3341 801 3381 posset
812 3364 823 3380 ,
849 3342 926 3385 quia
938 3351 998 3375 nec
1009 3340 1119 3375 Mani.

238 3383 312 3428 :hei
331 3395 470 3419 errorem
493 3409 504 3425 ,
530 3396 591 3419 nec
620 3385 715 3421 Pauli
751 3389 905 3432 poffimus
938 3390 1118 3435 incurrere,

343 3434 447 3481 Christ·
464 3438 543 3478 Lupi
555 3440 654 3479 Opera
666 3440 698 3471 T.
707 3439 771 3475 Vn.

1918 164 1937 206 5
1954 166 1971 196 1

1165 229 1310 275 undique
1332 229 1516 274 praemuniti
1530 253 1538 262 .
1566 230 1637 277 Qi
1657 231 1852 268 enim'dicit
1871 231 1927 274 id,
1954 232 2046 276 quod

1166 281 1260 316 nobis
1270 280 1544 316 consubstantiale
1552 279 1598 315 est
1608 301 1628 320 ‚·
1648 280 1850 324 inseparabili
1859 283 2048 318 Divinitate

1166 332 1299 376 plenum
1309 331 1351 366 de
1364 330 1508 376 Virgine
1519 330 1694 376 genitum,
1721 331 1757 364 in
1777 343 1811 365 re
1831 332 1975 378 ingenue
1997 342 2049 367 to-

1166 392 1236 417 tum
1256 381 1445 417 Dominicae
1454 380 1705 425 dispensationis
1718 380 1918 423 Mysteriurn
1938 382 2051 427 praedi»

1161 442 1237 467 cat.
1264 431 1412 477 Negatio
1439 431 1516 466 veri>
1543 430 1663 466 horum
1681 429 1857 475 cujuslibet
1882 433 1981 466 unius
2001 432 2050 468 est

1166 481 1267 517 totius
1287 482 1535 528 dispensationis
1556 481 1700 517 ablatio.
1726 481 1839 526 Qam
1850 481 2051 525 quicumque

1168 532 1341 576 abjurant,
1366 543 1480 569 contra
1490 543 1606 567 eorum
1618 541 1717 577 caput
1741 531 1981 567 &conversum
1991 531 2051 575 est,

1166 583 1199 617 &
1209 581 1278 617 cite»
1287 582 1426 628 amplius
1445 591 1652 618 convertetur
1669 607 1677 615 .

1217 632 1323 677 Qod
1343 633 1420 668 vero
1442 632 1490 668 est
1511 633 1653 668 omnino
1662 632 1826 674 deterius,
1851 631 1887 666 &
1908 630 2052 668 maxim&

1169 692 1258 716 nunc
1269 705 1281 723 ,
1307 682 1340 715 δε
1352 683 1490 718 multam
1497 681 1771 720 DominiChristi
1780 682 2053 728 indignationem

1168 740 1326 775 provocat
1333 755 1345 774 ‚
1370 731 1573 776 dignumque
1582 734 1631 768 est
1639 734 1732 769 mille
1739 732 1927 778 fulguribus
1951 742 2054 777 atque

1168 781 1384 816 fulminibus:
1411 779 1617 820 Violabilem
1638 783 1951 830 diecrerUnigeniti
1971 783 2054 817 Dei-

1168 841 1292 873 tatem,
1318 831 1351 866 &
1363 839 1532 866 mortuum
1543 831 1686 868 Domini
1696 832 1868 874 Verbum,
1894 833 1929 867 δε
1950 833 1988 867 in
2007 833 2053 868 se,

1171 881 1308 926 pulchro
1321 880 1496 927 indiguisse
1509 879 1626 914 solatio
1636 904 1648 920 ,
1673 885 1708 918 δι
1719 884 1979 920 resumaionem
1991 894 2057 918 me·

1170 933 1267 967 ruisse
1282 942 1357 967 cum
1371 942 1467 967 carne
1482 956 1490 964 .
1515 929 1600 977 Qae
1611 930 1759 965 universa
1775 933 1817 968 ab
1829 933 2055 969 Ecclesiastica

1170 981 1383 1018 Orthodoxia
1395 982 1470 1016 sunt
1482 980 1611 1021 aliena,
1638 980 1675 1014 ἃ
1696 986 1769 1024 quae
1788 992 1956 1026 nunquam
1976 983 2057 1019 reci-

1170 1034 1301 1078 pientur
1312 1031 1330 1066 ὲ
1340 1031 1436 1067 nobis
1448 1056 1456 1064 .
1483 1029 1581 1065 Absit
1592 1029 1682 1065 enim
1692 1029 1712 1064 ὃ,
1723 1029 1822 1065 nobis
1832 1053 1845 1071 ,
1870 1041 1908 1064 ut
1924 1033 2059 1068 Divini-

1171 1093 1271 1120 tatem
1284 1108 1296 1125 ,
1320 1095 1391 1128 quae
1407 1081 1589 1117 nostrarum
1600 1079 1829 1115 PrimitIarum
1847 1078 2059 1117 Vivificatrix

1172 1134 1321 1174 exstitit,
1345 1131 1431 1168 hanc
1455 1130 1638 1177 aliquando
1660 1140 1773 1175 putem
1793 1129 1861 1165 vita
1881 1130 1975 1165 fuisse
1998 1133 2060 1174 pri-

1174 1195 1285 1220 vatam
1297 1209 1309 1226 ,
1334 1194 1390 1227 aut
1401 1182 1577 1229 indiguisse
1591 1180 1801 1229 Vivificaptis
1811 1179 1945 1228 majoris
1957 1202 1965 1213 .
1992 1180 2061 1214 Cu-

1171 1235 1223 1279 jus
1234 1235 1322 1269 enim
1335 1245 1397 1269 nec
1410 1245 1487 1269 caro
1502 1232 1585 1269 vidit
1594 1232 1841 1277 corruptionem
1853 1254 1865 1271 ‚
1890 1228 2061 1276 quomodo

1173 1286 1246 1330 quis
1269 1284 1365 1328 hujus
1377 1283 1604 1320 Divinitatem
1622 1283 1736 1319 dicens
1754 1293 1833 1318 cum
1848 1293 1946 1318 carne
1967 1282 2061 1316 fuisse

1172 1345 1380 1379 corruptam,
1406 1346 1477 1371 non
1497 1335 1559 1370 erit
1581 1334 1704 1380 dignus
1723 1334 1882 1379 particeps
1900 1333 1964 1368 effe
1985 1334 2064 1367 cum

1173 1386 1341 1431 Doemonqe
1364 1385 1378 1418 ἶ
1414 1385 1642 1430 Incorruptilis
1661 1385 1752 1421 enim
1774 1382 1972 1419 Divinitatis
1993 1407 2005 1423 ‚
2029 1381 2063 1417 dc

1175 1436 1284 1472 omnis
1302 1435 1498 1472 mutationis
1524 1434 1774 1480 insusceptibilis
1795 1432 1974 1470 secundum
2005 1444 2063 1468 vo·

1174 1499 1246 1523 cem
1268 1511 1281 1528 ‚
1307 1498 1407 1531 quam
1426 1486 1515 1522 dixit
1534 1498 1591 1531 per
1624 1485 1826 1530 prophetam
1846 1485 1940 1520 Deus
1960 1497 1969 1517 2
1996 1486 2063 1527 Ego

1170 1537 1263 1581 sum,
1289 1548 1339 1582 ego
1348 1535 1437 1581 sum,
1462 1539 1498 1571 ἐν
1516 1547 1575 1571 non
1602 1536 1756 1570 mutabor.

1224 1588 1321 1622 Licet
1331 1598 1442 1622 autern
1453 1587 1531 1622 Deo
1540 1585 1721 1620 Amicabili
1732 1585 1863 1623 Anima
1881 1595 1943 1619 tuae
1954 1609 1965 1625 ,
1992 1595 2064 1628 quae

1175 1637 1371 1683 scripserunt
1392 1638 1504 1672 Patres
1517 1660 1528 1676 ,
1553 1637 1681 1670 sumere
1700 1634 1874 1676 universa,
1900 1632 2063 1669 &abillis

1175 1687 1353 1729 addiscere,
1380 1687 1458 1731 quia
1477 1696 1538 1720 nos
1548 1683 1737 1720 orthodoxe
1753 1685 1990 1730 predicamus:
2018 1684 2064 1718 Et

1176 1740 1251 1784 quia
1264 1737 1404 1774 sordidis
1416 1735 1481 1772 illis
1491 1747 1528 1771 ea
1539 1737 1578 1772 fit
1591 1737 1659 1780 spes
1670 1761 1681 1777 ,
1707 1735 1798 1779 quod
1811 1748 1866 1780 per
1886 1734 2065 1779 subreptio-

2081 1530 2238 1568 Malacha.

1175 1801 1234 1825 nes
1257 1788 1393 1825 verbum
1418 1789 1567 1832 superent
1592 1787 1755 1822 veritatis.
1781 1785 2065 1832 Fingentesenim

1174 1840 1342 1883 aequivoca
1352 1837 1564 1873 orthodoxis
1585 1837 1737 1872 Patribus
1757 1837 1918 1878 nomina,
1944 1834 2067 1879 simpli-

1174 1891 1277 1924 ciores
1301 1887 1452 1922 stducere
1477 1894 1608 1921 tentant
1628 1910 1636 1918 .
1665 1886 1722 1921 Ut
1748 1896 1826 1929 puta
1851 1886 1898 1920 est
1927 1885 2065 1919 Basilius

1175 1937 1309 1983 quidam
1323 1936 1365 1970 de
1380 1934 1528 1977 Ancyra,
1535 1936 1585 1969 vir
1596 1936 1653 1978 qui
1666 1947 1752 1970 unus
1764 1947 1809 1969 ex
1817 1934 1974 1970 haereticis
1986 1936 2067 1976 fuit;

1175 1987 1220 2022 est
1241 1986 1396 2021 Caesaraeae
1421 1984 1664 2028 Cappadociae,
1690 1995 1781 2018 unus
1792 1994 1905 2018 eorum
1917 1984 1973 2027 qui
1986 1985 2068 2027 peri-

1175 2037 1249 2072 cula
1262 2048 1321 2081 pro
1334 2035 1400 2070 fide
1411 2034 1563 2069 sustinuit
1583 2034 1722 2078 plurima
1734 2058 1743 2067 .
1770 2033 1829 2073 Est
1850 2034 1885 2069 δε
1899 2032 2067 2069 haereticus

1176 2084 1346 2122 Melithon
1368 2108 1379 2125 ,
1403 2084 1449 2120 est
1476 2085 1510 2119 &
1531 2084 1615 2119 alius
1632 2082 1806 2119 Melithon
1827 2083 2065 2120 Orthodoxus.

1178 2137 1234 2172 Est
1247 2137 1372 2173 Vitalis
1394 2136 1451 2180 qui
1475 2134 1754 2171 orthodoxorum
1772 2134 1837 2170 fuit
1859 2135 2063 2180 Episcopus,

1176 2188 1221 2224 est
1243 2188 1277 2223 &
1287 2187 1370 2222 alius
1381 2186 1504 2222 Vitalis
1514 2211 1526 2228 ,
1552 2186 1610 2229 qui
1622 2185 1665 2221 ab
1676 2185 1782 2231 impio
1793 2185 1838 2220 est
1852 2184 2064 2230 Apollinario

1177 2240 1383 2274 consecratus
1397 2262 1404 2269 .
1430 2237 1514 2271 Sunt
1536 2235 1724 2274 &aliorum
1745 2236 1926 2271 multorum
1946 2236 2066 2270 similia

1179 2289 1316 2324 nomina
1327 2313 1335 2320 .
1364 2287 1409 2322 Et
1420 2297 1457 2321 ut
1467 2298 1537 2321 non
1550 2297 1606 2331 per
1615 2286 1760 2331 fingulos
1771 2284 1891 2321 borum
1902 2287 2065 2321 sumentes

1178 2337 1428 2374 similitudinem
1452 2337 1627 2372 nominum
1644 2337 1759 2380 fimus,
1783 2336 1982 2381 fimplicibus
1996 2347 2068 2381 pro·

1178 2392 1304 2430 ferunt,
1331 2388 1366 2422 &
1378 2388 1420 2423 ad
1434 2387 1652 2431 perditionem
1666 2387 1800 2423 trahunt
1822 2399 1877 2432 per
1887 2387 2067 2432 aequivoca-

1179 2440 1307 2473 tionem
1321 2449 1390 2471 non
1401 2436 1627 2481 intelligentes
1641 2461 1653 2477 ‚
1678 2437 1754 2480 quia
1766 2438 1805 2471 sit
1817 2438 1916 2472 etiam
1929 2437 2066 2471 Basilius

1180 2487 1323 2531 Ancyrae
1334 2511 1342 2518 .

1228 2536 1273 2571 Et
1286 2535 1305 2570 ὲ
1317 2534 1431 2570 multis
1444 2534 1523 2569 νει-ὀ
1537 2534 1726 2578 hujusmodi
1737 2535 1834 2570 facile
1846 2537 2067 2580 corrumpitur

1178 2599 1228 2622 ars
1245 2595 1359 2621 eorum
1375 2609 1387 2627 ,
1410 2585 1500 2628 quod
1522 2585 1563 2619 ad
1575 2585 1806 2628 decipiendum
1831 2586 2068 2629 aequivocatio-

1181 2636 1276 2672 nibus
1287 2635 1466 2671 abutantur
1478 2661 1486 2669 .
1512 2634 1575 2670 Sed
1587 2633 1653 2669 haec
1663 2657 1673 2674 ‚
1700 2637 1805 2679 quaeso
1817 2661 1828 2677 ‚
1855 2644 1892 2670 ut
1904 2636 1969 2679 ipse
1980 2636 2067 2671 devi-

1178 2698 1248 2729 tes,
1273 2686 1352 2722 ficut
1363 2685 1420 2731 qui
1434 2696 1489 2720 vas
1505 2685 1720 2731 integerrimae
1739 2697 1777 2720 ac
1799 2685 2010 2721 finceriffimae
2022 2698 2067 2721 re-

1180 2737 1347 2773 stitudinis
1359 2736 1436 2771 fidei
1450 2760 1462 2777 ,
1486 2736 1520 2772 ὅ(
1531 2736 1739 2781 temetipsum
1760 2736 1927 2772 laboribus
1938 2747 2067 2771 exerce·

1180 2800 1212 2823 te
1222 2786 1357 2832 dignare
1369 2786 1409 2822 ad
1421 2787 1658 2826 excidendam,
1683 2798 1755 2831 quae
1775 2787 1887 2822 multis
1910 2787 2064 2821 innititur

1181 2837 1347 2873 fraudibus
1357 2862 1369 2879 ‚
1381 2837 1523 2872 haeresrm
1538 2862 1545 2869 .
1572 2837 1686 2872 Testis
1698 2837 1788 2872 enim
1800 2837 1845 2872 est
1858 2838 1951 2872 Deus
1963 2861 1975 2877 ‚
1985 2837 2064 2880 quia

1182 2890 1204 2922 si
1225 2887 1293 2923 haec
1310 2887 1397 2931 apud
1416 2888 1572 2923 Ecclefias
1586 2886 1790 2923 obtinuerint
1801 2912 1812 2928 ,
1840 2898 1910 2932 quae
1922 2899 2010 2922 nunc
2022 2887 2066 2921 ab

1180 2938 1445 2974 immundiffimis
1456 2938 1543 2979 istis,
1560 2938 1669 2973 nescio
1679 2936 1861 2983 quomodo,
1878 2935 1960 2971 nihil
1971 2936 2063 2971 aliud

1180 2989 1296 3030 restat,
1321 2988 1379 3023 nisi
1399 2998 1436 3023 ut
1459 2989 1516 3023 illa
1537 2989 1649 3023 colant
1661 2988 1834 3029 Ecclefiae,
1861 2986 2061 3031 quaeArius‚

1179 3041 1211 3074 &
1228 3040 1434 3080 Eunomius,
1460 3040 1494 3074 ὃς
1517 3037 1745 3082 Apollinarius
1766 3037 1971 3073 tradiderunt
1994 3062 2001 3070 .
2027 3035 2063 3072 Δ

1182 3101 1234 3124 me
1257 3089 1335 3124 vero
1355 3090 1525 3124 Dominus
1548 3089 1699 3123 omnium
1722 3088 1804 3123 nihil
1825 3089 1995 3122 exacturus
2016 3086 2063 3123 est

1180 3141 1318 3184 amplius
1329 3165 1340 3181 ‚
1367 3140 1425 3174 nifi
1438 3150 1473 3174 ut
1482 3150 1539 3173 eos
1552 3164 1562 3179 ‚
1589 3138 1645 3183 qui
1658 3140 1780 3183 possint
1793 3138 1858 3172 haec
1872 3136 2043 3182 prohibere
2055 3160 2067 3177 ,

1179 3198 1458 3225 commemorem:
1484 3189 1587 3237 Qod
1599 3189 1618 3224 a
1630 3190 1790 3233 principio
1814 3190 1847 3224 δε
1861 3199 1948 3223 nunc
1963 3189 2064 3233 usque

1178 3241 1298 3276 faciens
1325 3252 1394 3275 non
1418 3240 1545 3284 quievi.
1574 3239 1619 3274 Et
1638 3250 1697 3274 vos
1720 3238 1786 3274 Dei
1811 3240 1918 3274 servos
1940 3240 2064 3282 semper

1176 3302 1457 3329 commemorans,
1482 3301 1523 3323 ne
1541 3289 1914 3335 despiciatisperennem
1931 3288 2063 3324 Nobili-

1176 3350 1277 3376 tatem
1304 3340 1496 3385 Religionis
1510 3364 1521 3381 ‚
1547 3340 1592 3375 ita
1618 3341 1687 3374 utsr
1711 3352 1750 3375 ea
1763 3363 1774 3381 ,
1801 3352 1872 3385 quae
1885 3340 1925 3374 ad
1937 3337 2064 3376 ottho,

1176 3392 1310 3428 doxiam
1323 3392 1511 3437 pertinent,
1537 3391 1643 3427 vestro
1655 3391 1763 3426 studio
1774 3390 2061 3473 confirmatignem

1670 3441 1700 3478 E
1752 3453 1774 3480 2
1985 3447 2016 3475 e·
