2320 3730
371 149 471 195 ιρις

503 339 765 410 CAPUT
802 352 943 395 LXX.
1013 351 1175 407 ---158

291 541 467 610 Epistola
501 540 723 589 Theodoreti
770 535 947 605 Epistopz'
994 538 1046 585 ad
1081 539 1177 587 Hel.

358 612 503 660 [adium
538 610 766 680 Epissopum
801 607 843 654 de
869 611 1042 656 Himerio
1076 615 1172 679 Epl'-
1235 630 1294 665 sex
1308 633 1451 661 continuis
1462 635 1552 664 annis
1565 631 1646 663 docui
1652 628 1709 672 sub
1719 630 1837 663 sandae
1855 637 2003 665 memoriae
2028 629 2120 665 Theo-
2137 613 2275 655 Epist·33·

1110 683 1174 746 st-
1235 679 1301 715 doto
1314 678 1544 720 Antiochensium
1553 679 1716 724 Episcopo,
1743 686 1819 714 vitae
1828 682 1965 714 claritate
1985 682 2020 714 (v
2033 683 2120 715 Divi-

348 681 465 752 fiopo
500 678 740 744 Nicomediae
773 715 786 727 .
838 683 895 728 Et
929 677 1025 744 hanc
1058 717 1071 742 ,

356 768 419 797 cut
448 749 573 818 pofidt
607 752 758 799 lrenaeus
784 785 799 811 ,
834 748 1011 799 duximus
1046 751 1173 818 trans-

340 819 541 885 ferendam
558 855 571 874 ,

280 1007 282 1010 ,
371 978 628 1018 Aciturnitatem
640 982 784 1027 praesenti
797 991 943 1027 tempore
961 984 1082 1023 ,servare
1092 983 1169 1018 deli·

396 1030 532 1075 beram,
559 1033 672 1067 inveni
690 1033 777 1068 hanc
802 1034 938 1068 noxiam
963 1034 1065 1067 nimis
1092 1058 1104 1074 ‚
1129 1034 1168 1066 fe-

276 1091 470 1125 rentemque
487 1083 666 1128 periculum
681 1110 687 1116 .
716 1083 822 1119 Unde
834 1083 1094 1123 taciturnitatem
1107 1082 1170 1117 sol-

275 1133 353 1167 vens
376 1143 444 1166 non
468 1131 653 1176 prohibebo
675 1133 761 1172 labia
783 1144 875 1167 mea.
904 1132 993 1168 Cum
1006 1129 1169 1175 Propheta

273 1180 441 1216 clamabo.
471 1181 533 1216 Sed
555 1193 673 1226 eaquae
696 1181 779 1222 mihi
795 1184 879 1216 recta
891 1182 1043 1217 videntur
1074 1183 1171 1227 &ju-

271 1229 341 1270 sta,
369 1230 419 1264 his
441 1232 581 1275 quisunt
603 1233 690 1267 arua
714 1233 891 1267 sanctitate
912 1233 1109 1273 innotesco,
1133 1234 1167 1268 &

271 1277 402 1317 &vestra
411 1282 585 1317 Sanctitate
595 1306 605 1321 ,
632 1283 725 1324 omni
738 1294 815 1317 cum
829 1282 999 1317 voluntate
1010 1281 1167 1321 suadebor

270 1340 485 1376 quaecumque
506 1332 687 1378 expediunt
709 1358 715 1365 .
744 1333 851 1377 Igitur
871 1333 1080 1368 manifestum
1103 1343 1166 1368 tuae

269 1380 358 1418 facio
371 1382 542 1418 Sanstitati
555 1408 566 1424 ‚
594 1384 671 1428 quia
693 1395 734 1417 ex
747 1383 904 1428 AEgypto
916 1384 1042 1418 miffam
1057 1384 1166 1427 legen-

269 1438 316 1464 tes
329 1431 511 1474 Epistolam
521 1459 533 1476 ‚
560 1434 747 1470 invenimus
770 1433 923 1468 dostrinae
938 1433 1164 1469 Ecclefiasticae

267 1479 531 1525 congruentem,
557 1484 799 1524 &contrariam
829 1483 1006 1518 duodecim
1029 1483 1165 1527 Capitu-

266 1529 501 1576 liseregione:
531 1533 622 1576 Illis,
649 1533 768 1578 quibus
796 1533 951 1570 haetenus
968 1534 1163 1578 perstitimus

266 1588 303 1614 ut
315 1579 473 1617 haereticis
497 1594 738 1628 repugnantes.
768 1585 812 1618 Et
834 1584 1086 1618 deliberavimus
1104 1597 1161 1628 pro

264 1629 419 1665 Ecclefiae
441 1645 519 1676 pace
539 1644 597 1667 eos
623 1632 779 1676 quidem,
806 1635 863 1678 qui
887 1635 980 1678 super
993 1632 1065 1675 his,
1091 1645 1163 1678 qua:

264 1691 499 1727 peccaverunt,
528 1685 559 1717 se
572 1693 803 1722 correxerunt,
829 1684 863 1718 in
886 1685 1160 1722 communionem

264 1731 444 1776 suscipere3
472 1733 599 1776 injustae
621 1732 697 1767 vero
710 1744 807 1777 atque
821 1734 942 1777 iniquae
953 1734 1158 1769 damnationi

265 1781 459 1818 Sanstiffimi
482 1783 600 1818 &Deo
622 1781 822 1817 Amiciffimi
846 1784 999 1827 Episcopi
1013 1784 1158 1818 Nestorii

263 1841 371 1873 neque
383 1843 483 1865 manu
499 1856 510 1872 ,
523 1843 625 1876 neque
638 1833 754 1877 lingua
772 1858 783 1874 ‚
797 1844 902 1873 neque
914 1843 1024 1867 mente
1034 1835 1157 1876 acquie-

263 1881 367 1914 scere.
398 1883 555 1926 Iniquum
572 1893 714 1926 namque
740 1882 872 1922 revera,
899 1883 932 1916 ὅ(
956 1883 1076 1917 ultimo
1089 1885 1157 1927 sup-

261 1930 365 1975 plicio
377 1932 518 1976 dignum
530 1933 573 1967 est
588 1931 634 1966 illi
650 1932 783 1975 quidem
799 1957 809 1973 ‚
832 1933 887 1977 qui
900 1933 1068 1967 Mundum
1081 1946 1157 1968 con-

261 1980 373 2020 fudit,
402 1983 563 2016 &terram
575 1982 820 2016 &mareturbis
831 1983 1009 2025 complevit
1022 2008 1032 2022 ,
1056 1984 1090 2017 ὃς
1102 1984 1155 2016 vix

261 2041 353 2064 nunc
371 2032 615 2074 expositionem
637 2032 780 2064 nostram
803 2032 959 2072 suscepit,
990 2030 1155 2073 impartire

262 2080 416 2115 veniam.-
444 2081 538 2115 illum
560 2079 658 2119 vero,
685 2081 743 2124 qui
770 2079 811 2114 ab
833 2080 901 2122 ipsa
922 2081 1060 2122 pueritia
1089 2079 1154 2114 haec

262 2132 327 2166 effe
347 2130 366 2164 ὲ
383 2130 529 2166 ἀοὲὶῐὶηα
548 2131 684 2176 docuit,
712 2130 835 2172 injustae
851 2128 1054 2168 homicidiali
1077 2129 1153 2168 huic

259 2180 388 2215 tradere
416 2180 633 2219 interfestioni
653 2203 660 2210 .
697 2179 787 2212 Nam
823 2178 925 2211 fimile
953 2191 1086 2223 quoque
1108 2180 1153 2214 est

265 2231 349 2266 istud
362 2253 371 2269 ‚
398 2242 436 2264 ac
448 2229 471 2263 fi
484 2241 599 2264 omnes
610 2229 685 2262 illos
696 2228 773 2262 Deo
786 2227 1011 2262 Amiciffimos
1038 2230 1154 2272 perda—

265 2292 338 2315 mus
361 2281 540 2325 Episcopos
561 2305 572 2321 ,
600 2279 658 2322 qui
683 2278 857 2313 nobiscum
879 2278 914 2312 in
938 2278 1069 2322 Epheso
1087 2302 1098 2319 ,
1122 2280 1156 2314 <Sc

266 2329 480 2367 Chalcedone
500 2357 511 2372 ,
546 2331 579 2364 &
602 2328 899 2372 Constantinopoli
936 2340 993 2373 pro
1022 2329 1154 2364 veritate

265 2390 450 2423 certarunt,
476 2381 621 2425 &usque
643 2379 684 2416 ad
706 2381 840 2422 praesens
860 2389 935 2418 cum
947 2380 1072 2415 fervore
1084 2392 1154 2415 cer·-

265 2443 353 2468 tanr.
382 2432 427 2465 Et
446 2431 660 2475 despiciamus
684 2430 794 2474 leges,
822 2440 891 2473 qua:
914 2439 972 2472 pro
1000 2430 1156 2464 omnibus

265 2483 525 2527 impugnantur,
552 2481 678 2516 &foris
700 2480 741 2518 ab
755 2478 905 2514 Ecclefiis
927 2479 1044 2524 degere
1065 2492 1155 2514 com—

264 2532 430 2576 pelluntur
455 2558 461 2564 .
487 2531 754 2567 Deliberavimus
776 2529 877 2573 igitur
899 2540 967 2563 non
993 2531 1081 2572 prius
1106 2531 1154 2566 vel

266 2582 443 2628 AEgyptiis
456 2608 466 2624 ‚
478 2582 530 2616 vel
542 2579 922 2622 Constantinopolitanis
933 2581 1155 2616 communica-

265 2644 323 2673 re,
351 2633 458 2666 donec
469 2631 732 2675 propugnatores
755 2628 883 2672 pietatis
905 2629 1049 2671 proprias
1065 2641 1155 2664 rece-

267 2682 373 2726 perint
383 2681 559 2719 Ecclefias.
590 2679 715 2713 Scribat
728 2679 829 2723 igitur
841 2679 1001 2714 Sanstitas
1012 2689 1067 2712 tua
1080 2680 1154 2714 Deo

268 2730 477 2766 Amiciffimo
509 2731 543 2769 ἀ
566 2728 769 2763 83ηᾶὶῶωο
790 2729 953 2772 Episcopo
978 2729 1132 2765 Himerio
1146 2755 1156 2770 ‚

268 2782 302 2818 ὅ(
314 2779 503 2826 persuadeat
512 2779 579 2823 ejus
592 2778 811 2823 Religiofitati
824 2803 834 2819 ,
861 2780 938 2820 quia
959 2779 992 2812 ὅ(
1003 2779 1156 2822 pietatem

269 2843 339 2866 non
357 2830 581 2876 prodidimus,
606 2829 764 2867 &curam
776 2829 1038 2866 fraterniamoris
1049 2829 1158 2864 habui·

269 2893 364 2923 mus,
391 2880 578 2915 &studium
589 2889 770 2926 votumque
780 2876 937 2913 habemus
948 2890 1003 2914 aut
1026 2880 1158 2916 cumeis

270 2932 409 2967 traditos
422 2931 516 2965 nobis
528 2929 675 2974 Populos
687 2938 869 2974 regere,aut
879 2940 956 2963 cum
973 2929 1036 2964 illis
1051 2931 1158 2976 expel-

270 2982 293 3015 li
306 3007 317 3023 ‚
343 2983 376 3016 &
389 2982 532 3026 quietem
552 3006 563 3022 ,
593 2991 663 3030 quae
683 2979 803 3021 absque
824 2979 970 3023 periculo
989 2981 1056 3022 est,
1084 2981 1158 3015 reci·

271 3043 345 3074 pere
355 3057 362 3064 .
390 3032 434 3065 Et
444 3030 527 3066 mihi
538 3041 647 3066 autem
658 3029 878 3068 intentionem
891 3028 1027 3072 dignare
1039 3031 1159 3064 tuaein·

272 3083 435 3116 notescere
457 3082 662 3121 Sanctitatis,
688 3081 766 3118 Deo
786 3078 992 3117 Amiciffime
1013 3105 1020 3112 .
1048 3079 1159 3115 Nimis

270 3131 359 3165 enim
371 3133 536 3173 ecaritor,
562 3131 603 3165 eo
614 3130 705 3174 quod
723 3128 833 3163 nihil&
848 3130 947 3166 vestra
962 3129 1158 3167 Amabilita-

272 3188 304 3220 te
316 3180 355 3213 de
367 3179 416 3214 his
428 3205 439 3221 ,
469 3193 537 3224 quae
547 3190 689 3226 aguntur
700 3206 711 3222 ‚
737 3181 846 3218 sumus
856 3179 982 3215 edosti.

713 138 1047 183 VARIORUM
1084 138 1337 194 Paruum
1372 136 1700 198 Emmm,

1425 329 1919 380 SCHOLION.

1254 490 1257 493 *
1327 476 1541 512 Heodoretus
1551 487 1619 512 erat
1628 487 1721 512 mens
1732 478 1765 512 δε
1773 469 1885 524 lingua
1896 480 1997 516 totius
2005 481 2121 518 Orien-

1352 527 1426 561 talis
1446 527 1612 563 Ecclefiae.
1639 528 1773 568 Etenim
1795 529 1837 566 dc
1850 530 2039 575 semet-ipso
2049 533 2122 566 scri-

1237 577 1284 612 bit
1304 577 1345 611 ad
1366 578 1567 613 Dioscorum
1588 578 1814 614 Patriarcham
1835 578 2120 616 Alexandrinum:

1235 740 1336 761 norum
1358 730 1529 772 dogmatum
1547 729 1672 775 scientia
1684 730 1866 770 nobilifflmo.
1894 732 2045 766 Trcdecim
2055 744 2128 765 rur--

1228 777 1282 821 sus
1295 779 1363 812 aliis
1372 777 1427 825 sub
1439 779 1523 813 beato
1525 784 1559 827 J
1561 793 1656 819 oanne
1667 805 1678 821 ‚
1704 788 1755 824 qui
1766 782 1964 825 difflantibus
1986 781 2072 817 nobis
2079 781 2119 824 sic

1232 829 1410 871 afficiebatur
1421 852 1433 869 ,
1458 839 1492 863 ut
1512 831 1619 864 ambas
1634 830 1719 874 saepe
1738 843 1845 870 manus
1858 844 1915 865 non
1925 840 2057 872 tenerer,
2082 834 2118 866 ὃ·

1232 880 1269 912 de
1276 877 1410 922 suafhde
1422 878 1604 925 consurgeret
1615 907 1622 914 .
1653 884 1703 919 Ad
1725 881 1788 916 baec
1806 881 1950 925 septimus
1961 893 2060 915 annus
2071 881 2119 915 hic

1231 929 1269 969 est
1294 933 1353 963 Deo
1376 929 1528 970 cbariffimz
1541 931 1784 976 Archi-Epiftopi
1796 936 1904 966 Domni
1918 958 1925 965 .
1948 933 2053 977 Igitur
2065 942 2121 976 per

1233 980 1353 1024 viginti
1366 981 1421 1016 sex
1433 992 1539 1015 annos
1561 982 1625 1016 fuit
1636 980 1867 1017 Patriarchalis
1889 983 2120 1017 Concionator

1231 1040 1270 1062 ac
1292 1031 1419 1064 Doitor
1440 1030 1662 1070 Antiochenae
1683 1033 1829 1066 Ecclefiae
1853 1058 1860 1065 .
1888 1034 1981 1070 Hinc
2011 1032 2118 1077 ipsum

1231 1078 1406 1116 Helladius
1429 1080 1542 1114 timuit
1564 1083 1626 1115 suae
1646 1082 1736 1116 Parti
1761 1080 1909 1125 perdere.
1939 1082 2043 1119 Porro
2064 1093 2119 1116 au-

1231 1128 1333 1162 dierat
1345 1129 1439 1162 illum
1452 1129 1485 1162 in
1498 1140 1553 1164 om
1560 1142 1614 1164 nes
1624 1130 1642 1163 ὲ
1655 1132 1785 1174 Cyrillo
1796 1133 1974 1175 propositos
1989 1132 2119 1166 Articu-

1231 1179 1280 1212 los
1304 1179 1512 1220 consensisse,
1543 1179 1679 1225 ideoque
1701 1182 1735 1216 ὃς
1757 1192 1904 1224 paratum
1925 1181 1966 1215 ad
1981 1193 2092 1225 pacem
2106 1206 2114 1213 .

1231 1229 1340 1268 Etiam
1365 1230 1556 1265 consensisse
1581 1231 1616 1265 in
1637 1242 1822 1279 perpetuam
1849 1231 2119 1277 degradationem

1230 1289 1266 1313 ac
1280 1277 1545 1316 exturbationem
1557 1281 1699 1318 Himerii
1709 1282 1970 1321 Nicomedienfis
1985 1281 2011 1315 E
2016 1281 2119 1325 pisco-

1231 1328 1284 1372 pi,
1312 1327 1537 1372 Bithynorum
1548 1331 1788 1374 Metropolitae.
1815 1332 1950 1366 Etenim
1970 1331 2118 1374 Cyrillus

1229 1378 1317 1417 hunc
1340 1379 1530 1414 Himerium
1552 1404 1564 1421 ,
1589 1381 1695 1425 ipsum
1731 1381 1925 1418 Helladium
1947 1405 1958 1421 ,
1988 1379 2119 1418 Eutheu

1228 1429 1313 1462 rium
1336 1426 1600 1474 Thyanensem,
1627 1443 1667 1465 ac
1694 1430 1911 1470 Dorothaeum
1936 1431 2119 1467 Martiano-

1225 1480 1411 1522 politanum
1435 1479 1569 1515 volebat
1590 1481 1609 1515 a
1632 1493 1711 1524 pace
1723 1482 1894 1522 exclusos,
1920 1491 1957 1514 ac
1968 1479 2119 1515 exturba-

1224 1538 1277 1563 tos
1289 1529 1441 1565 Ecclefiis
1459 1554 1467 1563 .
1494 1531 1606 1577 Qare
1621 1532 1799 1571 Helladins
1810 1534 1901 1576 super
1913 1530 1965 1568 his
1975 1530 2120 1567 consulit

1223 1578 1479 1615 Theodoretum
1493 1604 1504 1621 ‚
1531 1581 1564 1619 ἀ
1575 1591 1714 1616 conatur
1724 1582 1767 1616 ab
1779 1581 1831 1616 his
1839 1582 2012 1617 divertere.
2039 1580 2118 1615 Pro·

1223 1628 1301 1663 inde
1314 1627 1382 1667 haec
1395 1630 1535 1673 scripfit,
1554 1630 1633 1664 dum
1648 1630 1769 1670 Paulus
1783 1631 1959 1665 Emesenus
1971 1628 2118 1664 Alexam.

1222 1677 1296 1714 driae
1307 1681 1452 1714 trastaret
1464 1691 1539 1719 cum
1553 1680 1684 1723 Cyrillo
1698 1706 1709 1722 ‚
1720 1682 1755 1770 g
1768 1693 1815 1715 res
1830 1679 1938 1717 adhuc
1951 1679 2115 1725 penderet:

1223 1729 1315 1768 Dum
1330 1731 1416 1764 fama
1439 1730 1619 1768 nunciasset
1640 1729 1707 1764 haec
1757 1729 1962 1766 rientalibus-

1274 1779 1316 1813 Et
1340 1779 1577 1815 Theodoretus
1597 1780 1769 1824 respondet
1791 1781 1832 1816 ad
1860 1780 1985 1825 singula
2008 1804 2016 1812 .
2044 1778 2115 1815 Pti-

1222 1827 1280 1862 mo
1294 1852 1303 1867 ‚
1330 1830 1421 1872 quod
1445 1829 1566 1872 Cyrilli
1582 1831 1622 1867 ad
1635 1830 1797 1868 Acacium
1809 1832 1930 1869 litteras
1940 1828 2112 1873 judicarit,

1222 1889 1260 1912 ac
1282 1880 1464 1913 etiamnum
1490 1879 1612 1923 judicet
1624 1879 1847 1920 orthodoxas,
1873 1879 2116 1917 acediametro

1221 1930 1398 1963 contrarias
1412 1930 1595 1973 Capitulis.
1624 1930 1744 1974 Usque
1765 1931 1806 1968 ad
1818 1941 1958 1969 mortem
1986 1939 2054 1963 non
2063 1926 2115 1961 de-

1221 1977 1302 2011 stitit
1320 1979 1470 2014 detestari
1486 1980 1639 2024 Capitula
1652 2005 1660 2013 .
1689 1981 1844 2026 Pelagius
1858 1979 2017 2017 secundus
2027 1977 2117 2016 Pon·

1222 2027 1304 2058 tifex
1329 2029 1363 2061 in
1386 2030 1470 2062 datis
1492 2031 1532 2063 ad
1557 2031 1664 2064 Eliam
1689 2030 1958 2076 Aquilejensem,
1984 2028 2114 2065 acalios

1223 2074 1356 2108 Histriae
1376 2076 1579 2119 Episcopos‚
1606 2080 1769 2112 affirmans
1795 2081 1894 2114 illum
1916 2082 1950 2114 in
1975 2079 2114 2113 Chaice-

1222 2124 1357 2161 donenfi
1372 2126 1532 2162 Concilio
1546 2126 1690 2175 probasse
1701 2129 1734 2162 δε
1746 2132 1922 2173 acceptasse
1934 2129 2102 2171 Capituia,

1220 2175 1363 2209 omnino
1386 2175 1506 2214 labitur
1519 2201 1526 2209 .
1556 2177 1627 2210 Nec
1639 2177 1730 2215 enim
1755 2177 1844 2216 solus
1854 2177 2113 2217 Theodorum,

1220 2224 1274 2263 sed
1285 2226 1386 2260 etiam
1406 2227 1539 2261 sanctus
1550 2226 1744 2262 Gennadius
1771 2227 2113 2271 Constantinopolita-

1225 2283 1287 2308 nus
1310 2274 1513 2320 Episcopus,
1539 2277 1610 2319 post
1633 2276 1727 2312 istam
1753 2277 1927 2320 Synodum
1939 2289 2006 2312 non
2017 2277 2111 2311 defiit

1220 2323 1277 2362 illa
1297 2326 1435 2360 aversari
1456 2351 1463 2359 .
1491 2324 1730 2364 Theodoretus
1749 2326 1894 2364 secundo
1918 2327 2110 2373 respondet.

1221 2374 1310 2423 quod
1322 2374 1416 2410 istam
1427 2375 1597 2419 epistolam
1626 2376 1744 2415 habeat
1759 2388 1815 2419 pro
1827 2377 2001 2415 sufficienti
2013 2376 2110 2420 Capi-

1221 2424 1365 2459 tulorum
1376 2425 1649 2461 anathematismo
1661 2451 1673 2466 ‚
1701 2426 1843 2471 ideoque
1863 2425 2061 2465 consenserit
2074 2427 2110 2460 in

1220 2474 1485 2519 dispensatoriam
1511 2487 1641 2520 pacem.
1667 2475 1806 2515 Tertio,
1830 2475 1919 2519 quod
1939 2487 2110 2522 nunquam

1220 2526 1422 2562 consenserit
1434 2550 1445 2564 ‚
1470 2536 1525 2559 aut
1536 2527 1750 2562 consensurus
1761 2525 1845 2562 sitin
1858 2527 2109 2564 damnationem

1220 2575 1364 2610 Nestorii
1380 2588 1391 2608 .·
1419 2574 1493 2608 Nec
1518 2585 1637 2614 manu,
1664 2586 1724 2608 nec
1738 2575 1873 2619 lingua,
1902 2587 1962 2610 nec
1979 2584 2104 2609 mente.

1221 2625 1263 2662 Et
1274 2622 1363 2657 addit
1376 2623 1504 2657 causam
1519 2636 1529 2655 .·
1556 2627 1695 2665 Iniquum
1707 2635 1834 2669 namque
1846 2628 1956 2658 reverti
1967 2650 1978 2665 ‚
1998 2626 2031 2658 Θ
2041 2626 2109 2660 ulti-

1221 2685 1266 2709 mo
1272 2671 1415 2716 supplicio
1426 2673 1547 2715 dignum
1558 2671 1596 2712 est
1606 2698 1616 2717 ,
1638 2674 1682 2708 illi
1691 2676 1811 2715 quidem
1821 2680 1871 2716 qul
1884 2676 2032 2708 Mundum
2041 2686 2107 2708 con-

1211 2722 1301 2765 fudit
1312 2748 1322 2764 ,
1348 2724 1382 2757 (9⁶
1403 2731 1516 2755 terram
1538 2733 1572 2756 ac
1594 2734 1677 2757 mare
1688 2724 1784 2758 turbis
1797 2726 1952 2766 complevit
1965 2748 1975 2764 ,
2002 2726 2036 2762 <9⁰
2047 2729 2105 2761 vix

1222 2783 1298 2811 nunc
1320 2770 1519 2815 coepofitionem
1540 2772 1667 2813 nostram
1685 2772 1817 2817 suscepit
1834 2798 1845 2815 ‚
1872 2775 2027 2816 impartire
2055 2785 2106 2808 ve-

1224 2829 1306 2857 niam
1313 2835 1328 2864 ;
1353 2823 1440 2858 Illum
1451 2825 1522 2862 vtro
1533 2847 1544 2863 ,
1571 2829 1623 2865 qui
1633 2824 1671 2856 ab
1681 2822 1749 2867 ipsa
1754 2829 1887 2867 pueritia
1896 2824 1959 2858 baec
1969 2825 2020 2867 effi?
2029 2826 2047 2858 e*
2057 2826 2106 2860 do·

1224 2875 1322 2909 ‹Jrina
1333 2874 1448 2915 docuit,
1476 2872 1593 2914 inJustae
1616 2873 1681 2908 huic
1702 2873 1881 2909 homicidiali
1890 2876 2008 2911 tradere
2016 2880 2105 2915 inter-

1214 2924 1357 2972 fedioni.
1383 2922 1596 2962 Pertinaciter
1617 2925 1742 2963 censuit
1758 2924 1924 2971 Cyrillum
1936 2923 2105 2961 fuisse-ha:-

1220 2975 1379 3014 reticum,
1405 2983 1438 3007 at
1458 2973 1523 3018 jam
1543 2973 1608 3008 effe
1632 2976 1823 3011 conversum
1846 2999 1858 3015 ‚
1883 2973 2024 3018 ideoque
2045 2974 2105 3008 dis-

1221 3022 1399 3073 pensatorie
1420 3025 1550 3061 tolerari
1573 3025 1608 3061 in
1637 3024 1822 3069 Episcopali
1848 3024 1976 3059 honore
1997 3049 2005 3057 .
2039 3024 2103 3061 Ista

1222 3086 1284 3119 pax
1291 3073 1416 3118 habuit
1437 3074 1559 3118 aliquid
1571 3076 1710 3119 leporis.
1736 3075 1891 3119 Utraque
1918 3086 1988 3119 pars
2000 3076 2029 3108 se
2039 3085 2104 3109 crev

1221 3124 1304 3160 didit
1315 3125 1478 3161 vistricem
1494 3150 1504 3166 ‚
1530 3127 1563 3160 ὅ(
1573 3127 1648 3165 suos
1658 3126 1856 3165 adversarios
1866 3126 1958 3164 fuiffe
1969 3135 2104 3160 conver-

1221 3177 1271 3214 ,sos
1282 3176 1300 3211 ὲ
1311 3174 1408 3219 priori
1421 3174 1523 3210 haerefi
1534 3200 1542 3210 .

1272 3224 1363 3261 Audi
1373 3235 1524 3271 quartum
1552 3225 1759 3263 Theodoreti
1773 3227 1996 3269 Responsum:
2022 3225 2101 3261 Deli·

1221 3276 1390 3310 beravimus
1403 3287 1461 3308 non
1464 3276 1551 3318 prius
1561 3278 1615 3311 vel
1625 3277 1799 3322 AEgypttis'‚
1828 3278 1880 3310 vel
1899 3276 2101 3317 Constantino-

1217 3326 1357 3374 polltanis
1366 3333 1574 3364 communicare
1584 3351 1598 3374 ,
1623 3330 1711 3364 donec
1721 3330 1960 3372 Propugnatores
1974 3328 2100 3368 pietatiae

1943 3381 2051 3420 recepe&
