2320 3730
602 206 909 258 Scuomrs‚
947 215 1009 245 ετ
1044 197 1240 244 Νοτιε
1274 210 1652 243 urus’runrffl.

208 288 336 325 laetitia.
365 287 453 321 Sicut
466 287 554 321 enim
567 287 600 320 in
613 286 746 322 veritate
756 287 858 322 credo
868 311 879 328 ,
905 285 983 328 quia
994 286 1088 320 Deus

213 340 260 374 est
271 363 284 379 ,
307 338 349 370 (ic
367 336 400 369 &
411 337 605 372 satisfactum
615 336 722 376 habeo
733 362 746 379 ,
773 337 861 383 quod
874 337 966 381 pium
975 335 1014 368 fit
1023 345 1090 368 ma·

212 385 415 424 nifestaturus
424 386 575 424 Ecclefiae
585 387 708 433 dogma
716 413 728 430 ,
755 388 887 432 quando
899 386 993 423 novit
1006 386 1015 419 i
1019 385 1072 428 pse
1081 408 1088 416 .

211 439 256 473 Et
267 436 429 472 veritatem
441 450 509 474 non
523 439 687 482 permittet
707 437 888 473 absorberi.
917 435 1089 469 Verumta-

210 497 285 522 men
307 498 421 523 eorum
434 513 444 529 ,
473 500 543 533 quae
563 489 679 533 scripta
691 491 765 523 sunt
775 512 788 529 ,
812 486 963 521 omnium
980 493 1086 519 exem-

207 536 312 582 plaria
337 548 402 578 ruae
416 539 634 589 Relixgiofitati
644 538 748 574 direxi
757 560 768 575 μ

394 696 897 743 SenorroN-

206 837 390 924 HAEc
401 839 547 885 Epistola
557 851 619 877 nos
628 839 726 879 docet
736 838 827 882 plura
836 861 844 872 .
871 835 987 872 Primo
998 860 1009 877 ‚
1017 833 1091 873 ,hore

342 890 475 929 rendam
510 890 602 928 istius
634 888 819 927 Alexandri
854 887 1064 933 pertinaciam
1079 907 1087 916 .

208 938 361 974 Secundo
369 962 380 979 ,
405 940 496 984 quod
506 939 658 986 Synodus
667 964 679 983 ,
689 940 725 978 in
737 950 800 983 qua
810 937 1012 975 tractandum
1023 942 1091 969 erat

209 988 253 1023 de
264 987 375 1023 dando
396 989 568 1033 Responso
586 990 630 1024 ad
642 990 771 1027 Sacram
782 987 945 1030 Principis
957 1010 969 1026 ‚
994 985 1091 1019 fuerit

209 1049 281 1072 non
292 1036 444 1076 Berrhaeae
453 1041 546 1078 adae,
571 1038 625 1071 sed
637 1035 828 1072 Antiochiae
842 1061 849 1069 .
878 1034 1030 1071 Berrhaeae
1047 1045 1091 1070 ta-

208 1096 285 1119 men
297 1086 359 1120 fuit
367 1085 550 1130 completa.
578 1085 723 1126 Tertio,
747 1086 837 1131 quod
850 1087 996 1131 quinque
1017 1096 1094 1129 ptae·

207 1134 355 1169 faticum
376 1135 502 1178 Joanne
514 1134 701 1176 Patriarcha
713 1135 868 1180 Episcopi
893 1137 998 1170 multa
1024 1135 1092 1169 illic

206 1182 442 1224 Conciliorum
463 1185 570 1226 millia
594 1185 795 1233 agitaverint
822 1184 844 1226 ,‘
860 1185 1093 1230 investigantes

206 1234 386 1269 suaviorem
409 1235 497 1270 viam
517 1233 605 1279 pacis
622 1236 634 1273 ’.,
659 1235 792 1281 Qartd
817 1258 831 1279 ,
855 1234 946 1277 quod
968 1234 1093 1268 nullam

205 1282 395 1322 molliorem
406 1284 594 1329 excogitare
604 1284 772 1333 potuerint
782 1307 795 1325 ,
822 1294 922 1328 quarn
940 1293 976 1318 ut
987 1283 1095 1327 Cyril·

206 1333 258 1368 lus
270 1332 559 1374 anathematizaret
571 1335 627 1374 sua
640 1334 794 1380 Capitula
807 1357 819 1374 ,
836 1332 878 1373 ⁷&
887 1344 1003 1369 omnes
1013 1345 1092 1368 con·

207 1383 296 1418 tenti
321 1385 423 1422 effent
449 1385 520 1421 solo
545 1381 700 1427 Nycaeno
716 1382 882 1427 Symbolo
902 1408 909 1416 .
937 1382 1069 1431 Qintd
1081 1408 1093 1424 ,

210 1431 303 1477 quod
326 1434 469 1480 joannes
488 1432 679 1477 Patriarcha
690 1433 812 1477 Cyrilli
832 1433 954 1469 litteras
964 1435 1005 1470 ad
1017 1433 1095 1468 Ale-

208 1481 373 1522 xandrum
391 1483 524 1528 quidem
549 1495 588 1519 ac
598 1483 857 1523 Theodoretum
868 1484 992 1522 miserit
1003 1509 1015 1525 ,
1026 1495 1094 1523 non

207 1541 320 1567 tamen
344 1532 388 1571 ad
412 1533 673 1573 Samosatensem
698 1531 886 1576 Andream.
912 1534 1093 1569 Rationem

207 1581 330 1627 ignoro
343 1606 351 1619 .
378 1582 499 1624 Sexto,
523 1584 615 1629 quod
628 1582 775 1627 Cyrillus
792 1584 848 1617 sua
860 1583 1013 1626 Capitula
1040 1595 1095 1629 ge-

206 1629 322 1666 nerose
344 1629 548 1672 defenderit,
571 1634 748 1673 asseverans
760 1634 822 1667 esse
832 1634 979 1667 consona
991 1633 1093 1668 Sacris

206 1679 327 1716 litteris
335 1704 348 1722 ,
374 1692 414 1720 ac
424 1684 598 1723 necessaria
607 1682 648 1719 ad
658 1682 865 1722 evertendam
875 1683 1022 1718 Nestorii
1034 1682 1093 1718 hae-

177 1747 179 1749 ·
208 1731 315 1765 resim.
346 1731 494 1777 Septimo
507 1758 520 1775 ‚
544 1733 635 1777 quod
647 1731 837 1772 Alexander
846 1734 996 1768 maluerit
1008 1743 1094 1768 trun·

207 1780 276 1815 cari
285 1782 440 1821 omnibus
451 1783 622 1825 membrss,
649 1783 747 1830 quam
756 1783 912 1828 Capitula
936 1795 1007 1818 non
1021 1794 1096 1818 ana-

208 1828 416 1869 thematizari
430 1858 437 1865 .
464 1834 593 1869 Ostavo
606 1859 616 1875 ,
628 1834 718 1876 quod
729 1834 774 1868 ob
784 1831 869 1868 hanc
882 1834 1094 1877 pertinaciam

211 1879 358 1915 timuerit
369 1882 569 1930 Episcopatu
590 1883 683 1926 ejici.
708 1883 803 1922 Hinc
825 1882 932 1917 dixit:
961 1884 1096 1927 ,Quando

210 1931 337 1971 volunt,
364 1936 504 1967 veniant.
533 1934 682 1968 ordinent
697 1959 705 1968 .
733 1933 869 1977 Utique
879 1944 1005 1969 novum
1019 1932 1098 1978 Epi-

210 1981 348 2024 scopum
360 2005 368 2014 .

419 2295 679 2345 CAPUT
740 2298 855 2346 ΠΧ.
929 2310 1095 2358 ---147

211 2490 380 2560 Epssola
413 2491 569 2539 Andreae
617 2490 791 2560 Episcopi
823 2529 837 2554 ‚
880 2510 947 2562 per
981 2514 1097 2563 quam

350 2558 535 2631 rffondir
558 2560 611 2608 ad
622 2561 836 2629 Epssolam
860 2562 956 2613 hanc

524 2629 740 2682 Alexandri
765 2667 779 2684 .

315 2821 458 2867 Elegens
477 2831 514 2858 ea
533 2845 545 2863 ,
569 2832 642 2866 quae
666 2823 813 2868 Cyrillus
836 2836 890 2870 per
913 2826 1093 2871 Epistolam

293 2908 296 2910 Α
341 2872 482 2915 scripsit,
507 2872 623 2918 &quae
642 2873 683 2907 de
704 2873 784 2911 hira
804 2886 859 2911 tua
871 2877 1043 2912 Sanctitate
1053 2877 1093 2912 ad

213 2922 453 2960 Sanfflffimum
465 2922 665 2967 Episcopum
677 2923 837 2962 Acacium
848 2927 922 2961 sunt
933 2927 1095 2971 rescripta,

214 2971 281 3006 fine
299 2972 436 3008 falsitate
453 2971 529 3008 dico
541 2997 552 3014 ,
578 2984 648 3009 non
675 2975 743 3011 fine
755 2976 875 3020 Spiritu
886 2977 1004 3014 Sanc'to
1015 2978 1094 3013 arbi-

214 3029 318 3055 tratus
342 3022 413 3060 snm
434 3033 490 3065 ca,
518 3034 592 3073 quq
606 3022 642 3058 in
664 3033 721 3061 tua
742 3025 876 3071 epistola
897 3029 1092 3074 rescripsisti.

213 3070 308 3105 Nam
317 3071 350 3105 ἀ
360 3072 450 3115 quod
464 3083 576 3109 verum
586 3072 632 3108 est
641 3097 655 3117 ,
681 3075 716 3113 ἀ
726 3076 816 3123 quod
826 3076 989 3114 subtilitas
1001 3079 1091 3124 Dog-

214 3121 313 3156 matis
323 3119 442 3163 habet,
470 3122 504 3155 in
523 3124 571 3159 eis
590 3122 702 3161 inveni
714 3148 726 3166 ‚
750 3126 1025 3164 &obumbratum
1040 3141 1093 3164 oc·

213 3169 406 3216 cultumque
420 3170 547 3210 inimici
558 3171 674 3209 dolum
695 3174 779 3213 bene
789 3187 826 3211 ac
848 3178 1015 3215 manifeste
1035 3190 1093 3213 nu·

214 3220 350 3263 datum,
378 3232 416 3256 ac
436 3220 592 3257 fiduciam
613 3224 751 3261 multam
773 3237 844 3274 quae
864 3229 958 3264 decet
970 3226 1091 3267 Christi

215 3271 364 3311 servum,
387 3271 444 3316 qui
458 3283 516 3315 pro
527 3273 601 3309 sana
616 3273 681 3311 fide
690 3284 805 3312 certat.
832 3278 978 3315 Consors
992 3280 1093 3326 igitur

214 3321 251 3355 ἀ
271 3333 336 3368 ego
358 3331 423 3357 tuae
442 3322 630 3367 sanctitati,
656 3324 816 3370 uniusque
836 3329 1016 3365 sententiae.
1045 3330 1089 3364 Et

214 3382 385 3420 nunquam
407 3381 514 3419 prater
537 3371 607 3410 haee
627 3373 691 3410 alia
709 3375 828 3421 sapiam
848 3402 860 3420 ‚
884 3381 1093 3416 confortante

1871 201 1964 263 187

1148 294 1201 317 me
1210 283 1305 317 Deo.
1328 280 1515 329 Qomodd
1526 282 1617 316 enim
1638 293 1707 317 non
1718 293 1809 329 turpe
1818 287 1880 329 fit,
1906 287 2030 337 utille,

1149 333 1205 378 qui
1223 332 1326 368 notha
1344 330 1524 381 &reproba
1545 332 1716 377 Dogmata
1737 335 1922 372 subinducit
1947 363 1958 379 ,
1983 349 2028 373 ta·

1150 395 1225 417 men
1240 396 1298 428 pro
1309 384 1355 418 eis
1367 394 1465 423 certet
1478 396 1485 416 :
1513 394 1575 417 nos
1583 393 1694 421 autem
1706 378 1794 426 pacis'
1813 385 1950 421 obtentu
1962 400 2028 431 per-

1150 432 1263 475 damus
1274 434 1371 469 fidem
1383 435 1400 473 ‚²
1426 433 1619 472 Admiratus
1630 432 1704 471 vero
1717 435 1787 470 sum
1798 433 1832 467 δε
1845 438 2032 477 propositio·

1150 494 1225 518 nem
1237 509 1248 525 ,
1274 495 1372 528 quam
1394 485 1427 518 in
1439 484 1511 528 ipfis
1523 483 1640 518 litteris
1652 483 1760 528 posuit
1780 483 1939 522 Sanctitas
1957 495 2011 519 tua
2023 511 2032 519 .

1150 533 1184 571 Si
1195 534 1284 568 enim
1306 535 1373 569 veri
1383 534 1448 578 jam
1470 534 1635 579 dogmatis
1653 531 1702 568 'est
1714 558 1725 575 ‚
1740 534 1914 572 &restam
1937 533 2034 569 fidem

1149 582 1248 618 servat
1264 608 1275 624 ‚
1299 586 1334 619 ἀ
1347 596 1415 619 non
1427 583 1627 619 intellectum
1639 585 1731 618 suum
1742 583 1964 621 fraudulenter
1975 596 2035 618 oc-

1149 633 1272 674 cultat,
1301 635 1325 667 fi
1347 635 1471 669 &duas
1481 645 1612 670 naturas
1631 635 1827 676 confitetur,
1852 634 2035 678 &impassi-

1151 682 1248 717 bilem
1272 681 1398 719 Christi
1423 685 1670 726 Divinitatem,
1695 684 1775 729 quid
1797 683 1972 728 prohibet,
1999 693 2036 721 ut

1149 732 1379 771 &Hominem
1399 734 1542 769 eundem
1563 734 1724 770 confitens
1736 734 1904 770 Christum
1926 734 2036 774 dicat,

1151 783 1241 831 Qia
1268 783 1373 825 passus
1395 782 1443 815 est
1454 782 1631 819 secundum
1641 783 1905 820 humanitatem?
1933 785 1975 818 Et
1995 784 2039 819 de

1153 832 1203 866 his
1224 832 1356 877 quidem
1387 828 1587 878 superfluum
1612 836 1656 868 est
1683 835 1896 881 multiloquio
1921 835 1971 869 uti
1996 833 2040 872 ad

1152 892 1244 917 tuam
1267 881 1480 922 Sanstitatem
1499 908 1509 917 ,
1538 882 1591 921 Ex
1610 883 1723 923 litteris
1745 885 1824 920 veto
1844 884 2040 921 Sanstiffimi

1154 932 1309 977 Episcopi
1320 932 1440 971 Aeacii
1462 930 1614 971 videntur
1626 933 1874 977 quodammodo
1895 933 1954 976 hi,
1979 934 2039 979 qui

1155 983 1273 1017 suntin
1285 982 1471 1017 Antiochia
1482 1007 1494 1029 ‚
1519 982 1640 1020 ceffiffe
1650 1006 1663 1026 ,
1675 990 1773 1027 atque
1783 982 1835 1020 his
1845 997 1916 1028 quae
1925 987 2041 1029 scripta

1156 1034 1229 1068 sunt
1249 1033 1443 1069 consensisse
1455 1057 1463 1065 .
1490 1032 1536 1067 Et
1547 1031 1631 1066 bene
1651 1031 1784 1075 quidem
1797 1033 1875 1072 facit
1885 1034 2042 1074 Sanstitas

1155 1094 1211 1117 tua
1227 1108 1240 1125 ‚
1264 1082 1451 1129 praecipiens
1474 1081 1572 1122 nobis
1590 1090 1627 1120 ut
1640 1081 1780 1122 minime
1793 1082 2040 1131 perturbemur.

1157 1134 1231 1178 Ego
1242 1132 1321 1167 vero
1332 1132 1460 1177 trepido
1470 1157 1483 1176 ,
1509 1144 1551 1172 ne
1563 1143 1619 1177 per
1628 1144 1686 1168 eos
1697 1132 1783 1169 circa
1804 1133 1885 1176 ipsas
1897 1143 1945 1167 res
1961 1133 2043 1170 illud

1156 1183 1367 1218 confirmetur
1382 1183 1572 1224 somnium,
1603 1182 1694 1227 quod
1715 1194 1784 1218 non
1809 1192 1885 1218 ante
1902 1182 2046 1219 multum

1156 1231 1288 1276 quidem
1297 1243 1425 1277 tempus
1438 1232 1506 1267 vidi
1519 1257 1530 1274 ,
1557 1233 1658 1272 nimis
1666 1244 1776 1269 autem
1787 1234 1927 1268 coarctat
1938 1243 2047 1267 meam

1156 1283 1319 1317 animam.
1348 1282 1512 1321 Videbam
1524 1293 1667 1328 namque
1680 1296 1733 1319 me
1752 1285 1816 1319 effe
1825 1295 1903 1319 cum
1914 1291 1969 1319 tua
1982 1283 2046 1318 Re-

1158 1332 1334 1377 ligiofitate
1344 1357 1355 1373 ,
1381 1332 1587 1377 praesentibus
1597 1334 1670 1367 aliis
1683 1334 1876 1377 quibusdam
1888 1346 1956 1369 nou
1970 1344 2047 1378 pau·

1156 1382 1204 1416 cis
1215 1382 1385 1427 Episcopis
1401 1408 1412 1424 ,
1441 1383 1580 1426 loquens
1592 1382 1667 1418 ver&
1677 1383 1718 1418 ad
1730 1396 1783 1419 me
1794 1383 1925 1421 dicebas
1941 1383 2048 1428 Apol-

1158 1432 1314 1471 linarium
1345 1431 1532 1468 haereticum
1560 1434 1667 1469 vivere
1688 1460 1696 1468 .
1723 1434 1785 1473 Me
1804 1444 1913 1470 autem
1936 1431 2047 1477 saepius

1158 1494 1235 1517 cum
1248 1482 1468 1523 admiratione
1488 1484 1732 1529 interrogante,
1762 1486 1785 1517 fi
1808 1485 1880 1519 vere
1899 1485 2043 1524 viveret,

1157 1532 1377 1568 confirmabas
1404 1534 1545 1569 eundem
1568 1534 1673 1568 virum
1704 1535 1860 1578 superesse
1885 1559 1892 1566 .
1918 1533 2047 1568 Verum

1157 1582 1409 1627 quodammodo
1435 1609 1447 1625 ‚
1473 1584 1650 1628 improvise
1671 1586 1786 1628 utique
1803 1609 1813 1624 ,
1843 1586 1878 1617 in
1908 1582 2048 1617 domum

1157 1631 1322 1674 quandam
1331 1633 1405 1668 fasti
1418 1634 1528 1667 sumus
1541 1657 1552 1673 ,
1579 1634 1615 1667 in
1636 1645 1699 1676 qua
1711 1632 1939 1676 Apollinarius
1950 1633 2049 1667 senex

1157 1682 1252 1718 valde
1270 1682 1394 1726 jacebat
1405 1683 1441 1716 in
1466 1682 1551 1716 lecto
1565 1706 1573 1713 .
1602 1682 1786 1726 Oportebat
1810 1691 1919 1716 autem
1937 1693 1998 1716 nos
2008 1679 2049 1716 ad

1159 1732 1220 1766 viri
1238 1732 1337 1777 ipfius
1362 1731 1474 1768 venire
1491 1730 1719 1776 colloquium.
1746 1732 1850 1779 Qod
1870 1730 1950 1768 dum
1972 1733 2050 1767 effer

1157 1782 1326 1824 futurum,
1351 1782 1419 1827 ipse
1438 1781 1480 1820 ad
1491 1793 1604 1817 aurem
1627 1781 1863 1822 mihidixisti‚
1891 1783 1969 1825 quia
1993 1781 2051 1815 ille

1159 1831 1278 1875 impius
1299 1842 1472 1876 nunquam
1494 1830 1736 1875 persuaderetur
1755 1832 1959 1875 acquiescere
1979 1828 2051 1872 his,

1158 1892 1229 1926 qua:
1241 1880 1432 1916 dicebantur
1441 1881 1460 1915 a
1471 1880 1586 1919 nobis.
1615 1881 1691 1926 Ego
1702 1881 1779 1919 vero
1790 1882 1927 1916 alterum
1952 1892 2053 1925 quen-

1158 1931 1234 1965 dam
1247 1941 1360 1975 praeter
1369 1932 1477 1974 ipsum
1488 1931 1655 1966 sedentem
1666 1929 1780 1965 videns
1789 1931 1951 1970 dicebam,
1961 1931 2052 1974 quod

1160 1981 1225 2024 ipse
1245 1982 1322 2015 effer
1333 1981 1426 2015 causa
1447 1989 1483 2017 ut
1496 1979 1726 2023 Apollinarius
1745 1981 1864 2014 nostris
1876 1980 1981 2014 verbis
1993 1982 2052 2014 mi-

1160 2029 1249 2063 nime
1270 2030 1466 2064 flecteretur:
1496 2030 1590 2062 Dum
1614 2028 1690 2063 vero
1713 2029 1859 2064 venimus
1886 2030 1926 2064 ad
1948 2030 2051 2065 collo-

1158 2077 1326 2123 quendum
1347 2089 1412 2123 ego
1433 2078 1467 2112 &
1479 2078 1640 2112 Sanstitas
1659 2089 1734 2120 tua,
1762 2079 1851 2114 sedes
1860 2089 1970 2115 autem
1983 2092 2049 2126 ego

1162 2127 1330 2175 portabam
1343 2138 1410 2163 tam
1424 2126 1531 2170 mihi,
1556 2139 1656 2171 quam
1669 2130 1908 2165 tuaeSanctitati
1920 2153 1931 2170 ,
1953 2131 2049 2174 juxta

1160 2179 1249 2217 illius
1265 2178 1383 2213 lcssum
1406 2177 1514 2211 subite>
1533 2177 1631 2212 video
1643 2178 1889 2221 Apollinarium
1912 2181 2048 2224 quidem

1160 2228 1298 2263 stantem
1313 2251 1324 2269 ,
1351 2227 1385 2261 δε
1406 2226 1565 2271 Eulogias
1590 2226 1832 2269 dispertientem
1854 2253 1866 2269 ,
1892 2230 2050 2265 sanaim-

1160 2289 1253 2313 mum
1266 2275 1343 2311 vero
1354 2277 1515 2323 loannem
1535 2276 1699 2322 jacentem
1722 2277 1758 2312 in
1779 2278 1860 2313 lesto
1873 2303 1884 2320 ,
1909 2280 2049 2315 &tusci-

1162 2329 1304 2374 pientem
1327 2325 1369 2362 ab
1390 2336 1449 2365 eo.

1211 2375 1344 2413 Deinde
1364 2377 1501 2411 &tuam
1522 2377 1786 2422 Religiofitatem
1808 2380 2047 2424 supponentem

1160 2428 1190 2463 ei
1201 2438 1336 2468 manus,
1363 2435 1493 2470 propter
1512 2427 1820 2463 condescensionem
1840 2430 1953 2472 inique
1973 2443 2048 2468 coa-

1159 2479 1262 2512 stam.
1291 2476 1368 2521 Ego
1392 2485 1501 2511 autem
1523 2476 1609 2511 stans
1629 2476 1670 2511 ad
1692 2479 1861 2522 meipsum
1873 2478 2044 2516 dicebam:

1160 2528 1274 2571 ‚Qualis
1292 2526 1332 2566 est
1352 2524 1540 2569 condeftenfio
1560 2525 1615 2566 ista
1634 2527 1652 2559 ἓ
1677 2530 1713 2560 In
1734 2529 1875 2563 sanarum
1896 2533 2044 2572 spiritum

1155 2586 1257 2622 peccat
1268 2601 1276 2609 .
1302 2580 1339 2609 In
1350 2575 1448 2620 ipsam
1461 2579 1581 2609 Domini
1591 2576 1866 2613 inhumanationem
1876 2586 1970 2623 impia
1984 2582 2022 2621 est
2035 2608 2042 2614 .

1160 2632 1206 2662 Et
1215 2627 1313 2671 qualis
1334 2625 1372 2667 est
1394 2625 1447 2666 ista
1462 2624 1674 2669 condescenfio?
1703 2627 1746 2662 Et
1770 2628 1834 2663 haec
1856 2630 1969 2665 dicens
1980 2633 2047 2667 evi·

1159 2678 1279 2724 gilavi.
1306 2676 1353 2710 Et
1364 2686 1424 2711 oro
1434 2686 1470 2712 ut
1481 2673 1646 2721 phantasia
1666 2677 1704 2713 (it
1716 2679 1881 2717 somnium
1895 2679 1959 2717 hoc
1972 2705 1983 2722 ‚
2007 2683 2043 2721 ec

1159 2727 1245 2765 nihil
1256 2725 1440 2773 significans
1449 2752 1457 2764 .

1347 2882 1847 2934 ΒοΗοιιοΝ.

1160 3025 1341 3112 ETiam
1352 3026 1418 3064 haec
1431 3028 1576 3076 Epistola
1591 3041 1653 3065 nos
1663 3031 1810 3075 quaedam
1824 3031 1922 3068 docet
1934 3058 1942 3066 .
1968 3034 2038 3071 Pti-

1262 3079 1338 3122 mo,
1365 3079 1455 3124 quod
1475 3079 1624 3116 Andreas
1643 3082 1728 3115 circa
1739 3081 1857 3126 Cyrilli
1881 3084 2036 3129 Capitula

1156 3129 1252 3164 fuerit
1263 3129 1405 3174 ejusdem
1416 3130 1535 3166 mentis
1547 3141 1622 3164 cum
1634 3131 1692 3165 suo
1715 3131 1931 3180 Metropolita
1944 3159 1952 3167 .
1978 3136 2036 3180 Ip-

1157 3180 1225 3214 sum
1253 3179 1385 3221 laudat,
1411 3179 1499 3224 quod
1523 3191 1684 3216 venenum
1709 3179 1823 3217 dolose
1847 3195 1885 3219 ac
1895 3185 1983 3220 vafre
1997 3187 2034 3220 in

1156 3229 1316 3275 Capitulis
1342 3230 1544 3265 occultatum
1579 3230 1751 3275 prudenter
1783 3235 2034 3278 introspexerit,

1155 3281 1322 3315 manifeste
1341 3276 1534 3323 denudarit,
1560 3293 1598 3316 ac
1621 3282 1756 3319 nervose
1778 3283 1948 3321 revicerit.
1975 3288 2034 3321 Se·

1155 3330 1287 3372 cundo,
1313 3331 1402 3375 quod
1423 3332 1523 3366 etiam
1545 3330 1695 3369 Andreas
1713 3334 1916 3380 singulariter
1925 3335 2032 3370 oderit

1156 3379 1387 3418 duodecimum
1400 3380 1589 3427 Capitulum
1600 3407 1610 3417 .
1636 3382 1803 3422 Videlicet
1818 3384 1904 3421 hanc
1916 3394 2035 3427 propo-

1900 3433 1985 3472 sitio-
