2320 3730
319 193 419 252 '368

250 284 367 311 contra
391 274 642 319 promiffiones,
669 288 750 321 quas
771 277 850 312 fecit
865 275 1016 318 Angelus
1039 281 1114 305 tuus
1130 293 1142 310 2

251 325 403 370 Eulogio
427 326 660 367 Alexandrino
682 327 878 370 Presbytero
889 334 1002 369 geras.
1031 320 1138 363 Subje·

252 378 321 409 {ius
331 387 442 411 autem
455 376 567 419 Brevis
578 376 723 418 ostendit
735 400 746 416 ,
774 371 897 423 quibus
923 372 1001 406 hinc
1013 372 1140 406 direstae

249 426 311 464 sint
325 427 475 471 Eulogiae
487 452 498 472 ,
524 438 561 462 ut
585 429 619 461 &
631 427 697 468 ipse
711 424 845 458 noveris
858 448 869 464 ‚
895 433 1058 467 quantum
1082 434 1140 470 pro

247 486 304 510 tua
315 477 492 512 Sanstitate
503 477 627 512 laboret
641 474 869 508 Alexandrina
882 473 1024 507 Ecclesia
1036 499 1046 514 ‚
1071 484 1140 516 quae

248 536 341 565 tanta
353 528 478 571 praestat
489 526 539 560 his
551 550 562 566 ‚
590 524 646 566 qui
662 522 731 558 illic
752 525 847 562 sunt.
877 523 999 557 Clerici
1025 524 1114 557 enim
1128 549 1139 569 ‚

247 577 304 620 qui
316 576 373 612 hio
387 578 481 618 sunt,
510 574 768 620 contristantur,
794 575 883 617 quod
900 573 1044 608 Ecclesia
1061 573 1139 607 Ale-

246 625 407 662 xandrina
430 626 552 660 nudata
577 625 614 658 fit
629 623 725 667 hujus
739 626 833 659 causa
847 623 979 659 turbelae
995 653 1002 659 .
1030 624 1073 658 Et
1085 625 1140 660 de-

246 675 300 718 bet
312 687 421 721 praetet·
445 676 500 710 illa
515 700 526 717 ,
552 686 623 720 quae
633 671 712 708 hinc
737 675 915 709 transmissa
927 676 1002 709 sunt
1018 699 1029 716 ‚
1058 675 1136 709 Am-

63 732 142 765 Adn.
153 735 225 765 Nor.
252 731 371 761 monio
382 726 513 761 Comiti
533 725 604 759 auri
624 724 723 759 libras
743 726 835 760 mille
847 727 1044 772 quingentas
1057 751 1064 759 .
1092 727 1136 760 Et

62 776 223 846 augarum&
245 788 335 811 nunc
357 777 424 820 ejus
451 776 562 810 denuo
581 776 737 819 scriptum
759 776 828 823 est,
855 787 890 812 ut
904 775 1045 821 praestet.
1073 777 1135 811 Sed

61 851 100 922 lag>
127 853 224 892 cyril-

244 827 284 862 de
297 837 351 860 tua
378 826 522 861 Ecclefia
545 825 655 871 praesta
669 827 834 869 avaritiae,
861 838 1002 872 quorum
1026 828 1134 868 nosti,

242 888 284 911 ne
310 876 576 911 Alexandrinam
602 875 778 911 Ecclesiam
802 877 1019 912 contristent.-
1047 878 1132 925 Qae

243 937 355 970 praeter
375 928 531 973 praemiffa
552 937 644 972 gerat
672 929 834 963 Sanctitas
846 937 919 962 tua.
952 927 1006 962 Ut
1021 929 1106 963 nosti
1120 954 1130 970 ‚

240 978 375 1021 loquere
398 976 586 1014 Ammonio
611 978 742 1013 Comiti
765 1003 776 1019 ,
803 980 837 1013 &
858 977 991 1014 suadeat
1016 979 1048 1014 ei
1072 990 1108 1013 ea
1123 1003 1133 1019 ,

240 1039 311 1074 quae
324 1028 382 1063 scit
400 1028 614 1076 Religiositas
629 1029 729 1062 vestra
745 1053 752 1060 .
781 1028 824 1063 Et
838 1030 890 1063 fac
904 1030 1000 1063 illum
1022 1029 1132 1063 scribe—

237 1089 272 1113 re
287 1077 374 1119 huc,
403 1091 444 1114 ne
456 1080 494 1114 fit
522 1079 621 1112 etiam
636 1076 676 1112 de
702 1076 768 1111 hoe
790 1079 939 1113 tristitia.
966 1078 1132 1121 Magnifiae

236 1129 436 1163 centiffimus
467 1128 651 1163 Aristolaus
670 1148 682 1164 ,
709 1128 766 1168 qui
790 1138 848 1170 pro
873 1137 928 1161 tua
956 1127 1132 1164 Sanstitate

235 1178 365 1213 laborat
388 1203 400 1219 ,
427 1176 638 1211 contristatur
660 1176 807 1210 omnino
831 1201 842 1218 ‚
870 1177 961 1221 quod
990 1178 1019 1212 ei
1052 1177 1129 1212 talia

234 1228 445 1272 scripseritis.
473 1226 586 1276 Roget
612 1227 724 1270 itaque
748 1227 906 1262 Sanctitas
933 1239 989 1262 tua
1013 1228 1132 1263 Domi·

233 1289 311 1312 nam
323 1277 465 1322 jugalem
478 1277 568 1322 ejus,
594 1287 630 1311 ut
642 1275 757 1311 scribat
783 1278 840 1319 ei,
865 1290 986 1324 rogans
1011 1279 1104 1313 illum
1120 1305 1130 1321 ,

235 1328 423 1372 utperfene
446 1327 589 1366 laboret.
620 1328 661 1361 Et
687 1337 724 1361 ut
752 1327 1051 1364 Reverendiffimus
1066 1331 1130 1364 Eu-

234 1377 350 1424 tyches
377 1377 496 1413 scribat
525 1379 575 1412 ei.
602 1376 749 1413 Festinet
770 1389 880 1414 autem
904 1380 1128 1415 Sanstitastua

233 1440 349 1473 rogare
369 1430 553 1464 Dominam
566 1426 801 1470 Pulcheriam‚
828 1439 864 1464 ut
889 1431 988 1465 faciat
1014 1430 1128 1465 Domi·

232 1489 314 1512 num
338 1479 483 1513 Lausum
505 1479 652 1518 intrare,
684 1479 717 1511 δε
743 1477 951 1524 Praepofitum
977 1481 1068 1523 fieri,
1094 1490 1129 1515 ut

232 1527 444 1572 Chrysoretis
467 1531 617 1574 potentia
642 1528 837 1564 dissolvatur
854 1555 865 1571 ‚
892 1531 1127 1577 &ficDogma

230 1579 380 1614 nostrum
393 1580 584 1620 roboretur.
614 1579 781 1627 Alioquin
797 1582 923 1632 semper
945 1581 1126 1621 tribulandi

234 1630 364 1666 sumus.

442 1850 717 1900 CAPUT
753 1851 924 1902 CCIV.
962 1868 1122 1926 7--293

174 2028 186 2039 t
239 1990 467 2054 Incipiunt
504 1991 732 2057 Epistolae,
768 2010 879 2059 quas
905 1993 1057 2043 inveni
1082 1993 1128 2041 in

307 2057 553 2108 Codicibus
568 2061 953 2108 Dioscorianorum
968 2097 981 2122 ,
1019 2078 1129 2128 qua-

260 2152 270 2160 ·
306 2146 403 2178 rum
438 2127 606 2191 fignum
644 2127 670 2178 ὲ
707 2132 898 2198 Capite.

239 2272 404 2318 Domino
451 2288 529 2316 meo
566 2263 823 2333 Dilerflz'sfimo
858 2268 1001 2315 Fratri
1025 2304 1039 2328 9
1073 2272 1132 2315 <9⁴

322 2339 582 2403 Comminssro
618 2345 771 2386 Donato
805 2343 838 2385 C
825 2337 970 2403 yrillus
1007 2343 1044 2385 in

484 2413 647 2457 Domino
685 2408 883 2475 salutem.

329 2532 482 2567 Onvenit
503 2532 538 2566 &
553 2529 695 2565 omnino
707 2530 910 2575 peculiariter
929 2540 991 2563 tuae
1004 2541 1055 2563 me
1067 2529 1130 2564 Re-

356 2582 525 2628 ligiositati
548 2592 607 2623 ea,
634 2592 703 2625 quae
720 2581 937 2614 Ecclefiarum
963 2580 1130 2613 subsecuta

245 2635 321 2668 sunt
342 2645 476 2677 pacem,
504 2633 610 2667 facere
622 2641 701 2665 nota
715 2656 722 2663 .
750 2630 828 2664 Fuit
839 2630 941 2675 igitur
963 2630 1132 2664 Dominus

247 2694 341 2718 meus
375 2681 684 2716 Admirandiffirnus
710 2679 886 2715 Tribunus
918 2680 953 2714 ὃ(
973 2679 1132 2714 Notarius

245 2733 434 2767 Aristolaus
458 2730 498 2765 ad
522 2729 762 2771 Antiochiam,
789 2731 984 2774 imperiales
996 2730 1134 2773 syllabas

248 2783 379 2822 ferens,
405 2793 476 2825 quae
497 2780 655 2823 jubebant
680 2780 996 2815 Reverendiffimum
1017 2780 1135 2814 Antio·

247 2832 360 2868 chenae
383 2831 532 2866 Ecclefiae
555 2831 754 2874 Episcopum
768 2832 928 2874 Joannem
950 2829 1133 2865 anathema·

248 2884 350 2918 tizare
371 2883 505 2927 quidem
533 2880 658 2924 polluta
682 2880 829 2914 Nestorii
854 2882 1021 2925 Dogmata
1046 2906 1057 2921 ,
1084 2893 1130 2915 ac-

250 2935 416 2977 quiescere
443 2931 518 2965 vero
543 2931 577 2965 &
597 2930 772 2974 dejectioni
792 2929 861 2974 ejus
889 2931 927 2963 ad
951 2932 1135 2965 similitudi·

250 2996 327 3018 nem
340 2983 490 3027 Synodi‚
518 2992 556 3015 ac
578 2991 657 3015 tunc
669 2991 830 3026 quaerere,
858 2990 893 3014 ut
905 2980 986 3015 esset‘
1000 2980 1056 3014 fibi
1080 2993 1137 3015 no·

254 3034 380 3068 biscum
401 3045 467 3066 una
488 3032 685 3067 communio
701 3057 708 3064 .
738 3031 781 3065 Et
805 3032 906 3065 virtus
927 3031 1062 3073 quidem
1083 3043 1137 3066 eo-

255 3096 327 3117 rum
343 3110 352 3125 ,
379 3095 448 3126 quae
472 3083 587 3125 scripta
609 3083 705 3124 sunt,
733 3080 801 3115 haec
820 3081 900 3115 fuit.
927 3081 1075 3127 Quidam
1087 3093 1138 3115 ve-

256 3133 293 3167 ro
304 3133 526 3167 Orientalium
539 3131 778 3176 Episcoporum
793 3156 803 3172 ,
832 3130 982 3165 nondum
997 3155 1007 3171 ,
1035 3140 1114 3175 puto
1125 3157 1135 3172 ‚

255 3184 400 3216 eundem
411 3183 652 3225 judicantium,
682 3183 735 3216 vel
748 3182 848 3216 etiam
873 3180 1140 3225 patrociniumil-

259 3233 282 3265 li
297 3232 526 3276 praebentium,
553 3232 610 3275 qui
634 3234 750 3267 restam
772 3233 869 3267 fidem
891 3230 1033 3266 nostram
1054 3243 1140 3266 con-

258 3283 363 3316 tristat
389 3293 455 3314 non
485 3281 693 3315 mediocriter
714 3307 724 3322 ‚
752 3283 785 3317 ὅτ.
807 3283 948 3326 gloriam
967 3281 1140 3316 Salvatoris

255 3333 408 3366 omnium
432 3331 579 3364 nostrum
591 3330 714 3365 Christi
734 3344 802 3367 non
817 3332 1029 3367 mediocriter
1040 3333 1142 3366 offen-

259 3383 332 3424 dit,
358 3391 615 3427 praeparaverunt
634 3381 676 3417 ad
699 3393 752 3418 me
774 3382 911 3419 scribere
930 3382 1141 3427 Religiosissi-

1177 2791 1287 3521 [nm
1304 2777 1400 2812 fimul
1420 2776 1524 2811 direxi
1543 2788 1620 2810 cum
1633 2777 1785 2810 Domino
1807 2787 1883 2810 meo
1903 2776 2086 2813 Admiran-

706 193 1205 242 Vantoaum
1276 189 1635 237 PATRUM

1203 281 1295 305 mum
1320 268 1576 306 Berrhaeensium
1598 273 1800 319 Episcopum
1814 274 1975 313 Acacium
2000 280 2089 314 fatua

1202 322 1349 363 quaedam
1361 346 1372 362 ,
1400 322 1486 366 quasi
1502 322 1569 367 ipsa
1582 321 1816 367 deposcerent:
1842 327 2006 372 Oportere
2018 330 2089 374 qui·

1200 370 1277 404 dem
1300 373 1416 405 consta
1429 395 1440 412 ,
1468 382 1538 414 quae
1559 370 1577 405 a
1599 371 1696 406 nobis
1719 373 1871 408 adversus
1896 377 2088 414 Nestorium

1202 421 1317 464 scripta
1341 423 1441 462 sunt,
1468 424 1574 463 solvi,
1597 423 1679 457 &ut
1693 423 1823 458 infirma
1846 425 1983 471 projic53
2009 441 2088 464 con-

1200 472 1317 509 sentite
1337 471 1414 506 vero
1437 472 1498 506 soli
1519 471 1595 508 fidei
1617 472 1800 516 Symbolo,
1827 484 1899 517 quae
1925 474 1944 509 a
1966 478 2090 515 Sancus

1199 520 1349 557 Patribus
1376 521 1494 558 nostris
1526 524 1563 557 in
1597 522 1732 560 Nicaena
1759 522 1896 559 definita
1933 526 1978 561 est
2009 526 2088 564 'civi-

1198 582 1264 606 tate
1281 597 1288 605 .

1247 622 1315 657 Scit
1337 622 1415 667 vero
1435 623 1592 660 Sanctitas
1613 636 1689 667 tua,
1718 623 1808 668 quod
1829 625 1910 661 tales
1920 627 2026 663 rursus
2036 638 2090 662 eo-

1198 683 1269 710 rum
1284 675 1522 717 PIOPOfitloneS
1536 676 1614 710 &in
1630 675 1790 721 Ephefina
1804 677 1926 711 fuerint
1937 677 2070 712 civitate
2080 702 2089 710 .

1197 723 1272 770 Ego
1300 723 1375 760 vero
1395 725 1499 770 scripfi
1524 726 1565 760 ad
1589 726 1675 767 haec,
1702 726 1792 770 quod
1812 738 1878 761 rem
1890 738 2088 772 quaererent,

1195 785 1265 817 quae
1286 774 1355 807 fieri
1379 787 1447 809 non
1473 777 1591 819 postet.
1618 778 1808 821 Scripfimus
1831 777 1920 812 enim
1931 778 2089 822 testequae

1195 825 1373 867 scripsimus
1394 850 1405 866 ‚
1432 827 1550 875 restam
1584 827 1895 872 immaculatamque
1916 828 2090 864 asserentes

1194 875 1292 908 fidem
1306 899 1317 915 ,
1344 875 1378 908 &
1390 875 1476 910 nihil
1490 877 1632 911 omnino
1644 889 1799 923 negamus
1809 890 1851 913 ex
1863 878 1997 912 nostris.
2012 878 2089 913 Nec

1193 924 1306 966 enirn,
1333 926 1412 959 ficut
1436 926 1492 969 ipfi
1514 926 1654 968 dicunt,
1682 928 1808 973 aliquid
1831 929 2028 964 excedenter
2041 928 2089 963 est

1192 973 1314 1009 distum
1329 999 1341 1016 ,
1367 976 1420 1009 sed
1443 976 1566 1021 ubique
1577 977 1669 1020 juxta
1680 978 1909 1013 rectitudinem
1922 1004 1933 1020 ,
1959 979 1993 1013 &c
2008 979 2090 1012 veri·

1194 1025 1268 1061 tatis
1280 1025 1392 1061 virtuti
1404 1028 1636 1061 concurrentia
1649 1029 1723 1063 sunt
1732 1053 1740 1060 .
1768 1029 1849 1063 Illos
1858 1040 1968 1064 autem
1977 1028 2088 1073 potius

1192 1078 1349 1118 oportere'
1361 1074 1379 1109 a
1402 1087 1459 1108 non
1482 1077 1664 1112 necessariis
1683 1078 1803 1121 ceffare,
1831 1078 1885 1112 sed
1897 1079 1982 1112 circa
1995 1079 2027 1112 id
2040 1089 2090 1110 ac-

1192 1123 1330 1168 quiescere
1352 1124 1442 1167 quod
1461 1123 1543 1159 bene
1555 1125 1676 1160 habens
1691 1128 1811 1169 placuit
1823 1152 1835 1168 ‚
1861 1129 1895 1162 δε
1908 1128 1965 1172 ipsi
1982 1127 2089 1162 Piiffi-

1193 1186 1270 1216 mo,
1299 1175 1334 1209 δε
1357 1174 1435 1209 Deo
1457 1174 1666 1210 Amiciffimo
1679 1175 1870 1219 Imperatori
1884 1201 1896 1217 ‚
1922 1178 2088 1213 &Sanaae

1191 1223 1328 1268 Synodo
1349 1250 1360 1266 ,
1387 1234 1424 1258 ut
1461 1223 1606 1259 Nestorii
1640 1225 1844 1262 verbositates
1868 1251 1879 1267 ‚
1906 1227 1940 1261 &
1971 1237 2090 1263 contra.

1194 1273 1362 1310 Christum
1373 1276 1472 1310 fastas
1485 1275 1701 1320 blasphemias
1712 1277 1990 1312 anathematizent
2006 1302 2016 1319 ,
2043 1279 2087 1312 fa-

1194 1336 1321 1360 teantur
1335 1326 1413 1361 vero*
1424 1327 1459 1360 δε
1471 1336 1548 1360 eum
1562 1328 1593 1360 se
1603 1326 1721 1362 habere
1735 1326 1896 1371 dejectum
1909 1353 1919 1368 ‚
1945 1329 1978 1362 ἀ
1990 1326 2090 1362 Ordi-

1193 1377 1322 1411 nationi
1343 1377 1551 1411 consentiant
1573 1377 1767 1412 San-{tissimi
1791 1379 1825 1412 ἃ·
1841 1377 2088 1423 Religiofiffimi

1194 1426 1346 1471 Episcopi
1358 1426 1583 1461 Maximiani.
1609 1427 1674 1461 His
1699 1428 2027 1473 igiturlitterisame
2038 1427 2088 1462 di-

1194 1478 1283 1511 restis
1303 1478 1343 1512 ad
1369 1488 1425 1512 eos
1446 1478 1684 1522 conspicientes
1710 1478 1800 1522 quod
1822 1477 1869 1513 eis
1889 1478 2086 1513 communio

1192 1527 1329 1562 minime
1348 1528 1555 1570 redderetur,
1585 1529 1643 1562 nisi
1664 1529 1878 1573 perducerent
1900 1528 1942 1563 ad
1961 1529 2060 1563 finem
2075 1552 2086 1568 ,

1192 1590 1260 1622 quae
1280 1578 1322 1612 ab
1346 1577 1392 1612 eis
1417 1578 1486 1611 fieri
1509 1578 1704 1621 oportebat,
1732 1579 1871 1613 mittunt
1884 1578 1926 1613 ad
1939 1578 2087 1612 Alexan-

1191 1630 1293 1663 driam
1335 1628 1574 1662 Emesenorum
1612 1628 1812 1672 Episcopum
1849 1629 2086 1663 Reverendiffi·

1191 1691 1282 1713 mum
1295 1677 1434 1712 Paulum
1450 1702 1461 1719 ‚
1487 1679 1645 1713 ferentem
1659 1678 1778 1712 litteras
1786 1676 1826 1713 ad
1839 1689 1892 1712 me
1905 1702 1916 1719 ,
1938 1689 2086 1712 commu·

1193 1728 1365 1764 nicatorias
1383 1728 1516 1773 quidem
1531 1752 1542 1767 ,
1570 1739 1639 1761 non
1663 1737 1771 1762 tamen
1787 1727 1879 1761 valde
1896 1737 2087 1772 competen-

1191 1790 1239 1815 ter
1259 1779 1395 1813 dictatas
1409 1803 1416 1811 .
1443 1777 1651 1812 simulabant
1671 1777 1761 1812 enim
1776 1778 1808 1812 &
1822 1775 2085 1821 reprehensiones

1191 1831 1310 1864 inferre
1322 1854 1334 1870 ,
1361 1839 1518 1873 tanquam
1546 1839 1616 1863 non
1637 1826 1718 1864 reste
1727 1827 1874 1872 quaedam
1891 1826 1972 1862 dieta
1985 1828 2086 1873 &ge-

1191 1881 1237 1915 sta
1261 1881 1295 1914 in
1317 1880 1432 1914 Sancta
1455 1878 1743 1922 Synodofuerint.
1773 1878 1816 1912 Et
1840 1878 2002 1922 Epistulas
2015 1877 2088 1922 qui-

1192 1930 1267 1965 dem
1282 1930 1361 1965 tales
1372 1929 1512 1964 minime
1521 1929 1647 1964 attendi
1662 1955 1673 1971 ‚
1700 1927 1754 1963 sed
1765 1928 1833 1963 dixi
1846 1929 1923 1971 quia
1935 1928 2008 1969 illi,
2029 1927 2087 1972 qui

1191 1982 1225 2016 δε
1251 1982 1382 2015 veniam
1408 1979 1570 2023 postulare
1593 1980 1628 2014 in
1650 1979 1723 2020 his,
1750 1990 1821 2022 quae
1831 1980 1898 2015 asta
1910 1979 2010 2019 sunt,
2034 1978 2088 2012 de-

1193 2032 1334 2066 buerunt
1346 2057 1356 2073 ‚
1385 2031 1542 2075 quoniam
1554 2029 1752 2065 &secundas
1763 2029 1895 2073 injurias
1917 2028 2064 2064 inferunt
2077 2053 2085 2060 .

1192 2081 1376 2114 Excusante
1405 2091 1518 2113 autem
1543 2081 1694 2122 praedisto
1725 2080 1982 2123 Religiofiffimo
2007 2079 2088 2122 Epi-

1192 2131 1311 2173 scopo,
1339 2130 1373 2163 &
1398 2129 1697 2162 cumsacramento
1710 2129 1891 2162 affirmante
1903 2150 1914 2167 ,
1938 2128 2028 2171 quod
2040 2137 2087 2161 ta-

1191 2179 1256 2214 lem
1278 2189 1346 2212 non
1370 2177 1545 2212 habuerint
1568 2178 1812 2217 intentionem,
1838 2178 1890 2211 sed
1912 2176 2023 2221 potius
2043 2188 2085 2211 ex

1192 2227 1398 2270 simplicitate
1421 2228 1461 2261 ad
1479 2226 1537 2261 has
1547 2226 1851 2267 venerintlitteras,
1878 2237 1937 2270 pro
1948 2223 2087 2260 charita-

1192 2288 1224 2312 te
1235 2275 1362 2312 &istud
1374 2276 1558 2311 omifimus.
1991 2302 1994 2305 ,
2078 2299 2080 2301 .

1244 2327 1325 2362 Non
1339 2337 1448 2361 autem
1461 2327 1547 2371 prius
1559 2328 1589 2361 ei
1603 2327 1717 2361 Missas
1739 2326 1909 2361 nobiscum
1922 2326 2085 2361 celebrare

1193 2377 1334 2413 concessi
1353 2401 1365 2419 ‚
1390 2377 1450 2410 nisi
1477 2377 1625 2411 libellum
1644 2376 1724 2411 dans
1748 2378 1780 2411 in
1805 2379 1934 2421 Scripto
1952 2376 2084 2411 anathe-

1195 2428 1372 2464 matizaffet
1396 2426 1541 2462 Nestorii
1565 2428 1757 2472 Dogmata,
1786 2429 1820 2462 &
1837 2427 2000 2462 confessus
2010 2427 2086 2460 fuis-

1195 2480 1240 2514 set
1251 2489 1327 2512 eum
1341 2480 1371 2512 se
1385 2477 1504 2512 habere
1515 2477 1693 2521 depositum
1708 2502 1718 2517 ,
1743 2478 1974 2512 &consentire
1990 2476 2088 2511 Ordi-

1193 2529 1322 2563 nationi
1338 2527 1607 2562 Reverendiffimi
1628 2528 1662 2562 &
1674 2527 1917 2572 Religiofiffimi
1931 2526 2087 2571 Episcopi

1195 2579 1414 2613 Maximiani.
1441 2577 1668 2623 Interrogabat
1689 2578 1825 2621 quidem
1849 2588 2003 2622 tanquam
2025 2587 2085 2620 pro

1195 2628 1374 2669 omnibus,
1400 2628 1456 2670 qui
1479 2629 1512 2661 in
1537 2629 1676 2662 Oriente
1699 2628 1794 2667 sunt,
1822 2625 2086 2671 Religiosiffimis

1198 2678 1368 2723 Episcopis
1386 2679 1466 2711 tales
1478 2677 1610 2711 libellos
1630 2677 1733 2716 dans,
1760 2686 1797 2710 ut
1811 2675 1894 2710 nihil
1918 2677 2002 2710 ultra
2017 2674 2086 2709 haee

1196 2729 1285 2764 aliud
1299 2728 1503 2772 posceremus
1515 2751 1522 2758 .
1552 2725 1709 2760 Consenfi
1721 2725 1798 2759 vero
1810 2726 1933 2760 nullate
1940 2737 2019 2766 nus,
2030 2725 2087 2759 sed

1199 2830 1329 2865 diffimo
1359 2827 1517 2861 Tribuno
1537 2827 1570 2860 δε
1593 2827 1737 2861 Notario
1771 2826 1938 2861 Aristolao
1965 2826 2049 2860 duos
2068 2825 2088 2860 ὲ

1203 2879 1341 2914 Clericis
1354 2877 1469 2912 nostris
1482 2877 1515 2910 in
1530 2875 1750 2911 Antiochiam
1763 2902 1773 2918 ‚
1800 2877 1929 2911 tradens
1939 2877 1986 2911 eis
1997 2875 2088 2909 char·

1201 2941 1289 2970 tam,
1314 2929 1449 2963 dicens:
1477 2927 1565 2974 Qia
1585 2926 1607 2959 fi
1632 2926 1847 2970 subscripserit
1867 2925 2087 2971 Religiofiffi-

1201 2991 1273 3015 mus
1293 2978 1470 3022 Episcopus
1492 2975 1780 3011 Antiochenorum
1801 2977 1963 3020 Joannes‚
1989 2975 2089 3009 &re-

1201 3029 1320 3075 ceperit
1332 3040 1403 3062 earn
1416 3053 1426 3068 ,
1454 3039 1534 3062 tunc
1544 3028 1574 3061 ei
1585 3027 1661 3061 date
1681 3026 1993 3063 communicatorias
2005 3026 2092 3060 litte-

1202 3091 1249 3115 ras
1262 3105 1269 3113 .
1296 3077 1506 3113 Anxiabatur
1517 3078 1606 3112 enim
1620 3089 1679 3121 pro
1691 3078 1840 3113 tarditate
1856 3077 2001 3121 praefatus
2013 3074 2089 3110 Ad*-

1203 3128 1453 3166 mirandisfimus
1471 3127 1643 3162 Tribunus
1657 3128 1857 3162 Aristolaus.
1885 3124 2090 3162 Subscriben'-

1203 3191 1236 3215 te
1247 3180 1347 3225 igitur
1359 3179 1614 3223 Religiofiffimo
1628 3177 1794 3222 Episcopo
1805 3179 1930 3222 Joanne
1940 3201 1951 3217 ,
1978 3176 2012 3210 δε
2024 3174 2091 3217 his,

1203 3232 1259 3275 qui
1280 3241 1354 3264 curn
1374 3240 1414 3263 eo
1435 3231 1533 3268 sunt,
1560 3228 1787 3268 Clarioribus,
1812 3229 1847 3262 δε
1867 3224 2089 3261 anathemat?

1206 3281 1353 3316 zantibus
1376 3279 1522 3313 Nestorii
1545 3279 1714 3323 Dogmata
1737 3302 1749 3318 ,
1784 3278 1818 3312 δε
1853 3275 2088 3312 confitentibus

1204 3342 1279 3366 eum
1292 3331 1324 3364 se
1334 3327 1450 3364 habere
1472 3329 1675 3373 depositum,
1702 3326 1982 3362 consentientibus
2004 3333 2087 3368 quov-

1207 3392 1271 3427 que
1290 3379 1506 3416 ordinationi
1523 3378 1766 3426 Religiofiffimi
1789 3372 2088 3430 Episcopifflvlaxi*

1913 3434 2012 3460 mlaffl
2025 3444 2039 3462 ἃ
