2320 3730
80 893 155 932 Cap·
174 905 220 930 ιο,

343 154 440 199 208

689 153 1029 198 VARIORUM
1066 153 1318 197 Paruum
1354 152 1684 214 Epismm,

272 235 343 271 ficis
353 237 537 276 decisione,
562 244 631 278 quae
654 233 695 269 ad
706 235 776 280 ejus
800 249 911 282 preces
935 236 1025 272 hunc
1047 234 1162 269 articu-

1230 236 1264 270 in
1283 237 1342 270 suo
1365 237 1528 280 Symbolo
1549 222 1741 282 profitentur
1752 214 1859 286 Jesum
1873 241 2042 279 Christum
2053 246 2117 280 effe

271 288 341 321 ium
353 312 364 328 ,
391 290 472 320 Deus
495 285 533 327 est
547 295 681 326 mortuus
702 298 792 324 carne
817 312 828 327 ‚
853 285 1054 330 Apostolicae
1071 283 1163 318 Sedis
1229 290 1324 323 Deum
1335 298 1442 320 verum
1454 289 1491 325 de
1502 290 1564 326 Deo
1573 300 1662 331 vero,
1669 298 1809 335 gemtum
1819 295 2003 336 nonfac‘lum
2014 317 2024 334 ,
2049 307 2117 330 con·

269 336 471 377 authoritate
489 335 665 386 probarat,
690 339 895 379 &receperat
918 336 952 368 in
975 345 1137 368 canonem
1151 360 1158 368 .

1220 335 1435 379 substantalem
1448 340 1540 371 Patr}
1549 363 1560 380 ‚
1580 347 1640 381 per
1647 350 1734 384 quem
1744 344 2039 390 omniasatqasunt.
2069 346 2116 380 Et

268 387 406 425 Etenim
429 387 567 438 Joannis
598 387 765 422 Maxentii
792 397 830 419 ac
853 385 922 428 ejus
943 383 1159 428 Collegarum
1226 387 1332 427 statim
1354 388 1566 422 subneiiunt:
1593 391 1660 434 ‚Qut
1676 397 1798 432 popter
1821 404 1874 428 nos
1895 394 2052 436 homines,
2082 397 2116 430 ρ,-

266 447 380 473 contra
410 438 570 482 quosdam
593 436 830 472 Acoemetenfis
863 432 1021 476 Coenobii
1048 435 1161 470 fratres
1219 446 1339 480 propter
1350 438 1477 480 nostram
1482 439 1612 482 salutem
1624 439 1798 484 descendit,
1825 444 2041 482 &im-amam,
2052 446 2117 488 est,

266 487 380 523 acerba
401 488 443 528 de
465 488 528 529 isto
550 486 689 523 articulo
713 512 724 528 ,

264 537 481 582 spet‘kantibus
498 539 571 572 aliis
582 537 691 581 litigia
708 536 880 572 turbabant
891 546 1028 576 omnem
1040 536 1158 575 Orien-

263 590 364 624 talem
373 588 550 624 Ecclesiam
561 614 568 621 .
601 586 714 622 Etiam
729 585 957 624 Occidentalis
970 584 1157 620 tentabatur

262 651 301 674 ac
327 639 525 681 invitabatur
545 639 565 673 a
589 636 752 682 partibus.
781 634 1155 678 AcoemetensesNesto·

260 691 312 724 rio
325 715 335 731 ,
363 691 458 734 Joan.
479 688 672 723 Maxentius
686 684 862 729 putabatur
871 685 1030 731 adhaerere
1051 687 1154 731 Euty-

258 739 366 779 cheti.
393 740 487 775 Hinc
509 736 710 781 Iustinianus
733 735 879 774 Romam
901 737 1025 783 legavit
1035 737 1153 782 Hypa-

262 791 346 825 tium
373 788 573 831 Ephesinum
608 797 647 820 ac
673 787 883 831 Demetrium
910 788 1150 830 Caesaraeensem

258 839 460 882 Episcopum
470 861 481 878 ‚
494 835 716 880 postulaturos
730 836 1128 886 Apostolicumjudicium
1143 863 1149 871 .

257 887 630 930 Constantinopolitana
641 885 897 931 Catholicorum
921 889 998 934 cum
1012 889 1150 931 Severia-

255 938 308 977 nis
318 939 344 970 E
347 938 489 983 piscopis
498 937 634 982 collatio
644 938 853 981 Demetrium
865 939 1009 983 appellat
1018 939 1150 984 Episco-

251 998 331 1032 pum
347 986 546 1032 Philippinae
554 987 730 1033 Civitatis.
761 989 872 1025 Etiam
882 989 1055 1036 Liberatus
1066 990 1148 1025 Dia—

249 1048 354 1074 conus
378 1038 414 1073 in
436 1038 606 1083 Breviario
641 1038 755 1083 scribit
777 1040 871 1084 fuisse
897 1041 1098 1085 Episcopum
1128 1039 1146 1079 a

248 1087 432 1133 Philippis.
458 1089 553 1124 Hinc
566 1089 675 1134 plures
685 1091 820 1130 censent
846 1090 940 1135 fuisse
952 1089 1145 1134 Philippen-

247 1139 313 1173 sem
336 1139 372 1175 in
395 1139 600 1174 Macedonia
623 1140 879 1183 Metropolitam
915 1138 1063 1184 Achajae.
1094 1138 1142 1174 At

246 1189 326 1224 vero
340 1189 578 1225 D-Cardinalis
588 1190 694 1234 Caesar
723 1189 887 1224 Batonius
907 1191 1047 1226 affirmat
1068 1189 1143 1224 fuis-

245 1241 280 1275 se
306 1240 546 1276 Caesaraeensem
582 1240 618 1275 in
640 1240 854 1284 Cappadocia
883 1266 890 1274 .
917 1241 1046 1282 Omnes
1069 1251 1138 1274 non

244 1290 352 1330 reste.
383 1291 517 1335 Etenim
554 1290 647 1336 quod
671 1291 891 1335 Metropolita
924 1302 995 1332 non
1017 1291 1139 1332 fuerit,

243 1342 369 1376 evincit
382 1342 507 1385 praefata
519 1341 671 1386 Collatio
685 1366 696 1384 ,
721 1342 826 1386 ipsum
845 1342 931 1377 inter
950 1343 1008 1377 sex
1029 1340 1141 1376 ortho-

243 1390 353 1427 doxos
375 1392 565 1428 Collatores
594 1403 723 1436 ponens
750 1392 872 1434 ultimo
893 1392 969 1427 loco
992 1417 1000 1425 .
1028 1392 1140 1426 Etiam

242 1443 315 1485 post
342 1443 545 1484 Anthimum
572 1443 884 1486 Trapezuntinum,
912 1453 950 1476 ac
965 1443 1050 1477 alios
1062 1441 1140 1476 Pro-

242 1492 399 1527 vinciales
419 1494 621 1537 Episcopos.
651 1492 730 1537 Fuit
750 1503 861 1528 tamen
881 1493 915 1527 &
928 1492 1140 1527 Caesaraeenfis

242 1543 457 1586 Episcopus‚'
473 1544 506 1589 ὅς
530 1542 750 1588 Philippensis
771 1556 778 1577 ε
806 1544 938 1588 Nempe
962 1544 1050 1588 apud
1081 1542 1140 1587 pri-

241 1604 332 1628 mam
356 1593 563 1627 Phoeniciam
590 1594 626 1627 in
648 1593 798 1628 Caesaraea
822 1593 969 1639 Philippi
986 1594 1004 1637 ‘t
1033 1593 1139 1628 Porro

243 1644 386 1689 Joannes
394 1643 554 1678 Pontifex
580 1643 723 1678 firmavit
736 1644 922 1688 praesentem
937 1644 1114 1679 articulum
1127 1668 1137 1685 ‚

241 1694 421 1729 asseverans
444 1694 506 1729 effe
529 1694 735 1728 constantem
756 1695 855 1728 fidem
875 1692 1113 1737 Prophetarum
1127 1718 1138 1735 ‚

242 1745 484 1789 Apostolorum
497 1769 507 1786 ‚
536 1755 572 1778 ac
584 1744 719 1779 Parrum
734 1769 742 1778 .
770 1744 814 1779 Et
828 1744 1063 1781 demonstravit
1083 1756 1139 1789 per

241 1796 328 1835 varia
342 1796 487 1838 ipsorum
499 1794 687 1828 testimonia
697 1819 704 1826 .
1088 1795 1092 1798 '

290 1845 440 1880 Adducit
462 1845 496 1878 δε
521 1846 652 1878 Graecos
666 1843 821 1879 Patres&
835 1845 996 1879 Latinos.
1025 1843 1137 1879 Etiam

240 1898 401 1932 famosam
426 1895 622 1940 epistolam,
650 1896 705 1930 seu
731 1895 961 1940 dogmaticum
983 1895 1136 1930 Tomum

240 1948 356 1991 magni
380 1946 519 1980 Leonis.
546 1946 652 1980 Hunc
673 1945 763 1980 enim
785 1957 854 1979 non
870 1947 938 1980 sola
952 1945 1137 1980 Chalcedo-

242 1997 349 2032 nensis
370 1996 546 2039 Synodus,
574 1995 628 2029 sed
654 1996 754 2029 etiam
778 2004 960 2028 contumax
982 1995 1018 2029 &
1037 1996 1138 2038 longa

241 2045 571 2091 Eutychianistarum
584 2044 720 2079 rebellio
731 2069 742 2084 ,
765 2045 800 2078 ὅ(
813 2044 958 2087 plurimae
972 2045 1138 2077 variorum

187 2135 191 2139 ,
242 2097 422 2143 Apologiae
443 2095 650 2131 reddiderant
670 2093 922 2140 irrefragabilem
934 2118 945 2126 .,
969 2094 1013 2128 Et
1027 2093 1061 2126 in
1084 2092 1138 2127 da-

65 2464 140 2502 Cap.
158 2471 184 2503 ς,

241 2150 284 2184 tis
313 2148 355 2183 ad
381 2148 613 2191 Imperatorem
636 2146 788 2178 Leonem
812 2143 930 2179 litteris
942 2143 1012 2178 Leo
1023 2143 1140 2178 Ponti-

241 2201 297 2233 fex
319 2195 556 2231 demonstravit
578 2195 684 2237 ipsum
694 2204 754 2227 nec
766 2193 877 2237 quoad
890 2193 1017 2237 apicem
1041 2194 1139 2228 reces-

242 2249 342 2282 fifl‘ea
362 2248 552 2282 Sanctorum
574 2244 711 2286 Patrum
733 2243 954 2277 confessione.
984 2242 1064 2286 Ejus
1076 2254 1140 2277 ver-

242 2299 284 2333 ba
296 2299 371 2333 sunt
383 2297 507 2331 lucida:
532 2297 657 2337 Propter
671 2299 818 2333 unitatem
825 2291 961 2336 perfimae
971 2299 1004 2327 in
1018 2300 1142 2335 utraque

243 2359 356 2383 natura
368 2347 590 2392 intelligendam
602 2347 636 2380 ζα
649 2346 746 2378 Filius
759 2347 896 2377 Hominis
906 2344 1015 2387 legitur
1027 2342 1142 2386 descen-

244 2401 313 2443 diffe
327 2400 364 2433 de
375 2400 455 2431 coelo
468 2422 478 2439 ‚
504 2408 570 2431 cum
581 2398 639 2429 Dei
659 2397 760 2434 Filius
771 2405 891 2435 carnem
901 2395 940 2428 de
950 2406 986 2428 ea
996 2398 1118 2438 Virgine
1130 2418 1141 2435 ,

243 2452 282 2490 de
294 2461 354 2493 qua
380 2456 468 2483 natus
481 2447 520 2489 est
531 2470 542 2487 ,
568 2444 752 2490 assumpserit
763 2470 771 2477 .
796 2447 842 2477 Et
852 2443 953 2487 rursus
968 2446 1026 2482 Dei
1038 2445 1139 2478 Filius

245 2510 377 2534 mortuus
390 2501 500 2533 dicitur
511 2523 523 2539 ,
548 2509 583 2532 ac
593 2495 731 2540 sepultus
742 2520 755 2537 ‚
780 2506 846 2535 cum
857 2494 920 2535 baec
931 2506 991 2529 non
1009 2501 1041 2528 in
1054 2498 1142 2528 Divi-

243 2556 341 2585 nitate
351 2549 416 2594 ipsa
427 2548 484 2592 sed
493 2554 526 2581 in
542 2547 683 2587 humana
696 2555 814 2579 naturae
831 2544 874 2583 fit
885 2544 1141 2587 infirmitateper-

241 2601 334 2644 peffus
344 2626 351 2632 .
379 2601 465 2633 Unde
489 2602 678 2641 Unigenitum
690 2599 749 2628 Dei
760 2594 874 2627 Filium
883 2593 1059 2635 crucifixum
1070 2618 1081 2634 ‚
1107 2606 1142 2628 ac

241 2651 392 2695 sepultum
416 2660 519 2681 omnes
539 2652 629 2680 etiam
640 2651 673 2679 in
686 2643 812 2684 symbolo
824 2643 996 2686 confitemur
1007 2667 1019 2684 ‚
1040 2643 1142 2687 secun-

243 2702 316 2735 ditm
329 2700 409 2733 illud
419 2697 542 2740 Apostoli
553 2710 564 2730 .-
585 2695 698 2739 sienim
709 2692 903 2739 cognovissent
914 2704 1068 2737 nunquam
1083 2698 1140 2728 Do-

242 2750 468 2794 minum-gloriae
479 2746 683 2790 crucifixissent
699 2772 706 2778 .
734 2746 815 2779 Haec
830 2744 924 2779 verba
937 2745 1035 2779 etiarn
1050 2745 1141 2796 Justj-

243 2802 365 2836 nianus
379 2801 437 2840 suo
450 2797 569 2838 Edicto
580 2797 731 2837 inseruit,
746 2797 779 2830 &
790 2808 832 2830 ex
843 2796 888 2837 eis
899 2795 1057 2830 conclusit
1069 2807 1141 2840 prae·

244 2852 370 2887 sentem
390 2848 565 2890 articulum
587 2848 650 2886 effe
671 2846 932 2892 praedicationetn
950 2846 1141 2881 Sanstorum

245 2901 496 2946 Apostolorum.
523 2896 648 2939 Eadem
661 2897 695 2933 in
706 2907 822 2942 quarto
833 2907 947 2936 contra
959 2895 1143 2940 Eutychia·

247 2964 309 2986 nos
331 2949 415 2986 libro
442 2949 583 2985 adduxit
600 2948 796 2983 venerabilis
811 2947 960 2992 Vigilius
971 2947 1141 2991 Tapsenfis

247 3002 441 3046 Episcopus,
451 3000 578 3037 erudite
587 2998 736 3039 illustrat,
746 3008 843 3043 atque
854 2998 1041 3038 concludit:
1068 3004 1142 3038 Haee

249 3051 286 3090 eli
295 3052 373 3092 fides
399 3053 433 3085 r&
453 3050 578 3093 conftffio
599 3049 754 3084 catholica
766 3073 778 3091 ,
794 3047 895 3092 *quam
910 3048 1139 3090 Apostolttradi-

249 3101 359 3133 derunt
371 3126 382 3141 ,
408 3106 556 3140 Martyres
579 3100 793 3139 roboraverunt
802 3096 817 3141 ,’
841 3100 875 3141 es
880 3100 985 3143 fideles
1008 3110 1085 3132 nunc
1094 3097 1140 3143 us-

250 3160 308 3191 que
318 3150 495 3190 custodiunt.
525 3151 569 3192 Et
586 3151 661 3185 sane
683 3150 839 3195 Apostoli
861 3150 895 3183 in
909 3150 966 3183 suo
978 3148 1139 3192 symbolo

249 3199 425 3243 posuerunt
437 3201 543 3243 Jesum
569 3200 736 3235 Christum
755 3202 818 3236 effe
839 3200 976 3240 unicum
1000 3201 1065 3233 Dei
1089 3199 1140 3232 Fi-

249 3249 334 3283 lium
358 3271 370 3288 ,
394 3249 427 3281 &
451 3250 646 3288 addiderunt
668 3262 676 3281 :
703 3253 768 3293 ,Qui
784 3251 887 3295 passus
906 3249 945 3290 est
963 3248 1021 3293 sub
1033 3252 1139 3282 Pontio

749 487 784 521 ἀ
801 485 997 530 quibusdam
1024 485 1065 518 ad
1084 495 1158 519 eum
1223 490 1366 532 &paffus
1390 489 1428 529 est
1441 516 1448 523 .
1476 490 1520 525 Et
1532 489 1621 524 hunc
1641 492 1703 525 effe
1717 501 1829 526 verum
1840 492 2114 534 &authenticum

1223 539 1366 580 Nicaenae
1377 541 1504 584 Synodi
1519 541 1660 581 sensum,
1673 540 1788 576 contra
1798 540 2115 586 Paulianist23‚Pho-

1192 631 1196 634 ⁵
1221 589 1418 632 tinianos,ac
1427 591 1645 627 Nestorianos
1657 593 1779 636 semper
1789 593 2053 640 inculcarunt,ac
2061 607 2116 632 va-

1219 639 1264 674 rie
1287 639 1554 677 demonstrarunt
1574 653 1690 677 omnes
1709 642 1942 687 subsequentes
1962 646 2115 690 Synodi,

1217 701 1336 725 omnes
1345 691 1459 733 Latini
1476 704 1513 727 ac
1526 692 1631 730 Graeci
1650 693 1763 731 Patres
1778 719 1785 726 .
1814 693 2007 730 Articulum
2022 694 2113 731 hune

1217 740 1301 775 adeo
1313 741 1463 785 probavit
1475 743 1628 783 Romana
1641 744 1834 785 Ecclesiamt
1848 745 1952 789 ipsum
1964 746 2113 790 postmo-

1216 790 1261 826 do
1273 792 1441 834 inseruerit
1455 794 1642 837 professioni
1655 796 1787 831 suorum
1800 795 2007 837 Pontificum
2020 810 2031 830 .·
2043 799 2110 841 ,Qut

1215 853 1280 876 cum
1292 846 1372 882 Deus
1375 842 1416 885 fit
1426 843 1679 887 consubstantialis
1693 848 1783 885 Patri
1798 871 1808 888 ‚
1824 855 1912 890 atque
1924 856 2086 886 cooeternus
2095 869 2108 887 ,

1214 891 1365 936 defi-endu
1375 895 1412 927 de
1423 895 1550 935 Coelo‚&
1561 899 1739 935 incarnatus
1752 897 1790 937 est
1800 908 1890 937 carne
1900 897 2032 938 habente
2042 902 2113 934 ant-

1212 952 1294 982 mam
1317 946 1515 984 rationalem,
1542 951 1576 979 in
1596 956 1657 988 qua
1666 957 1756 986 carne
1769 946 1969 989 &crucifixus
1983 947 2044 988 cll,
2071 948 2107 981 o·

1211 1002 1360 1033 mortuus,
1391 994 1441 1035 Ita
1466 995 1554 1039 apud
1588 995 1745 1037 diurnum
1773 997 1935 1032 Romanae
1959 997 2109 1040 Ecclesiae

1212 1041 1332 1087 librum
1354 1043 1453 1093 habet
1476 1045 1618 1087 secunda
1643 1045 1817 1087 Pontificis
1830 1048 2003 1090 profeffio.

1262 1093 1336 1136 Nec
1347 1093 1437 1129 aliud
1450 1095 1623 1133 voluerunt
1635 1095 1773 1136 Faustus
1786 1096 2022 1142 Apolloniadis
2032 1122 2043 1139 ‚
2071 1097 2108 1133 δε

1212 1141 1407 1188 Pamphilus
1427 1142 1612 1187 Abydenus
1630 1144 1842 1188 Episcopus.
1871 1147 2010 1184 Etenim
2034 1159 2110 1193 ege·

1209 1190 1342 1229 runt‘in
1364 1193 1500 1236 Petrum
1520 1193 1696 1237 Fullonem
1717 1218 1730 1235 ,
1755 1195 1986 1235 ‚Sacro-Sanan
2011 1197 2107 1232 Tris²

1210 1243 1292 1289 Agii
1318 1241 1471 1287 hymno,
1496 1255 1595 1288 quem
1618 1245 1770 1280 &Sinai
1790 1246 1943 1293 primitus
1955 1247 2105 1293 Angeli,

1208 1295 1242 1328 δε
1266 1304 1382 1330 omnes
1403 1292 1558 1338 deinceps
1570 1293 1628 1336 sub
1641 1295 1738 1338 Coelo
1754 1297 1902 1337 Ecclefiae
1915 1298 2034 1332 nonin
2048 1299 2104 1332 so-

1209 1344 1277 1377 lum
1297 1343 1469 1385 Christum
1493 1345 1704 1387 Dominum,
1731 1346 1785 1386 sed
1806 1348 1842 1381 in
1860 1347 2103 1387 Sanstiffimam

1206 1394 1414 1430 Trinitatem
1426 1402 1601 1436 cantarunt
1611 1419 1624 1435 ,
1648 1393 1765 1429 ausum
1776 1396 1917 1440 adjicere
1931 1409 1938 1434 ς
1966 1399 2108 1441 Quicn-

1203 1443 1310 1486 tifixus
1331 1444 1370 1486 est
1387 1452 1446 1488 pro
1465 1444 1549 1485 nobis
1564 1471 1571 1478 .
1601 1446 1733 1485 Exinde
1745 1444 1995 1492 aufumgarrire'·¹
2007 1446 2108 1485 Chri·

1203 1494 1289 1529 stum
1311 1496 1501 1530 Dominum
1527 1507 1597 1530 non
1620 1496 2025 1538 dumtaxatinbumana.
2050 1497 2106 1537 sed

1202 1545 1304 1579 etiam
1323 1545 1360 1579 in
1384 1545 1513 1579 Divina
1537 1556 1656 1581 natura
1678 1546 1774 1581 fuisse
1798 1549 1942 1592 passum.
1971 1548 2104 1587 P'assam

1200 1596 1295 1639 suiffe
1320 1595 1422 1639 ipsam
1443 1595 1636 1630 Deitatem.
1666 1595 1791 1630 Christi
1816 1598 1961 1637 Domini
1986 1597 2106 1642 lpaffio-

1200 1657 1277 1680 nem
1303 1645 1431 1680 Marius
1457 1645 1647 1681 victorinus
1659 1645 1692 1679 in
1705 1646 1812 1690 primo
1824 1658 1940 1682 contra
1953 1646 1982 1680 A
1994 1648 2104 1688 rianoa

1201 1696 1286 1738 libro
1300 1696 1381 1738 reste
1393 1695 1479 1730 dixit
1493 1698 1556 1731 effe
1567 1698 1623 1735 Dei
1634 1697 1787 1730 mirabilia
1796 1721 1804 1730 .
1831 1698 1870 1734 In
1884 1697 1969 1731 libro
1981 1697 2028 1738 ’βε
2039 1708 2105 1738 ταῖς

1201 1758 1243 1781 ne
1262 1744 1385 1781 Christi
1397 1746 1628 1781 Tertullianus
1646 1747 1809 1791 appellat,
1836 1747 2018 1790 Detstuha,
2046 1750 2103 1782 Det
2126 1748 2198 1793 Cap.
2216 1752 2245 1785 ς.’

1201 1796 1417 1840 erubescenda,
1444 1797 1631 1840 necessarium
1644 1797 1719 1840 fidet
1729 1798 1874 1838 dedecus,
1900 1809 1968 1841 quae
1980 1809 2037 1832 nos
2045 1806 2102 1841 per

1201 1847 1316 1881 ruboris
1335 1855 1532 1890 contemptum
1552 1847 1679 1889 probent
1710 1847 1783 1883 bene
1813 1849 2006 1890 impudentes
2030 1872 2043 1890 ,
2066 1859 2103 1882 ae

1197 1897 1330 1940 feliciter
1346 1897 1452 1939 stultos
1476 1923 1484 1931 .
1512 1898 1556 1932 Et
1578 1895 1657 1933 hinc
1692 1896 1840 1939 adversus
1864 1897 2104 1939 Marcionem3

1204 1949 1260 1992 qui
1276 1957 1416 1982 mortem
1429 1972 1440 1988 ,
1467 1948 1543 1982 licet
1554 1948 1781 1992 imaginariam
1797 1971 1808 1987 ‚
1835 1948 2058 1989 admittebat,
2083 1948 2103 1983 ὲ

1204 1999 1342 2032 foemina
1369 1997 1448 2034 vero
1470 1999 1678 2033 nativitatem
1692 2023 1703 2039 ‚
1725 1998 1812 2040 quafi
1835 1997 1990 2038 stultam,
2016 1999 2108 2033 ideo·

1206 2057 1270 2088 que
1281 2047 1358 2087 Deo
1372 2047 1501 2088 penitus
1513 2048 1686 2091 indignam
1700 2071 1712 2086 ‚
1739 2047 1925 2090 blaspheme
1936 2048 2106 2083 aversaba-

1205 2106 1277 2137 tur,
1304 2096 1526 2139 prosequitur:
1553 2098 1631 2129 sunt
1646 2099 1742 2138 plane
1766 2099 1801 2130 (a
1825 2099 1888 2130 alia
1906 2106 1975 2129 tam
1987 2098 2105 2138 stulta,

1206 2156 1274 2188 quae
1302 2141 1457 2188 Pertinent
1478 2147 1524 2178 ad
1531 2147 1721 2184 contumelias
1741 2147 1921 2188 &passiones
1932 2150 1993 2181 Dei
2007 2172 2014 2179 .
2044 2151 2106 2181 Aut

1203 2196 1396 2238 prudentiam
1407 2197 1509 2229 dicant
1522 2198 1619 2231 Deum
1629 2196 1819 2237 crucifixum.
1848 2195 1942 2239 Aufer
1968 2195 2020 2241 bot
2039 2208 2106 2239 quo-

1207 2257 1263 2288 que
1287 2249 1439 2279 Marcion:
1466 2248 1559 2279 Immo
1581 2246 1632 2279 hoc
1652 2246 1786 2289 potins.
1812 2240 1904 2289 ,Quid
1920 2251 2004 2283 emim
2026 2248 2106 2287 indt-

1202 2295 1291 2339 gm'us
1303 2295 1393 2329 Deo?
1419 2296 1511 2339 ,Quid
1522 2302 1617 2339 magis
1638 2293 1887 2339 erubefiendum?
1913 2295 2036 2339 Nasci,
2061 2307 2104 2333 an

1207 2347 1305 2385 mort?
1331 2350 1464 2379 Carnem
1484 2346 1597 2391 gestare
1621 2370 1633 2387 ‚
1659 2359 1702 2379 an
1721 2343 1831 2386 trucem
1857 2348 1871 2380 ἓ
1894 2348 2079 2386 circumcidi
2090 2369 2103 2387 ,

1207 2407 1247 2429 an
1257 2394 1377 2441 suffigi?
1406 2396 1542 2435 Educ-ari
1553 2420 1564 2436 ,
1591 2407 1632 2430 an
1640 2396 1759 2440 sepeltri
1776 2398 1789 2429 ,²
1814 2400 1851 2428 In
1869 2394 2009 2439 praesepe
2018 2399 2106 2443 depae

2076 2445 2110 2489 ’ἢ

1207 2452 1240 2480 ni
1253 2469 1264 2485 ,
1287 2457 1327 2478 an
1350 2452 1384 2485 tn
1409 2455 1595 2486 monumento
1618 2446 1765 2486 recondi?
1791 2446 1964 2488 sapientior·
1973 2453 2035 2482 eris
2046 2471 2057 2487 ,

1206 2508 1258 2534 nec
1267 2496 1321 2538 ista
1331 2498 1492 2534 credideris
1505 2523 1511 2530 .
1540 2499 1561 2530 5
1561 2499 1601 2530 ed
1610 2508 1668 2530 non
1678 2503 1739 2533 erls
1746 2494 1872 2539 sapiens
1883 2521 1894 2536 ‚
1922 2494 1984 2537 nisi*
1992 2496 2102 2536 stultus

1207 2553 1239 2582 in
1247 2545 1353 2590 saeculo
1357 2545 1458 2587 fueris
1472 2569 1484 2586 ,
1507 2545 1662 2585 Deistulta
1688 2547 1833 2584 credendo
1844 2570 1851 2578 .
1879 2545 2102 2586 Demonstrat

1206 2596 1349 2633 Domini
1370 2605 1498 2634 carnem
1518 2606 1588 2629 non
1610 2595 1862 2640 imaginariam,
1889 2595 1941 2630 sed
1954 2595 2101 2630 omnino

1206 2656 1315 2684 veram
1325 2668 1337 2684 ‚
1363 2644 1397 2679 δ’(
1417 2644 1532 2683 nostrae
1553 2656 1609 2690 per
1630 2647 1745 2684 omnia
1769 2645 1907 2679 similem
1921 2645 2037 2687 fuiffe,
2063 2647 2100 2682 δε

1204 2697 1309 2741 pergit
1322 2708 1330 2728 ι
1357 2695 1416 2728 Sed
1430 2697 1501 2736 jam
1511 2694 1580 2728 hinc
1592 2694 1735 2738 responde
1745 2695 1917 2737 interfec'Jor
1926 2701 2075 2734 veritatis
2089 2719 2103 2738 ,

1204 2747 1300 2786 nonne
1310 2746 1380 2779 vere
1389 2745 1544 2787 crucifixus
1556 2745 1594 2785 est
1606 2749 1688 2779 Deus
1707 2746 1723 2776 ,ἓ
1733 2750 1770 2778 N
1771 2746 1846 2778 omre*
1855 2747 1928 2782 vere
1938 2754 2074 2784 mortuus·
2085 2769 2100 2788 ‚

1204 2806 1237 2833 ut
1248 2797 1319 2837 vere
1329 2796 1497 2839 crucifixus?
1507 2800 1544 2828 N
1546 2797 1622 2829 onne'
1631 2798 1700 2831 vere*
1712 2794 1953 2840 reficfiltatus,ut
1965 2797 2034 2830 vere
2040 2795 2099 2840 sci·

1203 2850 1269 2889 llcet
1280 2846 1425 2887 mortuus?
1439 2846 1482 2886 Et
1495 2845 1593 2886 infra?
1605 2845 1823 2888 crucifixum-st
1836 2849 1893 2883 Det
1902 2846 2006 2888 filius.
2022 2848 2097 2879 Non

1200 2899 1296 2941 pudet
1307 2922 1317 2938 ,
1328 2901 1398 2941 quia
1405 2896 1578 2940 pudendum
1587 2896 1625 2937 est
1636 2922 1644 2930 .
1669 2900 1716 2936 Et
1726 2905 1858 2930 mortuus
1870 2895 1908 2935 est
1925 2899 1984 2928 Det
1991 2892 2072 2936 filius
2082 2919 2091 2929 .

1206 2946 1328 2992 Prorsus
1348 2946 1483 2986 credibile
1503 2946 1541 2987 est
1558 2972 1569 2988 ‚
1597 2952 1668 2990 quia
1690 2952 1823 2989 ineptum
1846 2944 1884 2986 est
1896 2971 1903 2978 .
1932 2947 1979 2978 Et
1994 2945 2096 2989 scpul-

1204 3009 1253 3039 tus
1266 2997 1425 3042 resurrexit
1439 3021 1446 3029 .
1473 2999 1597 3037 Certum
1610 2996 1648 3035 est
1660 3021 1670 3037 ‚
1686 3003 1757 3039 quia
1767 2996 1931 3039 tmpoffibile
1943 2995 1996 3035 est.
2029 2996 2096 3031 Lo-

1204 3050 1312 3094 quitur
1323 3061 1363 3083 ex
1376 3046 1569 3091 Apostolica
1579 3046 1619 3087 ad
1632 3045 1827 3086 Corinthios
1838 3046 1975 3090 epistola
1985 3071 1995 3087 ‚
2022 3057 2096 3089 quae

1204 3099 1466 3139 Sacro-Sanstum
1492 3097 1711 3142 Evangelium
1732 3097 1869 3137 affirmat
1891 3098 1954 3132 effe
1979 3096 2094 3133 salvifi-

1202 3161 1275 3184 cam
1289 3148 1529 3193 praedicationis
1539 3147 1710 3182 stultitiam
1723 3173 1734 3189 ‚
1760 3148 1794 3181 ὅτ.
1805 3147 1976 3192 adjungit:
2001 3147 2096 3191 ,Quod

1196 3200 1322 3241 stultum
1342 3197 1378 3235 est
1400 3201 1475 3236 Dei,
1498 3196 1670 3241 sapientius
1691 3198 1729 3238 est
1740 3198 1908 3239 bominibus
1919 3221 1926 3229 .
1955 3197 1998 3237 Et
2010 3196 2090 3236 hinc

1202 3250 1242 3284 ad
1267 3250 1368 3293 ipsam
1393 3247 1578 3282 Corinthiis
1599 3243 1735 3289 firmiter
1757 3248 2006 3291 imprimendam
2020 3245 2087 3280 sub-
2109 3231 2192 3271 Epist.
2217 3241 2245 3262 ¹·

251 3300 354 3332 Pilato
375 3322 387 3338 ‚
412 3298 568 3340 crucifixus
591 3322 604 3338 ,
630 3298 841 3340 mortuus,·&
862 3299 1016 3344 sepultus.
1042 3299 1136 3333 Hinc
1203 3299 1333 3335 nexuit.
1359 3297 1494 3337 christus
1505 3298 1703 3341 mortuusest,
1723 3297 1885 3343 secundam
1898 3299 2084 3343 scripturas,
2103 3314 2174 3341 Can.
2199 3322 2224 3340 ¹·

250 3349 350 3390 etiam
374 3344 510 3383 Nicaena
532 3348 566 3388 δε
588 3347 960 3395 Constantinopolitana
983 3348 1136 3393 Synodus
1195 3347 1327 3400 sepultus
1350 3348 1389 3391 est
1410 3350 1445 3384 <a
1477 3349 1673 3397 resumat-tt,
1697 3347 1859 3399 secundam
1890 3351 2085 3414 sfrlpturaes-
2103 3354 2176 3391 cap.
2202 3359 2245 3390 ις·

1977 3395 2036 3432 Ad
