2320 3730
58 2386 130 2424 Cap·
143 2394 191 2416 2²·

596 188 896 242 Scuorrrs,
940 201 1002 232 ετ
1038 180 1233 230 No-r1s
1267 197 1666 233 urusrRATAE.

213 276 613 314 &laudibusssexomare
643 274 724 309 Hoc
747 274 837 308 enim
863 273 1002 316 Joannes
1023 271 1104 304 fece-

213 338 268 364 rat
282 353 290 361 .
301 324 459 363 Eutherio
471 323 640 360 videbatur
651 325 944 370 praevaricatorium
969 333 1006 356 ac
1017 321 1105 355 inex-

215 376 361 418 sscusabile
372 376 500 411 facinus
515 400 522 408 .
549 378 631 419 ,Quis
643 401 654 417 ,
682 374 788 419 inquit
800 398 811 414 ‚
835 385 886 407 nos
896 376 917 405 a
926 372 1007 415 justa
1016 376 1105 405 incre-

216 432 336 472 parione
347 426 509 460 liberabit?
536 425 580 459 Ab
589 431 669 459 omni
689 423 874 468 excusatione
894 435 946 456 nos
958 421 1105 462 constitue·

214 488 286 512 enus
295 486 471 511 extraneos.
498 475 604 511 Addit
616 488 684 511 non
698 477 732 511 in
752 473 827 508 solis
840 472 1023 516 Capitulis,
1051 469 1105 505 sed

216 528 322 562 etiam
343 529 376 561 in
390 528 463 572 ipsis
484 526 525 561 ad
548 525 786 560 Berrhaeensem
806 522 968 557 Acacium
991 520 1107 554 litteris

217 577 381 613 contineri
393 585 494 611 contra
506 578 611 620 dogma
615 580 814 619 pertinaciam
824 573 936 606 malam
947 595 959 612 ‚
985 571 1020 605 ἐν
1029 571 1106 603 alias

215 627 422 671 propositiones
443 639 500 661 non
519 633 608 669 pias.
634 625 732 660 Adeo
752 624 871 658 falsum
897 623 961 656 effe
972 621 1082 656 censet
1095 644 1106 661 ,

219 679 310 722 quod
321 678 434 711 litterae
444 686 625 722 repugnent
635 673 801 717 Capitulis
815 697 827 714 ,
844 682 901 707 aut
913 672 978 705 illis
990 682 1106 706 renun-

218 729 303 762 tient
325 753 332 759 .
361 728 433 762 Nec
465 734 641 762 contentus
669 722 737 758 haec
762 723 945 769 generatim
966 720 1107 760 dixisse,

218 777 326 822 pergit
349 778 389 812 ad
402 777 525 823 singula
546 774 611 810 fere
626 775 784 819 Capitula
796 797 808 814 ,
833 772 868 806 &
879 781 1018 807 conatur
1040 770 1105 813 ipsa

219 828 263 862 de
273 828 440 871 impietate
451 828 664 861 convincere.
695 825 803 860 Notat
824 822 963 867 primum
974 821 1106 864 Capitu-

219 878 292 911 lum
317 889 325 910 :
352 880 469 920 siquis
493 887 550 910 non
569 878 721 919 confitetur
754 873 981 908 Emmanuelem
1002 880 1110 905 verum

222 931 321 961 Deum
331 927 382 970 esse
393 951 405 968 ‚
429 928 464 961 <5
477 926 512 960 ob
532 927 567 959 id
580 927 722 960 santiam
748 929 897 968 Virginem
919 920 1085 971 Dei‘paran3
1098 944 1108 959 ‚

217 982 324 1022 genuit
347 982 426 1011 enim
448 978 501 1010 illa
512 981 707 1010 Incarnaium
731 978 787 1007 Dei
803 973 931 1008 Verbum
946 970 1109 1015 secundum

220 1038 363 1068 carnem,
388 1026 550 1060 anathema
555 1025 614 1066 fit.
641 1023 819 1058 Eutherius
840 1021 908 1057 haec
920 1021 1016 1056 verba
1029 1045 1039 1062 ,
1061 1031 1112 1064 ge-

221 1082 292 1111 nuit
314 1074 472 1118 sicundum
501 1084 620 1107 carnem
641 1097 653 1115 ,
690 1073 798 1107 voluit
823 1072 1012 1117 aequivalere
1039 1070 1111 1110 his,

222 1125 395 1158 Carnaliter
409 1129 515 1168 genuit
523 1148 535 1165 ,
561 1123 702 1167 ideoque
714 1124 777 1158 effe
788 1122 882 1167 plena
894 1119 1093 1165 blasphemia
1102 1145 1109 1152 .

220 1174 379 1217 Respexit
409 1176 443 1208 δε
463 1173 673 1208 confirmavit
704 1173 846 1208 Andreae
882 1171 1113 1207 Samosatensis

221 1224 379 1268 Episcopi
403 1224 444 1258 de
468 1224 531 1258 isto
545 1224 704 1268 Capitulo
724 1224 851 1258 sensum
871 1234 910 1257 ac
930 1221 1111 1265 judicium.-

222 1278 337 1318 Ecquis
360 1274 604 1315 carnemfallum
626 1277 685 1308 Dei
698 1273 850 1314 Verbum,
872 1275 1036 1305 carnaliter
1063 1282 1113 1304 na-

221 1333 289 1359 tum
309 1322 399 1366 simul
417 1322 598 1366 confitebitur
622 1325 635 1358 ?
662 1327 749 1358 Nam
766 1322 797 1366 fi
811 1324 972 1357 carnaliter
989 1327 1116 1366 genuit,

215 1376 288 1416 jam
310 1386 368 1408 non
392 1374 431 1415 ιβ
441 1380 542 1418 virgo.
571 1374 617 1410 Et
635 1374 741 1408 infra:
768 1376 801 1407 si
811 1371 919 1417 absque
930 1378 1069 1407 examine
1079 1382 1115 1405 ac

215 1426 332 1466 judicio
354 1429 387 1457 in
401 1426 502 1462 cyrilli
522 1435 607 1458 voces
620 1425 834 1465 inciderimus,
860 1425 895 1457 (a
909 1421 1117 1464 converfionem

225 1476 538 1510 &commutationem
557 1474 649 1508 Verbi
669 1481 703 1508 in
723 1472 844 1508 carnem
866 1471 1096 1518 imaginabimur
1109 1496 1116 1504 .

224 1524 374 1559 Accusat
389 1523 583 1568 Capitulum
603 1524 644 1558 de
671 1524 798 1559 duabus
816 1522 1051 1567 blasphemiis,
1077 1522 1118 1556 de

225 1573 335 1609 Verbi
357 1574 566 1609 conversione
589 1575 623 1607 in
645 1585 777 1608 carnem
801 1597 813 1614 ,
849 1584 888 1607 ac
922 1573 964 1608 de
990 1573 1118 1606 excussa

225 1623 349 1659 Matris
362 1634 418 1667 per
429 1633 556 1667 partum
568 1622 760 1668 virginitate
773 1646 782 1654 .
809 1621 961 1656 Andreas
972 1621 1058 1656 istud
1077 1621 1118 1655 de

224 1673 394 1717 Capitulis
415 1672 577 1716 judicium
599 1685 644 1707 ex
668 1673 770 1708 totius
781 1671 961 1707 Orientalis
972 1671 1119 1706 Ecclefiae

226 1722 395 1760 Mandato
406 1723 573 1764 ediderat,
599 1723 634 1758 δε
645 1724 755 1758 omnis
767 1723 825 1758 ista
839 1721 994 1764 synodus
1013 1722 1120 1766 ipsum

227 1772 464 1815 confirmarat,
493 1773 636 1817 ideoque
660 1772 838 1808 Eutherius
857 1772 1008 1807 credebat
1029 1773 1120 1812 fore,

228 1832 268 1857 ut
296 1823 436 1866 Joannes
459 1823 501 1858 ab
525 1823 586 1857 illo
618 1835 688 1859 non
717 1825 919 1867 praesumeret
951 1822 1115 1856 recedere.

230 1872 385 1907 Eandem
398 1872 575 1916 postmodo
589 1872 790 1908 calumniam
802 1872 968 1914 resumpfit
989 1872 1023 1905 in
1037 1870 1122 1904 libro

231 1920 384 1958 adversus
403 1924 556 1957 Severum
567 1921 853 1964 Eutychianiflam
877 1923 975 1956 Maro
996 1920 1120 1955 Edesse-

232 1983 297 2006 uus
329 1972 510 2016 Episcopus
531 1996 543 2013 ,
575 1973 721 2006 Senator
751 1972 896 2007 Nestorii
921 1987 931 2005 :
958 1973 1122 2015 AEgyptius

233 2022 360 2060 cyrillus
380 2047 391 2063 ,
413 2024 485 2056 dum
501 2030 625 2064 partum
648 2026 780 2067 Virginis
796 2022 853 2064 fibi
872 2021 995 2055 videtur
1016 2032 1123 2064 magno

231 2072 340 2106 bonore
359 2074 470 2114 afficere
491 2096 501 2113 ,
523 2074 697 2113 petulanter
717 2070 940 2113 blasphemavit
957 2093 970 2109 ,
994 2074 1045 2111 qui
1066 2069 1123 2101 ali-

231 2123 352 2164 quando
373 2123 492 2164 quidem
518 2125 655 2164 Virginis
669 2129 799 2162 partum
824 2128 913 2153 vocat
934 2118 1124 2157 naturalem,

231 2171 395 2214 aliquando
412 2195 423 2212 ,
448 2176 522 2205 utin
538 2171 694 2213 Capitulis
708 2195 719 2211 ,
748 2172 820 2203 dicit
830 2173 983 2215 Virginem
997 2170 1123 2201 carnali-

229 2228 276 2254 ter
290 2221 431 2264 peperiffe
444 2220 571 2254 Verbum
592 2231 710 2253 carnem
725 2219 846 2262 fac‘lum
858 2244 865 2251 .
892 2223 952 2252 Cui
970 2217 1125 2261 responde-

230 2281 302 2305 mus
316 2275 468 2314 virginem
485 2281 544 2303 non
564 2271 727 2302 carnaliter
738 2293 750 2309 ,
771 2267 828 2311 sed
836 2272 898 2302 Deo
918 2272 1125 2301 convenienter

228 2320 371 2365 peperisse
383 2344 391 2352 .
418 2319 576 2354 Haeretici
598 2317 672 2353 libri
694 2320 914 2364 fragmentum
925 2316 1027 2351 exstat
1039 2316 1124 2360 apud

230 2370 446 2406 Anastafium
458 2370 635 2406 Sinaitam.
663 2367 902 2404 Theodoretus
916 2368 950 2401 in
964 2366 1048 2401 istud
1064 2367 1126 2400 Ca·

232 2420 383 2463 pitulum
409 2419 472 2452 fuit
482 2420 614 2452 mitior.
643 2419 886 2453 Sacrosanaam
899 2417 1046 2459 Deiparae
1065 2417 1125 2450 vir-

234 2468 414 2513 ginitatem
435 2467 574 2501 credidit
595 2465 716 2510 abipso
737 2478 807 2501 non
823 2466 944 2502 everti.
974 2465 1125 2500 Credidit

236 2528 354 2553 tamen
375 2515 591 2562 dogmatizari
603 2517 669 2551 Dei
681 2517 785 2552 Verbi
797 2516 1043 2551 conversionem
1056 2539 1067 2555 ,
1091 2515 1126 2549 δε

236 2567 467 2602 confusionem
483 2576 671 2600 naturarum
683 2591 691 2598 .
716 2568 748 2599 si
760 2565 922 2608 impoffibile
944 2564 980 2604 ιβ
993 2571 1126 2599 converti

236 2616 514 2657 inconvertibilem,
541 2626 599 2649 non
618 2615 655 2655 ιβ
669 2614 791 2656 faelium
811 2625 879 2648 caro
898 2617 956 2648 Dei
977 2615 1124 2654 Verbum,

237 2672 288 2700 ita
304 2676 337 2700 ut
340 2665 379 2708 sit
389 2664 560 2710 conversum
574 2689 585 2706 ,
606 2663 663 2708 sed
672 2663 819 2707 affumpfit
829 2675 947 2699 carnem
959 2687 971 2704 ‚
997 2665 1032 2698 <5
1041 2664 1127 2696 inba-

238 2716 353 2751 bitavit
375 2724 408 2749 in
431 2716 514 2750 nobis
539 2740 552 2756 ‚
571 2714 732 2759 secundum
754 2716 976 2759 Evangelicam
1004 2725 1124 2749 vocem.

236 2766 366 2801 Eadem
387 2765 428 2800 de
449 2777 481 2800 re
502 2764 738 2800 Theodoretus
761 2766 882 2809 scripsit
902 2765 944 2799 ad
966 2764 1125 2807 Ioannem

238 2815 464 2851 Patriarcham
484 2829 495 2849 .-
520 2816 665 2857 Capitula
689 2815 801 2851 babent
821 2815 983 2851 carnaliter
1007 2825 1126 2851 carnem

233 2866 356 2910 fadum
377 2867 429 2910 esse
449 2870 543 2899 Deum
555 2865 699 2900 Verbum.

291 2915 343 2951 At
363 2915 441 2950 vero
454 2917 588 2951 Sanctus
600 2915 748 2959 Cyrillus
758 2915 898 2951 Andreae
908 2914 1123 2951 Samosatenfi

238 2966 411 3011 insigniter
431 2967 621 3009 respondet.
651 2965 799 3010 Exponit
812 2966 958 3002 Nestorii
979 2963 1125 3009 blasphe-

241 3015 345 3050 miam
366 3027 404 3050 ac
423 3017 544 3060 pergit:
577 3014 706 3050 Probare
726 3017 856 3051 volentes
876 3028 931 3051 nos
942 3016 981 3050 ab
994 3016 1048 3050 bac
1067 3020 1123 3057 opi-

242 3070 329 3099 nione
334 3064 455 3108 prorsus
465 3067 578 3100 alienos
588 3065 640 3108 esse
651 3090 662 3107 ,
688 3070 840 3111 Virginem
845 3067 987 3111 peperisse
996 3068 1123 3100 dicimus

243 3118 303 3149 Dei
325 3114 452 3149 Verbum
474 3114 636 3158 secundum
664 3118 830 3160 Scripturas
850 3129 969 3152 carnem
981 3116 1123 3159 fadum,

243 3164 295 3199 hoc
308 3164 346 3205 est
361 3190 372 3206 ‚
399 3163 560 3198 bominem.
587 3167 731 3210 Peperiffe
751 3176 848 3202 autem
868 3169 1048 3207 carnaliter,
1073 3165 1124 3200 hoc

244 3214 283 3255 est
295 3239 305 3256 ,
327 3213 487 3257 secundum
508 3226 625 3248 carnem
639 3238 647 3247 .
670 3221 757 3251 Nam
775 3221 855 3252 Deus
875 3220 910 3253 Θ
922 3221 1017 3253 Pater
1020 3215 1123 3260 seeun-

243 3265 316 3298 dum
338 3269 539 3298 Divinitatem
557 3269 664 3309 genuit
683 3277 719 3300 ex
737 3266 770 3310 se
791 3270 886 3302 Deum
905 3267 1073 3307 existentem
1089 3264 1124 3308 fi·

243 3315 318 3348 lium
336 3341 343 3348 .
372 3318 522 3359 ‚Quoniam
541 3325 644 3349 autem
670 3317 750 3359 quod
767 3326 871 3352 natum
891 3318 929 3358 est
949 3329 989 3351 ex
1011 3328 1100 3352 carne
1113 3341 1123 3358 ,

243 3376 311 3400 caro
320 3364 379 3408 est,
401 3371 506 3410 genuit
516 3370 621 3410 virgo,
645 3376 679 3402 ut
689 3377 757 3401 caro
775 3366 920 3410 existens,
945 3369 1123 3403 carnaliter·

1874 203 1967 249 203

1166 268 1341 304 carnaliter
1356 274 1456 301 autem
1467 268 1562 302 dicere
1572 279 1629 301 non
1641 268 1678 308 est
1689 272 1817 307 tollentis
1836 273 2041 310 admirabilem

1167 323 1381 359 nativitatem,
1408 329 1500 362 neque
1508 324 1671 353 evertentis
1684 322 1810 361 Spiritus
1821 321 1919 357 ςᾶηέῖί
1940 334 2042 367 opera-
2104 354 2112 361 .

1165 374 1294 411 tionem,
1319 380 1379 412 qua
1390 373 1422 402 in
1433 378 1515 404 utero
1517 368 1673 411 formavit
1676 377 1804 412 partum
1815 395 1826 412 ,
1847 372 1903 415 sed
1916 376 2041 410 dicentis

1163 425 1282 461 potius,
1307 421 1387 462 quod
1399 416 1471 460 sicut
1483 423 1567 454 Deus
1581 423 1682 464 gignit
1692 421 1802 453 divim?
1814 443 1825 460 ,
1852 427 1895 454 ita
1917 425 2043 459 &homo

1168 468 1317 511 humane,
1341 471 1377 504 id
1395 469 1454 510 est,
1481 481 1547 504 caro
1567 471 1747 506 carnaliter.
1776 469 1820 502 Et
1831 472 1936 505 revera
1948 476 2046 519 origi-

1167 520 1248 554 nalis
1259 520 1294 554 in
1304 531 1410 565 graeco
1421 530 1528 556 textus
1540 521 1581 555 fic
1592 519 1691 557 habet
1703 534 1710 555 :
1733 528 1873 565 γὲγυνηκε
1895 539 2044 567 σαρκικῇ.

1168 569 1274 605 Unde
1301 572 1336 605 δε
1360 569 1469 605 nostra
1499 570 1694 607 Caffinenfis
1724 573 1895 608 translatio
1927 572 2042 611 habet:

1168 623 1277 653 Genuit
1298 626 1376 654 enim
1395 622 1553 655 carnaliter
1573 622 1818 667 earnemfaHum
1838 635 1877 658 ex
1902 627 1965 658 Deo
1975 628 2049 660 Ver-

1168 670 1254 703 bum.
1284 670 1430 715 Vulgata
1449 671 1618 709 translatio
1639 672 1763 709 studuit
1784 673 1932 708 Phrafim
1942 676 2050 710 molli-

1169 730 1222 759 re,
1247 720 1361 753 &non
1383 721 1518 756 verbum
1541 734 1583 757 ex
1607 723 1730 765 verbo,
1755 724 1809 759 sed
1829 724 1970 760 defensa
1983 726 2052 760 red·

1168 769 1244 803 dere
1255 770 1399 803 sensum·
1426 771 1598 808 Consonat
1608 772 1644 808 in
1659 773 1746 809 libro
1768 785 1884 810 contra
1903 774 2055 819 Acepha·

1169 819 1219 853 los
1243 818 1399 853 Rusticus
1421 818 1581 855 Romanae
1602 823 1750 859 Ecclefiae
1767 825 1960 860 Diaconus:
1988 830 2056 860 Ver·

1170 869 1237 901 bum
1247 880 1285 902 ex
1296 867 1362 912 ipsa
1370 873 1505 913 Virginis
1522 870 1621 905 vulva
1631 880 1746 908 unitum
1756 875 1867 910 dicitur
1877 878 2056 910 Genituram

1169 919 1319 952 carnalem
1333 915 1484 963 suscepiffe
1505 944 1517 961 ,
1552 930 1586 954 ut
1602 929 1734 963 propriae
1755 932 1854 960 carnis
1877 929 2058 960 Genituram

1168 968 1350 1013 fignificans.
1382 971 1524 1004 Similiter
1542 971 1576 1004 ὁ·
1587 972 1724 1015 reliqua,
1750 984 1817 1015 quae
1829 974 2058 1019 bumanasunt.

1173 1021 1328 1063 ‚Quoniam
1338 1019 1419 1062 quod
1426 1021 1490 1059 ejus
1497 1027 1656 1061 proprium
1669 1022 1792 1063 sallum
1811 1024 1849 1064 ιβ
1859 1034 1961 1067 corpus
1974 1051 1985 1067 ‚
2005 1026 2060 1068 ista

1168 1068 1308 1114 sustinuit
1321 1094 1329 1102 .
1354 1068 1502 1112 Cyrillus
1526 1069 1620 1104 addit
1643 1070 1675 1104 se
1696 1070 1790 1114 loqui
1802 1084 1844 1107 ex
1853 1075 1967 1109 saneto
1982 1074 2062 1110 Am·

1173 1117 1347 1163 philochIo
1367 1119 1528 1154 lconienli
1551 1119 1739 1163 Episcopo,
1763 1121 1894 1157 summo
1910 1124 1992 1158 olim
2015 1134 2065 1159 to·

1173 1170 1238 1204 tius
1249 1169 1397 1205 Orientis
1407 1169 1573 1204 Dostore:
1599 1169 1673 1212 Nisi
1679 1171 1728 1204 ille
1744 1179 1833 1204 natus
1851 1172 1919 1215 esset
1936 1174 2066 1207 carnali-

1173 1229 1218 1253 ter
1230 1231 1240 1262 ;
1269 1230 1361 1263 neque
1373 1227 1407 1253 tu
1417 1228 1510 1253 natus
1521 1220 1590 1263 effes
1598 1218 1798 1264 spiritualiter
1810 1248 1817 1255 .
1847 1222 1892 1256 Et
1901 1224 2042 1267 exponit
2053 1237 2065 1257 .-

1173 1270 1347 1314 .fignificat,
1374 1269 1549 1305 carnaliter
1562 1294 1573 1311 ‚
1599 1272 1700 1311 idem,
1727 1273 1810 1313 quod
1824 1270 1984 1315 secundum
2003 1284 2067 1307 car—

1174 1332 1264 1363 nem;
1283 1319 1380 1362 ficut,
1406 1319 1532 1355 Divine
1544 1344 1556 1361 ‚
1577 1318 1738 1363 secundum
1750 1325 1954 1357 Divinitatem
1967 1349 1975 1356 .
2007 1324 2069 1358 Af·

1175 1371 1283 1406 firmat
1319 1370 1410 1415 quod
1442 1370 1619 1406 ineffabilis
1659 1371 1839 1407 secundum
1865 1373 2069 1418 Hypostalin

1177 1421 1272 1457 Unio
1301 1427 1435 1459 carnem
1456 1433 1495 1457 ac
1518 1430 1628 1456 totum
1650 1419 1825 1458 hominem
1854 1425 1968 1458 fecerit
1990 1422 2070 1460 Deo

1179 1470 1294 1506 Verbo
1313 1472 1503 1516 proprium,
1530 1471 1674 1516 ideoque
1696 1472 1747 1507 uti
1769 1485 1845 1508 caro
1870 1475 1925 1508 seu
1944 1471 2070 1515 homo,

1179 1521 1226 1556 ita
1246 1522 1280 1556 &
1301 1521 1406 1566 ipsum
1427 1521 1577 1557 Verbum
1600 1533 1656 1566 per
1675 1534 1807 1558 carnem
1827 1524 1865 1558 lit
1886 1522 1904 1557 ὲ
1926 1523 2071 1568 Virgine

1180 1581 1295 1606 natum
1310 1572 1485 1607 carnaliter
1498 1598 1505 1605 .
1519 1573 1563 1606 Et
1576 1571 1643 1607 haec
1656 1572 1702 1607 est
1715 1585 1788 1608 vera
1802 1574 1965 1617 expolitio
1975 1573 2072 1608 Chri-

1180 1621 1292 1656 stianae
1303 1622 1407 1663 fidei,
1432 1622 1551 1657 tradita
1562 1622 1581 1656 ὲ
1593 1623 1715 1656 Sanctis
1730 1622 1902 1665 Apostolis
1911 1647 1922 1663 ‚
1943 1623 2071 1657 ‘cunctis

1182 1670 1328 1706 Ecclefiae
1352 1671 1504 1706 Patribus
1516 1696 1528 1712 ,
1554 1672 1690 1715 ipsoque
1710 1672 1812 1706 etiam
1823 1673 1962 1707 Nicaeno
1980 1673 2074 1715 Sym·

1183 1720 1280 1756 bolo.
1307 1722 1389 1755 Hoc
1414 1722 1507 1755 enim
1530 1721 1637 1756 lucide
1647 1722 1838 1765 profitetur,
1867 1734 1936 1757 non
1947 1721 2075 1757 dumta-

1181 1782 1239 1806 xat
1250 1769 1421 1806 Christum
1433 1771 1620 1807 Dominum
1634 1795 1645 1811 ,
1665 1771 1720 1806 sed
1733 1773 1832 1806 etiam
1844 1773 1950 1816 ipsum
1962 1774 2075 1807 Deum

1182 1821 1334 1856 Verbum
1357 1846 1370 1862 ,
1395 1821 1488 1856 Patri
1510 1820 1847 1861 consubstantialem,
1872 1823 1936 1856 effe
1958 1832 2075 1857 natum

1183 1869 1223 1904 de
1235 1870 1379 1916 Virgine
1389 1895 1397 1902 .

1233 1919 1412 1955 Eutherius
1431 1920 1531 1955 etiam
1565 1920 1692 1955 invadit
1725 1922 1858 1956 tertium
1882 1922 1989 1957 Sanni
2012 1923 2079 1966 Cy·

1185 1969 1251 2004 rilli
1277 1970 1469 2015 Capitulum
1492 1983 1501 2002 :
1541 1972 1620 2013 ,Quis
1635 1969 1781 2013 suscipiat
1813 1977 1960 2005 unitatem
1993 1981 2079 2006 natu-

1184 2022 1279 2053 ralem
1301 2045 1313 2061 ,
1338 2022 1373 2054 <tr
1391 2028 1449 2062 per
1468 2019 1521 2052 boc
1545 2020 1710 2053 coafflvam
1730 2044 1742 2060 ,
1768 2025 1840 2063 quia
1854 2020 1944 2064 super
1962 2033 2079 2056 omnem

1185 2077 1329 2101 naturam
1342 2093 1352 2109 ,
1377 2071 1604 2111 virtutemque?
1630 2069 1762 2104 Invadit
1776 2068 1842 2104 haec
1852 2070 2000 2115 Capituli
2012 2083 2077 2106 ver-

1186 2118 1227 2152 ba
1243 2131 1251 2150 z
1278 2120 1309 2151 Si
1324 2122 1392 2161 quis
1410 2123 1443 2152 in
1455 2130 1511 2153 uno
1519 2118 1634 2159 Christo
1639 2119 1703 2161 post
1713 2125 1849 2154 unionem
1867 2121 1983 2155 dividit
1996 2121 2078 2165 hypo-

1179 2167 1274 2212 stases
1287 2191 1297 2207 ‚
1321 2179 1413 2211 eaque
1436 2169 1600 2201 dumtaxat
1612 2168 1814 2209 conjunHione
1824 2170 1882 2213 eas
1875 2173 1943 2206 dem
1954 2178 2033 2206 inter
2042 2171 2078 2216 se

1186 2218 1277 2252 neciit
1290 2240 1302 2257 ‚
1328 2228 1397 2259 quae
1417 2216 1456 2256 ιβ
1476 2215 1635 2259 secundum
1657 2219 1839 2261 dignitatem
1861 2222 1895 2253 (ς
1914 2231 1972 2253 non
1980 2233 2015 2254 ea
2023 2231 2078 2264 po·

1187 2269 1276 2306 tius,
1298 2277 1367 2308 quae
1388 2265 1428 2306 ιβ
1446 2263 1608 2308 secundum
1629 2269 1799 2301 naturalem
1820 2274 1976 2312 unionem,
2000 2283 2078 2305 ana-

1189 2315 1288 2350 thema
1291 2314 1332 2358 sit
1346 2339 1354 2348 .
1381 2315 1494 2350 Etiam
1514 2314 1581 2351 haec
1603 2316 1769 2352 calumnia
1787 2318 1833 2352 est
1854 2319 2024 2365 desumpta
2034 2333 2076 2356 ex

1188 2366 1322 2400 Andrea
1333 2366 1550 2401 Samosatenfi
1564 2379 1572 2399 :
1597 2369 1679 2411 ,Quis
1691 2378 1823 2410 unquam
1832 2371 1978 2405 admittat
1985 2381 2079 2406 natu-

1187 2417 1281 2449 ralem
1302 2417 1443 2449 divinam
1463 2421 1623 2451 unitionem
1641 2422 1674 2450 in
1685 2419 1872 2452 sacramento
1882 2419 2079 2464 dispensatio-

1188 2468 1260 2500 nis?
1283 2466 1313 2497 si
1327 2469 1406 2499 enim
1419 2467 1568 2499 naturalis
1579 2471 1692 2508 unitio,
1719 2466 1769 2500 ubi
1784 2471 1913 2512 gratia?
1938 2471 1994 2504 Ubi
2020 2475 2077 2504 Di·

1188 2521 1296 2550 vinum
1321 2517 1568 2550 Sacramentum?
1594 2521 1727 2550 Naturae
1743 2523 1843 2559 enim,
1868 2527 1903 2553 ut
1927 2520 2076 2564 edocqisu·

1188 2577 1277 2606 mus,
1298 2563 1392 2608 semel
1408 2565 1449 2598 ab
1472 2567 1635 2600 ordinante
1647 2569 1709 2601 Deo
1718 2569 1866 2603 ordinatae
1879 2594 1889 2610 ,
1914 2571 2075 2614 neceffariis

1187 2614 1399 2659 consequentiis
1406 2612 1548 2657 serviunt
1561 2640 1568 2647 .
1595 2620 1682 2649 Num
1704 2623 1796 2651 etiam
1811 2625 1917 2654 iterum
1927 2627 1984 2654 erit
1996 2646 2008 2663 ,
2028 2619 2076 2664 se-

1187 2667 1317 2699 cundum
1331 2667 1544 2700 revolutionem
1567 2667 1731 2700 &naturae
1740 2667 1992 2712 consequentiam,
2016 2670 2075 2714 dis:

1183 2714 1366 2759 pausationis
1385 2723 1457 2757 opus
1483 2740 1495 2757 ,
1513 2717 1613 2757 Juxta
1633 2717 1832 2752 deliramenta
1850 2743 1862 2760 ,
1880 2719 2075 2764 fabulosaque

1187 2768 1270 2801 mille
1293 2776 1439 2799 annorum
1465 2765 1587 2808 infausti
1608 2769 1784 2809 Apollinarii
1808 2770 1949 2814 dogmata
1969 2771 1987 2803 ,ἕ
2013 2772 2074 2806 Ea-

1187 2815 1262 2851 dem
1272 2816 1438 2851 calumnia
1449 2816 1571 2860 placuit
1582 2815 1800 2854 Theodoreto
1813 2844 1821 2851 .
1849 2821 1983 2855 Etenim
1992 2822 2073 2855 affir-

1188 2875 1257 2901 mat
1277 2865 1443 2910 Cyrillum
1462 2867 1498 2900 in
1519 2867 1581 2902 isto
1603 2868 1761 2912 Capitulo
1772 2877 1828 2903 aut
1839 2869 1991 2913 ignorare
2001 2882 2071 2915 quae

1188 2916 1298 2952 scribit
1308 2939 1320 2955 ‚
1343 2926 1398 2951 aut
1409 2916 1514 2960 palam
1525 2916 1745 2962 blasphemare
1755 2943 1765 2959 ,
1791 2919 1826 2952 ὅ(
1836 2918 1987 2965 adjungit
1997 2933 2070 2955 cau-

1188 2969 1273 3002 sam:
1301 2971 1431 3001 Natura
1449 2973 1528 3002 enim
1549 2967 1587 3007 ιβ
1597 2973 1647 3001 vis
1658 2968 1806 3011 neceffario
1817 2971 2009 3011 compellens,
2035 2972 2070 3005 &

1187 3016 1297 3061 absque
1320 3018 1491 3052 voluntate.
1518 3019 1662 3059 Exempli
1679 3024 1782 3061 gratia
1802 3031 1810 3051 :
1836 3022 1960 3054 Natura
1980 3019 2069 3064 esuri-

1187 3081 1253 3103 mus
1276 3092 1286 3109 ,
1311 3074 1369 3102 non
1388 3066 1440 3102 hoc
1459 3068 1583 3101 arbitrio
1604 3092 1615 3107 ,
1638 3066 1696 3110 sed
1712 3069 1868 3109 neceffitate
1893 3075 2067 3112 patientes.

1186 3117 1324 3160 Profebld
1335 3122 1414 3152 enim
1424 3124 1476 3161 qui
1486 3122 1518 3150 in
1526 3119 1716 3152 mendicitate
1737 3119 1849 3162 degunt
1859 3143 1870 3160 ,
1897 3122 2065 3156 mendicare

1184 3168 1321 3212 defiffent
1333 3192 1344 3208 ,
1364 3167 1396 3210 fi
1409 3167 1581 3211 potestatem
1601 3167 1724 3201 liberam
1747 3180 1804 3203 non
1815 3168 1961 3213 esuriendi
1977 3169 2066 3205 babe-

1184 3228 1250 3253 rent
1263 3243 1270 3251 .
1294 3222 1424 3253 Natura
1441 3217 1579 3259 sitimus,
1604 3226 1715 3252 natura
1732 3221 1894 3254 dormimus
1915 3245 1927 3262 ,
1952 3230 2065 3256 natura

1182 3267 1365 3313 respiramus
1390 3280 1485 3303 aerem
1498 3293 1505 3300 .
1531 3272 1607 3303 Haec
1626 3277 1723 3303 autem
1734 3275 1833 3310 omnia
1844 3269 1954 3314 absque
1963 3273 2065 3305 volun·

1186 3327 1249 3353 tate
1255 3319 1335 3362 fiunt
1346 3344 1354 3352 .
1380 3322 1412 3353 si
1422 3323 1512 3363 igitur
1524 3319 1670 3352 naturalis
1674 3319 1741 3361 fuit
1751 3324 1809 3355 Dei
1812 3320 1941 3363 formae,
1957 3323 1991 3356 (τ
2001 3323 2067 3354 Ser-

1185 3374 1220 3404 vi
1233 3368 1345 3413 formae
1363 3375 1429 3404 unio
1442 3394 1453 3411 ,
1479 3370 1500 3402 ιί
1510 3369 1664 3411 neceffitate
1674 3372 1809 3414 quadam
1820 3369 1982 3414 compulsit-r
1992 3394 2005 3409 ‚
2029 3371 2066 3405 Θ

1958 3429 2016 3453 non
