2320 3730
710 201 984 246 INDEX
1053 201 1095 246 C

241 285 372 332 Augustis
392 310 403 327 ,
426 286 581 330 postulatio
590 287 624 321 (5
636 286 799 329 deprecatio
809 288 961 332 ‹iJoanne
976 288 1076 319 Antio-

203 352 208 368 ι
241 337 338 371 cbenae
357 340 412 369 Dei
433 336 567 378 Ecclestae
591 336 752 381 Episcopo.
1007 333 1074 382 338

189 385 302 430 Caput
326 386 532 421 CLXXVII.
560 387 694 429 Epistola
707 413 717 429 ‚
746 388 874 431 inquit,
904 388 965 419 Deo
989 389 1075 418 Ami-

242 438 336 477 ctffim‘i
359 435 499 480 Episcopi
525 439 637 471 Meletii
650 440 693 471 ad
712 441 773 471 Deo
785 436 988 475 Amictffimum
1011 437 1076 469 Ale-

241 488 393 521 xandrum
406 513 416 528 ,
441 498 530 530 quam
549 485 661 530 scripfit
677 512 689 529 ,
708 487 859 529 postquam
878 487 1006 519 militum
1023 484 1076 528 su·

238 545 391 580 perventu
409 536 547 580 expulsus
560 537 598 578 est
609 563 616 571 .
989 536 1072 569 Ibid.

193 585 303 631 Caput
327 586 548 621 CLXXVffl.
574 586 706 630 Epistola
721 611 731 626 ‚
757 586 888 630 inquit,
915 589 975 620 Deo
997 591 1073 618 Ami-

218 638 339 677 *eiffimi
350 635 490 679 Episcopi
503 638 668 671 Alexandri
687 638 731 669 ad
741 638 892 670 Meletium
914 641 975 670 Deo
998 641 1076 668 Ami-

243 688 380 727 ctffimum
392 686 569 730 Episcopum
581 709 592 727 ,
616 698 708 729 quam
718 686 860 731 rescripsit
871 686 1075 728 adpraefatas

243 738 359 770 litteras
369 737 430 779 post
447 742 560 770 exitum
568 739 632 777 ejus
645 761 652 769 .
1009 746 1077 783 340

195 786 304 830 Caput
326 786 512 824 CLXXIX.
538 790 773 828 Interpretatio,
798 786 908 831 inquit
923 811 933 826 ,
962 790 1076 819 Praece·

240 842 290 878 pti
299 836 433 880 Magistri
444 836 572 868 militum
583 836 716 879 Dionysi,
728 850 817 880 quam
828 836 943 881 scripsit
954 839 998 870 ad
1006 838 1076 869 Cla-

245 888 377 927 riffimum
385 889 418 929 J
421 886 533 918 adicem
541 884 680 928 secundae
693 888 808 920 Ciliciae
819 913 826 920 .
1008 897 1073 934 341

195 935 302 977 Caput
322 934 495 969 CLXXX.
524 938 648 969 Domino
669 949 730 971 meo
751 940 810 971 Deo
826 938 1013 978 Amtc1ffim0‚
1039 938 1073 970 6*

240 984 437 1025 Sancitffimo,
463 984 570 1029 Inquit
586 1010 598 1027 ,
627 990 720 1021 Patri
740 989 912 1022 Alexandro
932 986 1077 1030 Episcopo

240 1036 326 1067 Titus
336 1059 345 1067 .
990 1037 1073 1070 Ibid.

192 1085 301 1125 Caput
314 1083 503 1118 CLXXXI.
530 1089 655 1120 Domino
669 1112 678 1126 ‚
706 1087 815 1133 inquit
829 1113 839 1127 ‚
866 1100 929 1122 meo
950 1086 1075 1129 sanavis-

235 1133 306 1176 fimo
318 1160 326 1175 ‚
343 1136 377 1167 62·
388 1137 450 1168 Deo
463 1138 629 1177 Amiciffimo
645 1140 733 1171 Patri
747 1138 892 1182 Episcopo
907 1139 1077 1171 Alexandro

240 1183 385 1225 Dionyfius
397 1210 404 1218 .
549 1187 561 1191 “
1008 1197 1075 1234 342

192 1235 303 1278 Caput
326 1234 532 1270 CLXXXII.
559 1237 694 1279 Eptssola
716 1262 727 1279 ,
754 1239 890 1280 inquit,
916 1239 975 1270 Deo
1000 1243 1075 1270 Ami-

240 1286 337 1324 ciffimt
346 1283 486 1327 Episcopi
505 1288 694 1328 Alexandri,
722 1300 810 1330 quam
825 1286 966 1330 rescripfit
977 1291 1020 1321 ad
1027 1289 1076 1321 lit-

227 1348 229 1351 *
242 1341 322 1366 teras
335 1333 552 1378 suprascriptas
566 1361 577 1377 ‚
602 1344 634 1370 in
646 1337 736 1381 causa
748 1336 943 1381 eademsuum
959 1339 1074 1371 demon-

235 1382 338 1423 strans
360 1385 553 1426 Propositum.
993 1387 1073 1422 lbid.

195 1433 302 1475 Caput
319 1434 540 1467 CLXXXIII.
570 1436 701 1469 Flavius
727 1440 837 1477 Titus,
862 1437 1073 1479 Gloriofifflmus

239 1487 344 1515 Comes
358 1484 604 1522 Devotrffimorum
621 1486 841 1526 Domesticorum
853 1509 863 1525 ,
888 1489 1014 1528 implens
1037 1489 1077 1520 lo-

239 1543 304 1565 cum
314 1531 446 1575 Magistri
458 1535 574 1566 militiae
592 1533 748 1573 Potestatis
760 1560 771 1577 ,
799 1537 911 1569 Flavio
921 1537 1051 1576 Lybiano
1062 1562 1072 1577 ‚

244 1582 403 1621 Clarisfimo
414 1581 535 1623 Praefidi
546 1584 751 1626 Euphratefiae
762 1587 954 1620 Provinciaes
1005 1597 1072 1635 343

191 1631 299 1674 Caput
318 1630 543 1666 CLXXXIV.
585 1636 701 1668 Relatio
721 1657 733 1675 ,
770 1635 880 1679 inquit
903 1661 915 1676 ‚
950 1637 1073 1676 Lybiani

239 1680 445 1723 Euphratesi‘ae
459 1683 491 1724 J
492 1684 588 1717 udicis
601 1686 646 1718 ad
654 1685 969 1730 Magnificentifflmum
989 1692 1074 1721 Vica-

239 1736 316 1765 rium
327 1734 427 1764 Titum
439 1756 446 1764 .
989 1737 1072 1771 lbid.

191 1781 299 1824 Caput
308 1780 515 1817 CLXXXV.
542 1786 683 1827 Relatio,
711 1786 840 1828 inquit,
862 1785 992 1830 secunda
1013 1790 1073 1820 Eu·

236 1831 396 1874 phratefiae
407 1834 440 1876 J
444 1834 539 1866 udicis
554 1859 566 1875 ,
592 1840 643 1878 qui
660 1836 914 1878 perturbationem
938 1843 1073 1871 civitatis

239 1880 396 1923 agnoscens
403 1890 528 1922 propter
539 1888 654 1917 exitum
669 1888 690 1917 5
690 1886 841 1924 anfflffimi
851 1885 930 1928 Epis
928 1891 989 1928 copi
1013 1888 1077 1923 Ale-¹

240 1929 503 1970 xandrifadam,
529 1933 645 1966 direxti
668 1933 942 1976 Magniffientiffimo
964 1939 1074 1967 Comiti

222 1980 387 2018 '‘Orientis,
414 1976 628 2020 transmittens*
649 1982 683 2014 (θ’
696 1982 802 2022 Populi
821 1983 1071 2023 acclamationes,

237 2036 301 2061 tam
310 2026 395 2070 adse
406 2053 417 2068 ,
443 2039 534 2070 quam
548 2033 596 2062 ad
607 2031 914 2075 Magnificentissimum
927 2036 1072 2066 Comitem

237 2082 340 2111 Titum
343 2077 451 2119 fallas
460 2101 472 2119 ,
483 2078 518 2111 Θ
525 2081 571 2113 ad
580 2078 674 2123 ipsum
685 2091 796 2125 quoque
811 2081 976 2117 Antiochia
990 2086 1072 2117 Prae-

234 2126 329 2172 sulem
340 2152 348 2160 .
1024 2144 1072 2180 44

191 2178 304 2221 Caput
317 2176 542 2215 CLXXXVI.
559 2177 623 2214 'His
632 2184 763 2216 Irenaeus
772 2183 825 2215 illa
832 2181 973 2225 subjecit.
1000 2144 1070 2217 {dea

234 2228 387 2271 posuimus
399 2254 409 2269 ‚
435 2240 471 2262 ne
479 2235 548 2273 quis
560 2237 682 2265 miretur
692 2255 705 2273 ,
730 2243 780 2266 cur
797 2232 844 2267 hic
865 2240 949 2267 voces·
962 2236 1068 2276 Populi

237 2280 357 2312 minim?
362 2277 514 2322 scripserit
522 2306 529 2313 .
985 2282 1067 2319 Ibid.

186 2327 295 2371 Caput
320 2327 568 2363 CLXXXVIL
584 2331 831 2375 Hypomnysticum
857 2336 917 2368 Deo
938 2335 1067 2375 Amiciffi-

239 2389 285 2411 mo
307 2379 393 2411 Clero
416 2382 639 2422 Hierapoluano
658 2407 671 2424 ,
695 2385 730 2418 Θ
753 2383 864 2425 christi
882 2385 1069 2419 Amator-ibus

240 2427 397 2467 Pluribus,
422 2429 462 2461 ab
472 2433 621 2472 Joanne.
1002 2444 1067 2480 345

188 2475 299 2519 Caput
310 2475 570 2510 CLXXXVIII.
594 2481 806 2521 Interpretatio
818 2505 830 2520 ,
856 2482 966 2525 inquit
981 2505 992 2522 ‚
1019 2485 1069 2515 5a-

236 2537 298 2558 erae
310 2549 321 2564 ‚
346 2536 413 2566 quae
428 2527 619 2569 promulgata
636 2527 676 2568 est
699 2530 988 2572 Magnificentiffi'mis
999 2556 1009 2572 ,
1036 2534 1070 2567 6·

236 2573 438 2615 Gloriofiffimis
456 2573 613 2617 Praesec‘lis
624 2578 662 2610 de
672 2578 802 2611 exilioin
815 2581 939 2613 Petram
954 2584 1068 2624 Magni-

231 2623 398 2666 ficenttffimi
417 2629 540 2658 Comitis
565 2630 695 2674 Irenaei:
998 2631 1064 2679 346

184 2675 293 2719 Caput
315 2674 537 2709 CLXXXIX.
563 2677 797 2720 tmerpretano,
824 2679 934 2722 inquit
953 2703 965 2720 ‚
986 2689 1066 2724 prae-

227 2723 294 2766 fati
313 2729 459 2767 Praecepti
470 2751 478 2758 .
981 2731 1064 2766 Ibid.

185 2775 293 2818 Caput
307 2774 411 2808 CXC.
439 2777 563 2818 ,Quanti
571 2801 582 2817 ‚
609 2778 718 2822 inquit
732 2803 743 2819 ,
768 2781 788 2812 si
801 2778 917 2814 sanetis
932 2781 1064 2824 Ecclefiis

235 2831 369 2858 exierunt
384 2849 395 2865 ,
421 2827 549 2859 nolentes
556 2825 642 2868 suam
655 2826 857 2871 conscientiam
883 2834 1064 2873 vulnerare,

235 2886 326 2917 neque
339 2874 516 2917 acquiescere
527 2877 632 2910 FaHis
645 2880 744 2917 Cyrilli
752 2904 764 2921 ,
784 2879 838 2923 seu
851 2882 916 2923 ejus
923 2878 1063 2924 sustinere

232 2931 456 2958 communionem
464 2951 471 2957 .
993 2943 1061 2980 347

183 2971 291 3017 Caput
305 2975 425 3010 CXCI.
455 2979 522 3009 Lex
535 2987 601 3020 quae
618 2986 721 3012 contra
730 2980 899 3021 Nestorium
914 2983 1063 3027 proposita

235 3023 271 3062 eft
282 3050 290 3057 .
1041 3032 1059 3070 8

186 3070 295 3115 Caput
308 3074 444 3109 CXCII.
472 3075 689 3121 Reiigtofiffimis
713 3081 748 3114 <s-
771 3081 905 3122 Pufflmts
929 3044 1061 3126 lmpffa·

234 3123 381 3157 ratoribus
395 3124 513 3167 nostris,
544 3129 630 3171 digne*
649 3129 800 3163 honoratis
823 3131 842 3163 ἃ
864 3134 943 3172 Deo,
971 3133 1062 3168 Theo-

1132 213 1499 245 APITUM.
1895 220 1948 249 11

1185 293 1221 314 no
1226 280 1354 325 salutem
1364 307 1373 316 .
1954 297 1973 335 3
1979 298 2026 333 50

1135 332 1242 375 Caput
1255 332 1416 368 CXCIV.
1443 333 1577 376 Epistola
1592 359 1603 375 ‚
1629 333 1761 380 inquit,
1788 338 1890 377 cyrilli
1903 337 1948 371 ad
1958 342 2027 371 Ari-

1180 383 1302 423 stolaum
1313 383 1477 417 Tribunum
1490 409 1502 425 ,
1527 396 1618 427 quam
1637 383 1749 428 scripsit
1770 395 1889 429 rogante
1902 390 2027 422 Beroni-

1186 438 1270 465 ciano
1281 432 1424 476 Episcopo
1435 437 1501 473 Tyri
1513 459 1525 475 ,
1545 434 1666 476 formas
1678 438 1757 470 dans
1766 436 2023 480 anathematismi,

1187 490 1238 525 qui
1251 484 1291 516 ab
1301 489 1343 517 eis
1356 485 1423 526 fieri
1445 484 1583 527 debutffet
1593 511 1600 517 .
1956 498 1974 534 3
1979 499 1996 532 5
2006 500 2022 523 1

1138 534 1248 575 Caput
1258 534 1401 569 CXCV.
1427 534 1520 570 Idem
1546 535 1683 570 Irenaeus
1693 560 1705 577 ‚
1732 537 1791 571 ubi
1813 547 1942 580 propter
1966 536 2027 570 ista

1187 583 1354 624 injuriavit
1372 584 1519 619 Orientis
1545 586 1724 630 Episcopos
1745 611 1755 627 ‚
1782 589 1827 621 ait
1855 600 1862 619 ε
1891 585 2026 628 Epistola

1189 633 1291 669 Cyrilli
1304 636 1348 665 ad
1351 638 1382 678 J
1385 646 1508 669 oannem
1518 636 1730 670 Antiochenam
1742 662 1754 678 ‚
1775 646 1833 680 per
1851 648 1941 680 quam
1953 647 2028 670 cau·-

1183 680 1274 724 satur
1286 706 1295 722 ,
1322 686 1401 724 quod
1412 687 1577 719 orientales
1589 687 1888 729 anathematizassent
1910 687 2029 730 quidem

1189 730 1380 771 Nestorium,
1402 731 1456 774 sed
1465 737 1567 769 eadem
1579 761 1590 777 ,
1616 749 1684 780 quae
1703 739 1797 771 &ille
1813 762 1823 777 ,
1850 736 1897 770 illi
1914 738 2029 779 praedi-

1189 791 1293 815 carent
1303 807 1310 814 .
1338 786 1464 815 Formas
1476 795 1577 817 autem
1589 788 1623 821 cis
1634 789 1771 830 quomodo
1783 789 1820 822 de
1831 797 1936 821 caetero
1948 792 2029 820 Ana-

1189 830 1392 874 tbematismus
1403 833 1519 874 expleri
1532 835 1634 868 debeat
1645 862 1652 868 .
1957 849 1975 885 3
1980 848 2025 887 53

1142 880 1188 915 Ca
1194 891 1251 924 put
1263 881 1422 916 CXCVI.
1450 883 1582 924 Epistola
1599 884 1716 926 scripta
1741 891 1840 922 Proclo
1861 887 2030 929 constanti-

1189 934 1357 973 nopolitano
1369 931 1511 975 Episcopo
1521 933 1560 966 ab
1571 936 1718 967 Orientali
1731 940 1861 971 Concilio
1870 948 1925 981 pro
1936 937 2029 973 Theo·

1189 983 1258 1014 doro
1283 984 1317 1016 (5
1329 985 1472 1024 Diodoro,
1497 986 1648 1025 quondam
1672 983 1830 1026 Episcopis
1844 1010 1851 1017 .
1958 1000 1976 1037 3
1981 997 2030 1035 34

1140 1032 1249 1074 Caput
1261 1031 1435 1067 CXCVII.
1462 1035 1595 1075 Epistola
1600 1038 1632 1079 J
1635 1041 1740 1067 oannis
1750 1036 1795 1068 ad
1807 1038 1941 1070 Proclum
1951 1064 1960 1078 ,
1968 1047 2028 1080 per

1188 1094 1278 1124 quam
1287 1083 1432 1126 gloriatur
1443 1108 1453 1124 ,
1466 1086 1547 1126 quod
1555 1094 1649 1118 totum
1659 1091 1843 1126 perverterit
1857 1090 2009 1121 Orientem
2018 1114 2028 1121 .

1189 1135 1233 1165 Et
1246 1131 1406 1175 Personam
1417 1137 1532 1167 veroin
1545 1134 1613 1177 ipst‘s
1626 1136 1737 1169 litteris
1751 1134 1901 1178 accusavit
1915 1160 1923 1167 .
1961 1147 1978 1184 3
1983 1147 2002 1182 5
2007 1146 2030 1182 ς

1141 1181 1248 1225 Caput
1269 1183 1461 1218 CXCVIII.
1490 1185 1624 1227 Epistola
1644 1210 1654 1226 ,
1682 1186 1791 1230 inquit
1819 1210 1830 1227 ,
1855 1187 1958 1226 cyrilli
1990 1187 2034 1218 ad

1187 1237 1397 1275 Imperatorem
1417 1258 1428 1274 ‚
1455 1234 1620 1278 accusantis
1645 1245 1748 1269 contra
1767 1247 1814 1270 eos
1835 1261 1847 1276 ,
1874 1243 1928 1280 qui
1953 1242 2031 1269 circa

1191 1283 1399 1317 Antiochenam
1411 1287 1442 1329 J
1445 1297 1571 1319 oannem
1584 1310 1595 1326 ,
1621 1288 1654 1319 eo
1666 1288 1745 1328 quod
1759 1285 1846 1329 quasi
1852 1286 2032 1320 anathema·

1189 1338 1284 1366 tizare
1296 1358 1306 1374 ‚
1335 1335 1444 1378 inquit
1457 1360 1467 1375 ,
1492 1334 1549 1376 visi
1555 1336 1725 1375 Nestorium
1736 1363 1745 1377 ‚
1756 1349 1791 1370 ea
1803 1336 1868 1380 ipsa
1877 1336 2032 1380 sentiunt,

1189 1395 1255 1425 quae
1269 1385 1303 1417 &
1315 1386 1363 1418 ille
1375 1410 1386 1425 ‚
1413 1387 1445 1417 eo
1459 1388 1539 1428 quod
1550 1386 1694 1421 Theodori
1719 1389 1754 1421 Θ·
1772 1389 1895 1421 Diodori
1913 1390 2032 1430 scripta

1187 1439 1346 1467 mirentur.
1692 1444 1694 1447 ’
1960 1449 1978 1486 3
1983 1449 2030 1485 59

1139 1483 1248 1526 Caput
1260 1484 1418 1519 CXCIX.
1448 1489 1527 1520 Pars
1548 1511 1559 1527 ,
1586 1487 1715 1531 inquit,
1741 1489 1884 1523 Theodoti
1911 1492 2031 1527 Ancyrae

1187 1535 1230 1566 ad
1239 1536 1257 1566 5
1259 1535 1379 1568 andum
1392 1539 1422 1568 V
1420 1539 1523 1571 italem
1534 1536 1712 1570 Monachum
1723 1562 1733 1578 ,
1754 1546 1807 1580 qui
1827 1548 1892 1571 erat
1905 1544 1938 1570 in
1950 1542 2034 1579 Cap-

1182 1585 1330 1625 padocia.
1960 1587 2032 1634 360

1139 1632 1248 1676 Caput
1268 1634 1342 1668 CC.
1396 1640 1475 1670 Pars
1497 1659 1509 1677 ,
1536 1636 1643 1679 inquit
1670 1661 1681 1676 ,
1714 1637 1855 1680 Epistola·
1880 1637 2033 1671 Rabbulae

1186 1683 1325 1726 Edeffeni
1337 1710 1347 1726 ‚
1368 1685 1493 1729 scriptae
1505 1688 1549 1719 ad
1561 1689 1747 1730 AEgyptum,
1767 1686 1941 1731 significans
1953 1688 2035 1730 quod

1186 1738 1237 1775 qui
1261 1734 1299 1768 ab
1324 1741 1366 1769 eis
1387 1736 1639 1780 oppugnabatur,
1665 1739 1700 1770 id
1719 1737 1778 1779 est,
1805 1742 1858 1771 Ne
1882 1743 1962 1771 orius
1983 1750 2035 1772 eos·

1186 1789 1237 1826 qui
1249 1790 1327 1818 circa
1339 1788 1465 1821 Beatum
1477 1786 1658 1821 Theodorum
1676 1786 1791 1831 secutus
1805 1813 1816 1830 ,
1835 1787 1876 1829 sic
1901 1786 1970 1832 usus
1994 1788 2035 1829 est

1185 1845 1283 1868 coram
1295 1840 1325 1868 E
1327 1837 1422 1879 cclefia
1441 1837 1585 1871 dominis
1595 1864 1602 1871 .
1964 1838 2005 1885 36
2013 1850 2032 1876 1

1139 1880 1246 1924 Caput
1258 1884 1345 1917 CCI.
1373 1886 1506 1927 Epistola
1520 1886 1666 1919 Eucherii
1680 1912 1690 1928 ‚
1717 1889 1869 1930 quondam
1882 1887 2035 1926 Thyanen-

1180 1930 1222 1972 fis
1249 1934 1389 1976 Episcopi
1398 1959 1409 1975 ,
1436 1936 1482 1967 ad
1506 1936 1716 1969 Alexandrum
1743 1940 2010 1978 Hierapolitanum
2021 1964 2035 1979 ,

1184 1989 1286 2014 contra
1293 1990 1399 2024 pacem
1415 1982 1532 2026 scripta
1555 1984 1689 2026 Ecclesiae
1702 1988 1782 2027 Dei,
1808 1998 1876 2028 quae
1890 1986 1984 2028 facia
1995 1988 2035 2027 est

1185 2034 1264 2064 inter
1276 2033 1415 2070 cyrillum
1437 2034 1472 2065 (θ’
1482 2037 1516 2076 J
1518 2045 1642 2066 oannem
1652 2034 1836 2078 Episcopum
1850 2061 1857 2067 .
1963 2039 2035 2086 362

1136 2077 1244 2123 Caput
1257 2081 1364 2115 CCII.
1394 2082 1552 2121 Presbyter
1567 2085 1758 2119 Claudianus
1769 2112 1777 2120 .
1962 2088 2032 2135 366

1136 2127 1244 2173 Caput
1256 2131 1378 2166 CCIII.
1404 2135 1529 2165 Domino
1544 2145 1608 2168 meo
1617 2135 1792 2176 Sanciiffimo
1805 2162 1815 2178 ,
1825 2139 1860 2171 ό·
1874 2140 1937 2171 Deo
1950 2143 2034 2171 Ami-

1181 2182 1280 2221 ciffimo
1304 2181 1448 2226 Epist-opo
1461 2208 1471 2224 ‚
1497 2189 1587 2219 Patri
1614 2188 1743 2219 Patrum
1754 2213 1765 2228 ,
1793 2189 1827 2222 Θ
1843 2188 2032 2232 Archi—Epi·-

1179 2229 1264 2274 scopo
1278 2235 1463 2266 Maximiano
1477 2234 1670 2275 Epiphanius
1686 2246 1756 2270 tuus
1771 2262 1778 2268 .
1958 2240 2002 2287 36
2006 2254 2029 2288 7

1133 2279 1242 2324 Caput
1254 2282 1379 2318 CCIV.
1406 2287 1532 2317 Domino
1542 2294 1605 2318 meo
1629 2287 1813 2327 Dileliiffimo
1836 2293 1969 2329 Fratri,
1995 2294 2030 2326 (⁴5

1182 2333 1386 2375 Comministro
1407 2337 1525 2376 Donato
1535 2336 1663 2373 Cyrillus
1688 2342 1721 2371 in
1733 2341 1859 2372 Domino
1873 2339 2006 2383 salutem
2021 2366 2029 2374 .

1133 2429 1241 2473 Caput
1252 2433 1365 2467 CCV.
1388 2433 1522 2474 Epistola
1544 2434 1673 2478 ejasdem
1696 2438 1740 2471 ad
1751 2442 1890 2475 Acacium
1914 2443 2027 2477 Meliti—

1182 2477 1299 2523 nensem
1324 2479 1502 2523 Episcopum
1514 2506 1522 2513 .
1956 2491 2028 2539 359

1132 2529 1241 2572 Caput
1255 2528 1382 2563 CCVI.
1407 2530 1544 2572 Epistola
1573 2535 1711 2574 quaedaem
1726 2538 1875 2579 Lamponi
1900 2541 2027 2578 Presby-

1179 2588 1242 2613 tero
1252 2581 1286 2613 &
1299 2581 1441 2613 clericis.
1952 2598 2024 2637 370

1130 2627 1239 2673 Caput
1256 2626 1396 2664 CCVII.
1423 2629 1557 2673 Epistola
1577 2631 1707 2676 ejusdem
1726 2636 1759 2678 J
1759 2642 1849 2671 oanni
1875 2638 2023 2683 Episcopo

1177 2679 1357 2714 Antiocheno
1369 2705 1376 2712 .
1952 2698 1970 2735 3
1975 2699 2022 2734 71

1129 2728 1239 2774 Caput
1254 2726 1409 2764 CCVIII.
1435 2730 1566 2773 Epistola
1578 2731 1709 2777 ejusdem
1735 2740 1875 2769 Maximo
1888 2761 1900 2776 ,
1917 2734 2023 2783 Joan-

1176 2785 1210 2814 ni
1223 2804 1235 2821 ‚
1263 2779 1403 2822 Thalaffio
1414 2806 1426 2822 ‚
1452 2782 1635 2821 Presbyteris
1662 2784 1697 2818 <tt
1724 2781 2001 2821 Archi-Mandritis
2011 2809 2020 2821 ι

1173 2829 1253 2866 Ibid.

1125 2882 1236 2925 Caput
1260 2881 1381 2917 CCIX.
1415 2885 1446 2914 E
1442 2878 1564 2925 Jusdem
1587 2884 1692 2922 cyrilli
1715 2883 1849 2927 Epistola
1878 2887 2017 2928 Aristolaa

1175 2930 1305 2966 Tribuno
1330 2935 1364 2967 (5
1385 2935 1529 2966 Notario.
1581 2939 1584 2942 ⁴
1740 2971 1743 2973 ,
1933 2938 2017 2973 Ῑῦἰάι

1125 2981 1234 3025 Caput
1250 2982 1357 3017 CCX.
1387 2987 1472 3015 Hanc
1481 2981 1617 3025 sequitur
1628 2986 1682 3019 illa
1694 3008 1704 3026 ‚
1730 2997 1821 3029 quam
1837 2990 1871 3023 ψ
1883 2992 2015 3023 Irenaeus

1167 3030 1265 3074 posuit
1276 3057 1287 3073 ‚
1312 3032 1352 3066 ab
1373 3027 1471 3066 eodem
1483 3029 1590 3072 Cyrillo
1599 3034 1645 3067 ad
1661 3035 1783 3075 Aristola
1791 3050 1837 3071 um
1846 3033 1993 3080 scriptam
2005 3058 2015 3072 ι

1173 3081 1307 3124 Epistola
1336 3081 1466 3126 eiusdem
1481 3087 1604 3128 Joannt
1617 3085 1792 3120 Antiocheno
1813 3097 1913 3121 contra
1923 3087 2018 3122 Theou

1171 3133 1302 3165 dot-etum
1316 3157 1323 3163 .
1925 3158 1928 3162 ·
1945 3148 2016 3186 372

232 3171 304 3213 dosio
329 3175 362 3206 (θ’
375 3176 580 3210 Valentiniano
599 3179 734 3223 Augustis
744 3204 755 3220 ‚
778 3182 929 3216 Helladius
945 3209 956 3225 ,
969 3182 1058 3224 cyril.
1121 3179 1231 3226 Caput
1242 3178 1366 3217 CCXI.
1383 3182 1515 3225 Epistola
1529 3182 1660 3227 ejusdem
1675 3184 1781 3229 Mosaeo
1796 3185 1941 3230 Episcopo
1952 3193 2016 3222 An*

229 3224 276 3255 lus
289 3248 299 3262 ,
326 3224 520 3263 Valentinus,
545 3229 714 3263 Minodorus
733 3254 745 3271 ,
765 3234 798 3275 J
800 3239 923 3265 atianus
943 3258 956 3275 ‚
982 3237 1058 3277 Epi-

224 3271 304 3316 scopi
312 3279 422 3315 primae
432 3274 536 3313 vestrae
553 3278 685 3312 Ciliciae.

181 3323 290 3366 Caput
313 3318 465 3357 CXCIII.
508 3328 630 3359 Domino
658 3341 718 3363 meo
744 3332 804 3365 Deo
826 3333 989 3373 Amiciffimo
1023 3338 1057 3371 (5

231 3373 403 3413 Sanclilsnmo
423 3373 567 3418 Episcopo
583 3377 713 3417 Nestorio
726 3382 884 3417 Helladius
904 3389 937 3417 in
957 3387 1055 3420 Domi-

1169 3233 1273 3266 earadt
1295 3258 1302 3264 .
1929 3231 2012 3271 Ibid.

989 3295 1056 3332 349
1120 3282 1227 3326 Caput
1241 3281 1379 3317 CCXII.
1407 3282 1541 3325 Epistola
1550 3282 1681 3327 ejusdem
1704 3290 1803 3321 acacio
1816 3287 2011 3331 Melitinensr‘.

1119 3342 1236 3428 0ιέΞέ
1239 3356 1337 3418 CCX
1340 3383 1393 3418 111.
1420 3383 1553 3428 Epistola
1567 3388 1666 3422 Aeacii
1678 3389 1938 3472 M'lmmnfisfffd
1950 3392 2004 3424 Cs-

1851 3450 1868 3471 Υ
1901 3447 1952 3470 um
