<?xml version="1.0" encoding="UTF-8"?>
<!DOCTYPE html PUBLIC "-//W3C//DTD XHTML 1.0 Transitional//EN"
    "http://www.w3.org/TR/xhtml1/DTD/xhtml1-transitional.dtd">
<html xmlns="http://www.w3.org/1999/xhtml" xml:lang="en" lang="en">
 <head>
  <title>
</title>
<meta http-equiv="Content-Type" content="text/html;charset=utf-8" />
  <meta name='ocr-system' content='tesseract 3.04.00' />
  <meta name='ocr-capabilities' content='ocr_page ocr_carea ocr_par ocr_line ocrx_word'/>
</head>
<body>
  <div class='ocr_page' id='page_1' title='image "./operaomniastudio07lupuuoft/operaomniastudio07lupuuoft_0313.png"; bbox 0 0 2320 3730; ppageno 0'>
   <div class='ocr_carea' id='block_1_1' title="bbox 612 156 1983 230">
    <p class='ocr_par' dir='ltr' id='par_1_1' title="bbox 612 156 1983 230">
     <span class='ocr_line' id='line_1_1' title="bbox 612 156 1983 230; baseline -0.005 -19"><span class='ocrx_word' id='word_1_1' title='bbox 612 168 917 218; x_wconf 30' lang='lat' dir='ltr'>Scssuotuffi</span> <span class='ocrx_word' id='word_1_2' title='bbox 960 156 1680 216; x_wconf 37' lang='lat' dir='ltr'>erNorrsrLtusr-Rirrffi.</span> <span class='ocrx_word' id='word_1_3' title='bbox 1879 168 1983 230; x_wconf 12' lang='lat'>&#39;3&#39;97</span> 
     </span>
    </p>
   </div>
   <div class='ocr_carea' id='block_1_2' title="bbox 227 244 2056 1147">
    <p class='ocr_par' dir='ltr' id='par_1_2' title="bbox 227 244 2056 1147">
     <span class='ocr_line' id='line_1_2' title="bbox 232 244 2047 302; baseline 0 -12"><span class='ocrx_word' id='word_1_4' title='bbox 232 254 329 290; x_wconf 61' lang='lat' dir='ltr'>rrialis</span> <span class='ocrx_word' id='word_1_5' title='bbox 339 253 544 292; x_wconf 80' lang='lat' dir='ltr'>Clementia,</span> <span class='ocrx_word' id='word_1_6' title='bbox 569 251 641 295; x_wconf 83' lang='lat' dir='ltr'>ipsae</span> <span class='ocrx_word' id='word_1_7' title='bbox 660 252 792 287; x_wconf 66' lang='lat' dir='ltr'>Divinas</span> <span class='ocrx_word' id='word_1_8' title='bbox 809 250 924 286; x_wconf 77' lang='lat' dir='ltr'>litterae</span> <span class='ocrx_word' id='word_1_9' title='bbox 934 246 1119 293; x_wconf 80' lang='lat' dir='ltr'>praefulgen-</span> <span class='ocrx_word' id='word_1_10' title='bbox 1177 253 1280 291; x_wconf 83' lang='lat' dir='ltr'>gant,</span> <span class='ocrx_word' id='word_1_11' title='bbox 1304 244 1569 302; x_wconf 64' lang='lat' dir='ltr'>fiDeoparverit</span> <span class='ocrx_word' id='word_1_12' title='bbox 1580 256 1618 280; x_wconf 88' lang='lat' dir='ltr'>ea</span> <span class='ocrx_word' id='word_1_13' title='bbox 1631 270 1642 286; x_wconf 94' lang='lat'>,</span> <span class='ocrx_word' id='word_1_14' title='bbox 1666 259 1735 291; x_wconf 81' lang='lat' dir='ltr'>quae</span> <span class='ocrx_word' id='word_1_15' title='bbox 1744 251 1959 297; x_wconf 78' lang='lat' dir='ltr'>apudipsum</span> <span class='ocrx_word' id='word_1_16' title='bbox 1969 253 2047 294; x_wconf 72' lang='lat' dir='ltr'>defi—</span> 
     </span>
     <span class='ocr_line' id='line_1_3' title="bbox 238 294 2051 353; baseline -0.001 -13"><span class='ocrx_word' id='word_1_17' title='bbox 238 312 383 340; x_wconf 72' lang='lat' dir='ltr'>tesruam</span> <span class='ocrx_word' id='word_1_18' title='bbox 397 301 670 348; x_wconf 80' lang='lat' dir='ltr'>Magnitudinem</span> <span class='ocrx_word' id='word_1_19' title='bbox 681 310 836 346; x_wconf 86' lang='lat' dir='ltr'>poterunt</span> <span class='ocrx_word' id='word_1_20' title='bbox 846 301 999 338; x_wconf 86' lang='lat' dir='ltr'>edocere.</span> <span class='ocrx_word' id='word_1_21' title='bbox 1018 298 1124 345; x_wconf 51' lang='lat' dir='ltr'>.Qio-¹</span> <span class='ocrx_word' id='word_1_22' title='bbox 1179 296 1250 332; x_wconf 87' lang='lat' dir='ltr'>nita</span> <span class='ocrx_word' id='word_1_23' title='bbox 1268 295 1314 331; x_wconf 86' lang='lat' dir='ltr'>est</span> <span class='ocrx_word' id='word_1_24' title='bbox 1326 319 1339 336; x_wconf 94' lang='lat'>,</span> <span class='ocrx_word' id='word_1_25' title='bbox 1362 305 1512 335; x_wconf 74' lang='lat' dir='ltr'>veritate.</span> <span class='ocrx_word' id='word_1_26' title='bbox 1538 294 1657 353; x_wconf 59' lang='lat' dir='ltr'>Motus</span> <span class='ocrx_word' id='word_1_27' title='bbox 1677 298 1776 342; x_wconf 85' lang='lat' dir='ltr'>igitur</span> <span class='ocrx_word' id='word_1_28' title='bbox 1795 303 1960 340; x_wconf 69' lang='lat' dir='ltr'>sanctitate</span> <span class='ocrx_word' id='word_1_29' title='bbox 1970 315 2051 343; x_wconf 81' lang='lat' dir='ltr'>con-</span> 
     </span>
     <span class='ocr_line' id='line_1_4' title="bbox 236 343 2051 403; baseline 0.002 -14"><span class='ocrx_word' id='word_1_30' title='bbox 236 351 339 389; x_wconf 66' lang='lat' dir='ltr'>modo</span> <span class='ocrx_word' id='word_1_31' title='bbox 364 350 441 387; x_wconf 72' lang='lat' dir='ltr'>vero</span> <span class='ocrx_word' id='word_1_32' title='bbox 469 353 504 388; x_wconf 75' lang='grc' dir='ltr'>δε</span> <span class='ocrx_word' id='word_1_33' title='bbox 523 353 542 387; x_wconf 77' lang='lat' dir='ltr'>a</span> <span class='ocrx_word' id='word_1_34' title='bbox 565 352 662 387; x_wconf 89' lang='lat' dir='ltr'>nobis</span> <span class='ocrx_word' id='word_1_35' title='bbox 682 353 784 388; x_wconf 88' lang='lat' dir='ltr'>iidem</span> <span class='ocrx_word' id='word_1_36' title='bbox 815 352 879 387; x_wconf 85' lang='lat' dir='ltr'>fint</span> <span class='ocrx_word' id='word_1_37' title='bbox 899 348 1118 386; x_wconf 77' lang='lat' dir='ltr'><strong>commoniti,</strong></span> <span class='ocrx_word' id='word_1_38' title='bbox 1154 356 1156 358; x_wconf 75' lang='grc'>’</span> <span class='ocrx_word' id='word_1_39' title='bbox 1178 357 1278 392; x_wconf 85' lang='lat' dir='ltr'>grua,</span> <span class='ocrx_word' id='word_1_40' title='bbox 1302 343 1384 382; x_wconf 88' lang='lat' dir='ltr'>dum</span> <span class='ocrx_word' id='word_1_41' title='bbox 1404 346 1615 403; x_wconf 43' lang='lat' dir='ltr'>cogno-visset·</span> <span class='ocrx_word' id='word_1_42' title='bbox 1632 345 1874 403; x_wconf 69' lang='lat' dir='ltr'>Beatitudinem</span> <span class='ocrx_word' id='word_1_43' title='bbox 1887 363 1979 390; x_wconf 88' lang='lat' dir='ltr'>tuam</span> <span class='ocrx_word' id='word_1_44' title='bbox 1993 354 2051 398; x_wconf 70' lang='lat' dir='ltr'>rJo-</span> 
     </span>
     <span class='ocr_line' id='line_1_5' title="bbox 237 393 2052 448; baseline -0.002 -9"><span class='ocrx_word' id='word_1_45' title='bbox 237 402 372 446; x_wconf 69' lang='lat' dir='ltr'>subjecta</span> <span class='ocrx_word' id='word_1_46' title='bbox 394 403 540 448; x_wconf 86' lang='lat' dir='ltr'>defignat</span> <span class='ocrx_word' id='word_1_47' title='bbox 559 427 566 435; x_wconf 93' lang='lat'>.</span> <span class='ocrx_word' id='word_1_48' title='bbox 592 402 706 441; x_wconf 76' lang='lat' dir='ltr'>Unde.</span> <span class='ocrx_word' id='word_1_49' title='bbox 718 402 905 448; x_wconf 84' lang='lat' dir='ltr'>Diligentia</span> <span class='ocrx_word' id='word_1_50' title='bbox 926 411 983 436; x_wconf 89' lang='lat' dir='ltr'>tua</span> <span class='ocrx_word' id='word_1_51' title='bbox 1002 399 1127 440; x_wconf 56' lang='lat' dir='ltr'>Prote-4</span> <span class='ocrx_word' id='word_1_52' title='bbox 1178 398 1257 431; x_wconf 85' lang='lat' dir='ltr'>anni</span> <span class='ocrx_word' id='word_1_53' title='bbox 1269 393 1486 434; x_wconf 73' lang='lat' dir='ltr'>Antiochenae</span> <span class='ocrx_word' id='word_1_54' title='bbox 1494 396 1633 436; x_wconf 73' lang='lat' dir='ltr'>civitatis</span> <span class='ocrx_word' id='word_1_55' title='bbox 1645 397 1807 442; x_wconf 82' lang='lat' dir='ltr'>Episcopo</span> <span class='ocrx_word' id='word_1_56' title='bbox 1818 411 1885 434; x_wconf 88' lang='lat' dir='ltr'>non</span> <span class='ocrx_word' id='word_1_57' title='bbox 1902 404 2004 439; x_wconf 58' lang='lat' dir='ltr'>aden}</span> <span class='ocrx_word' id='word_1_58' title='bbox 2015 406 2052 441; x_wconf 63' lang='lat' dir='ltr'>in</span> 
     </span>
     <span class='ocr_line' id='line_1_6' title="bbox 236 447 2053 498; baseline 0 -11"><span class='ocrx_word' id='word_1_59' title='bbox 236 462 331 498; x_wconf 78' lang='lat' dir='ltr'>ptum</span> <span class='ocrx_word' id='word_1_60' title='bbox 345 453 675 498; x_wconf 77' lang='lat' dir='ltr'>nostrumsuscipiens</span> <span class='ocrx_word' id='word_1_61' title='bbox 685 453 852 493; x_wconf 77' lang='lat' dir='ltr'>elaboret,</span> <span class='ocrx_word' id='word_1_62' title='bbox 879 460 916 486; x_wconf 91' lang='lat' dir='ltr'>ut</span> <span class='ocrx_word' id='word_1_63' title='bbox 937 449 1031 485; x_wconf 89' lang='lat' dir='ltr'>omni</span> <span class='ocrx_word' id='word_1_64' title='bbox 1050 457 1119 484; x_wconf 89' lang='lat' dir='ltr'>arte</span> <span class='ocrx_word' id='word_1_65' title='bbox 1179 447 1323 488; x_wconf 71' lang='lat' dir='ltr'>Sanctis,</span> <span class='ocrx_word' id='word_1_66' title='bbox 1349 458 1455 491; x_wconf 70' lang='lat' dir='ltr'>neque</span> <span class='ocrx_word' id='word_1_67' title='bbox 1476 447 1720 486; x_wconf 74' lang='lat' dir='ltr'>communicare</span> <span class='ocrx_word' id='word_1_68' title='bbox 1741 448 1777 487; x_wconf 76' lang='lat' dir='ltr'>iu</span> <span class='ocrx_word' id='word_1_69' title='bbox 1795 448 1962 492; x_wconf 85' lang='lat' dir='ltr'>Mysteriis</span> <span class='ocrx_word' id='word_1_70' title='bbox 1981 455 2053 491; x_wconf 66' lang='lat' dir='ltr'>ado„-</span> 
     </span>
     <span class='ocr_line' id='line_1_7' title="bbox 230 496 2056 549; baseline -0.004 -11"><span class='ocrx_word' id='word_1_71' title='bbox 230 504 272 538; x_wconf 69' lang='grc' dir='ltr'>ἃ,</span> <span class='ocrx_word' id='word_1_72' title='bbox 290 503 493 540; x_wconf 86' lang='lat' dir='ltr'>subtiliffima</span> <span class='ocrx_word' id='word_1_73' title='bbox 517 505 644 549; x_wconf 78' lang='lat' dir='ltr'>argutia</span> <span class='ocrx_word' id='word_1_74' title='bbox 666 503 859 548; x_wconf 87' lang='lat' dir='ltr'>perveniant</span> <span class='ocrx_word' id='word_1_75' title='bbox 880 500 923 536; x_wconf 87' lang='lat' dir='ltr'>ad</span> <span class='ocrx_word' id='word_1_76' title='bbox 943 500 1094 535; x_wconf 69' lang='lat' dir='ltr'>effectum</span> <span class='ocrx_word' id='word_1_77' title='bbox 1107 522 1118 539; x_wconf 94' lang='lat'>,</span> <span class='ocrx_word' id='word_1_78' title='bbox 1178 498 1306 539; x_wconf 87' lang='lat' dir='ltr'>randis,</span> <span class='ocrx_word' id='word_1_79' title='bbox 1332 498 1461 532; x_wconf 88' lang='lat' dir='ltr'>coeleste</span> <span class='ocrx_word' id='word_1_80' title='bbox 1472 498 1653 532; x_wconf 85' lang='lat' dir='ltr'>Decretum</span> <span class='ocrx_word' id='word_1_81' title='bbox 1671 496 1746 533; x_wconf 85' lang='lat' dir='ltr'>dare</span> <span class='ocrx_word' id='word_1_82' title='bbox 1761 498 1937 544; x_wconf 84' lang='lat' dir='ltr'>dignatur,</span> <span class='ocrx_word' id='word_1_83' title='bbox 1965 502 2056 546; x_wconf 76' lang='lat' dir='ltr'>quod</span> 
     </span>
     <span class='ocr_line' id='line_1_8' title="bbox 236 548 1130 597; baseline -0.007 -10"><span class='ocrx_word' id='word_1_84' title='bbox 236 564 309 597; x_wconf 78' lang='lat' dir='ltr'>quae</span> <span class='ocrx_word' id='word_1_85' title='bbox 326 554 510 597; x_wconf 71' lang='lat' dir='ltr'>imperialis</span> <span class='ocrx_word' id='word_1_86' title='bbox 527 553 668 589; x_wconf 83' lang='lat' dir='ltr'>decrevit</span> <span class='ocrx_word' id='word_1_87' title='bbox 691 552 903 588; x_wconf 86' lang='lat' dir='ltr'>Authoritas.</span> <span class='ocrx_word' id='word_1_88' title='bbox 931 549 1007 586; x_wconf 84' lang='lat' dir='ltr'>Nec</span> <span class='ocrx_word' id='word_1_89' title='bbox 1027 548 1130 583; x_wconf 71' lang='lat' dir='ltr'>enim?</span> 
     </span>
     <span class='ocr_line' id='line_1_9' title="bbox 236 599 1118 650; baseline -0.008 -11"><span class='ocrx_word' id='word_1_90' title='bbox 236 614 332 647; x_wconf 81' lang='lat' dir='ltr'>parva</span> <span class='ocrx_word' id='word_1_91' title='bbox 343 605 449 649; x_wconf 86' lang='lat' dir='ltr'>gloria</span> <span class='ocrx_word' id='word_1_92' title='bbox 460 614 517 639; x_wconf 90' lang='lat' dir='ltr'>tua</span> <span class='ocrx_word' id='word_1_93' title='bbox 529 603 734 650; x_wconf 83' lang='lat' dir='ltr'>Magnitudo</span> <span class='ocrx_word' id='word_1_94' title='bbox 753 604 877 638; x_wconf 87' lang='lat' dir='ltr'>fruetur</span> <span class='ocrx_word' id='word_1_95' title='bbox 887 625 899 642; x_wconf 92' lang='lat'>,</span> <span class='ocrx_word' id='word_1_96' title='bbox 924 601 949 634; x_wconf 88' lang='lat' dir='ltr'><strong>fi</strong></span> <span class='ocrx_word' id='word_1_97' title='bbox 972 599 1118 635; x_wconf 86' lang='lat' dir='ltr'>celerita-</span> 
     </span>
     <span class='ocr_line' id='line_1_10' title="bbox 234 648 1129 691; baseline -0.006 -3"><span class='ocrx_word' id='word_1_98' title='bbox 234 663 302 689; x_wconf 85' lang='lat' dir='ltr'>tem</span> <span class='ocrx_word' id='word_1_99' title='bbox 313 664 413 691; x_wconf 73' lang='lat' dir='ltr'>tantae</span> <span class='ocrx_word' id='word_1_100' title='bbox 421 656 521 690; x_wconf 68' lang='lat' dir='ltr'>causae</span> <span class='ocrx_word' id='word_1_101' title='bbox 533 656 645 690; x_wconf 83' lang='lat' dir='ltr'>afferre</span> <span class='ocrx_word' id='word_1_102' title='bbox 654 654 792 689; x_wconf 85' lang='lat' dir='ltr'>valueris</span> <span class='ocrx_word' id='word_1_103' title='bbox 802 678 810 686; x_wconf 90' lang='lat'><strong>.</strong></span> <span class='ocrx_word' id='word_1_104' title='bbox 836 651 983 687; x_wconf 82' lang='lat' dir='ltr'>Pertinet</span> <span class='ocrx_word' id='word_1_105' title='bbox 997 649 1037 685; x_wconf 90' lang='lat' dir='ltr'>ad</span> <span class='ocrx_word' id='word_1_106' title='bbox 1050 648 1129 685; x_wconf 50' lang='lat' dir='ltr'>ani-1</span> 
     </span>
     <span class='ocr_line' id='line_1_11' title="bbox 235 700 1118 749; baseline -0.006 -11"><span class='ocrx_word' id='word_1_107' title='bbox 235 715 362 739; x_wconf 83' lang='lat' dir='ltr'>marum</span> <span class='ocrx_word' id='word_1_108' title='bbox 385 706 566 744; x_wconf 83' lang='lat' dir='ltr'>nostrarum</span> <span class='ocrx_word' id='word_1_109' title='bbox 589 703 803 749; x_wconf 78' lang='lat' dir='ltr'>religionem.</span> <span class='ocrx_word' id='word_1_110' title='bbox 833 701 999 743; x_wconf 83' lang='lat' dir='ltr'>Pertinet,</span> <span class='ocrx_word' id='word_1_111' title='bbox 1026 708 1062 735; x_wconf 88' lang='lat' dir='ltr'>ut</span> <span class='ocrx_word' id='word_1_112' title='bbox 1072 700 1118 734; x_wconf 86' lang='lat' dir='ltr'>ita</span> 
     </span>
     <span class='ocr_line' id='line_1_12' title="bbox 227 749 1129 803; baseline -0.004 -15"><span class='ocrx_word' id='word_1_113' title='bbox 227 754 375 789; x_wconf 79' lang='lat' dir='ltr'>dixerim</span> <span class='ocrx_word' id='word_1_114' title='bbox 386 779 398 796; x_wconf 91' lang='lat'>,</span> <span class='ocrx_word' id='word_1_115' title='bbox 423 754 463 790; x_wconf 89' lang='lat' dir='ltr'>ad</span> <span class='ocrx_word' id='word_1_116' title='bbox 479 755 616 790; x_wconf 83' lang='lat' dir='ltr'>coelestis</span> <span class='ocrx_word' id='word_1_117' title='bbox 628 753 822 789; x_wconf 86' lang='lat' dir='ltr'>Divinitatis</span> <span class='ocrx_word' id='word_1_118' title='bbox 833 763 944 788; x_wconf 88' lang='lat' dir='ltr'>curam</span> <span class='ocrx_word' id='word_1_119' title='bbox 956 749 1129 803; x_wconf 32' lang='lat' dir='ltr'>praesentis·</span> 
     </span>
     <span class='ocr_line' id='line_1_13' title="bbox 234 803 1129 849; baseline -0.003 -11"><span class='ocrx_word' id='word_1_120' title='bbox 234 804 372 846; x_wconf 77' lang='lat' dir='ltr'>qualitas</span> <span class='ocrx_word' id='word_1_121' title='bbox 393 807 494 840; x_wconf 79' lang='lat' dir='ltr'>causae</span> <span class='ocrx_word' id='word_1_122' title='bbox 516 827 526 837; x_wconf 88' lang='lat'>.</span> <span class='ocrx_word' id='word_1_123' title='bbox 554 803 661 839; x_wconf 75' lang='lat' dir='ltr'>Unde</span> <span class='ocrx_word' id='word_1_124' title='bbox 680 804 763 839; x_wconf 88' lang='lat' dir='ltr'>dum</span> <span class='ocrx_word' id='word_1_125' title='bbox 785 809 877 838; x_wconf 82' lang='lat' dir='ltr'>tuam</span> <span class='ocrx_word' id='word_1_126' title='bbox 898 803 1129 849; x_wconf 66' lang='lat' dir='ltr'>Magnificewss</span> 
     </span>
     <span class='ocr_line' id='line_1_14' title="bbox 234 849 1129 896; baseline -0.007 -8"><span class='ocrx_word' id='word_1_127' title='bbox 234 855 316 889; x_wconf 87' lang='lat' dir='ltr'>tiam</span> <span class='ocrx_word' id='word_1_128' title='bbox 344 856 380 888; x_wconf 78' lang='grc' dir='ltr'>δε</span> <span class='ocrx_word' id='word_1_129' title='bbox 399 855 533 889; x_wconf 84' lang='lat' dir='ltr'>Divinae</span> <span class='ocrx_word' id='word_1_130' title='bbox 553 854 665 890; x_wconf 81' lang='lat' dir='ltr'>litterae</span> <span class='ocrx_word' id='word_1_131' title='bbox 688 879 701 896; x_wconf 90' lang='lat'>‚</span> <span class='ocrx_word' id='word_1_132' title='bbox 734 855 769 890; x_wconf 77' lang='grc' dir='ltr'>δε</span> <span class='ocrx_word' id='word_1_133' title='bbox 789 854 898 890; x_wconf 86' lang='lat' dir='ltr'>nostra</span> <span class='ocrx_word' id='word_1_134' title='bbox 921 849 1129 888; x_wconf 54' lang='lat' dir='ltr'>Authoritas‘</span> 
     </span>
     <span class='ocr_line' id='line_1_15' title="bbox 233 900 1119 949; baseline -0.006 -11"><span class='ocrx_word' id='word_1_135' title='bbox 233 914 430 949; x_wconf 81' lang='lat' dir='ltr'>praeparant,</span> <span class='ocrx_word' id='word_1_136' title='bbox 453 915 670 941; x_wconf 84' lang='lat' dir='ltr'>commoneat</span> <span class='ocrx_word' id='word_1_137' title='bbox 689 905 768 940; x_wconf 76' lang='lat' dir='ltr'>vero</span> <span class='ocrx_word' id='word_1_138' title='bbox 787 915 842 948; x_wconf 87' lang='lat' dir='ltr'>per</span> <span class='ocrx_word' id='word_1_139' title='bbox 861 904 933 939; x_wconf 87' lang='lat' dir='ltr'>dies</span> <span class='ocrx_word' id='word_1_140' title='bbox 955 914 995 937; x_wconf 87' lang='lat' dir='ltr'>ac</span> <span class='ocrx_word' id='word_1_141' title='bbox 1006 900 1119 935; x_wconf 68' lang='lat' dir='ltr'>noctes</span> 
     </span>
     <span class='ocr_line' id='line_1_16' title="bbox 233 952 1118 999; baseline -0.006 -11"><span class='ocrx_word' id='word_1_142' title='bbox 233 953 430 989; x_wconf 74' lang='lat' dir='ltr'>orthodoxae</span> <span class='ocrx_word' id='word_1_143' title='bbox 448 954 578 999; x_wconf 85' lang='lat' dir='ltr'>pietatis</span> <span class='ocrx_word' id='word_1_144' title='bbox 598 954 874 990; x_wconf 74' lang='lat' dir='ltr'>reverendissimus</span> <span class='ocrx_word' id='word_1_145' title='bbox 894 952 1024 993; x_wconf 86' lang='lat' dir='ltr'>cultus,</span> <span class='ocrx_word' id='word_1_146' title='bbox 1049 958 1118 984; x_wconf 87' lang='lat' dir='ltr'>tota</span> 
     </span>
     <span class='ocr_line' id='line_1_17' title="bbox 233 999 1120 1047; baseline -0.003 -10"><span class='ocrx_word' id='word_1_147' title='bbox 233 1003 358 1039; x_wconf 86' lang='lat' dir='ltr'>urbana</span> <span class='ocrx_word' id='word_1_148' title='bbox 367 1004 605 1047; x_wconf 85' lang='lat' dir='ltr'>tranquillitate</span> <span class='ocrx_word' id='word_1_149' title='bbox 614 1005 761 1043; x_wconf 82' lang='lat' dir='ltr'>servata,</span> <span class='ocrx_word' id='word_1_150' title='bbox 785 1002 907 1045; x_wconf 84' lang='lat' dir='ltr'>absque</span> <span class='ocrx_word' id='word_1_151' title='bbox 916 1001 989 1037; x_wconf 86' lang='lat' dir='ltr'>ullo</span> <span class='ocrx_word' id='word_1_152' title='bbox 1011 999 1120 1043; x_wconf 82' lang='lat' dir='ltr'>strepi·</span> 
     </span>
     <span class='ocr_line' id='line_1_18' title="bbox 231 1050 1119 1098; baseline 0 -12"><span class='ocrx_word' id='word_1_153' title='bbox 231 1061 270 1086; x_wconf 88' lang='lat' dir='ltr'>tu</span> <span class='ocrx_word' id='word_1_154' title='bbox 290 1063 328 1086; x_wconf 89' lang='lat' dir='ltr'>ac</span> <span class='ocrx_word' id='word_1_155' title='bbox 347 1052 591 1095; x_wconf 82' lang='lat' dir='ltr'>perturbatione</span> <span class='ocrx_word' id='word_1_156' title='bbox 610 1075 622 1093; x_wconf 94' lang='lat'>,</span> <span class='ocrx_word' id='word_1_157' title='bbox 647 1050 822 1088; x_wconf 73' lang='lat' dir='ltr'>Divinitus</span> <span class='ocrx_word' id='word_1_158' title='bbox 841 1052 1008 1098; x_wconf 86' lang='lat' dir='ltr'>imperatis</span> <span class='ocrx_word' id='word_1_159' title='bbox 1030 1061 1119 1087; x_wconf 88' lang='lat' dir='ltr'>com·</span> 
     </span>
     <span class='ocr_line' id='line_1_19' title="bbox 230 1100 743 1147; baseline 0 -11"><span class='ocrx_word' id='word_1_160' title='bbox 230 1105 345 1147; x_wconf 70' lang='lat' dir='ltr'>petens</span> <span class='ocrx_word' id='word_1_161' title='bbox 365 1100 516 1147; x_wconf 76' lang='lat' dir='ltr'>praebebis</span> <span class='ocrx_word' id='word_1_162' title='bbox 529 1101 723 1147; x_wconf 81' lang='lat' dir='ltr'>obsequium</span> <span class='ocrx_word' id='word_1_163' title='bbox 734 1126 743 1136; x_wconf 87' lang='lat'><strong>.</strong></span> 
     </span>
    </p>
   </div>
   <div class='ocr_carea' id='block_1_3' title="bbox 1094 372 1148 3503">
    <p class='ocr_par' dir='ltr' id='par_1_3' title="bbox 1094 372 1148 3503">
     <span class='ocr_line' id='line_1_20' title="bbox 1130 372 1145 578; baseline 0 0"><span class='ocrx_word' id='word_1_164' title='bbox 1130 372 1145 578; x_wconf 95' lang='lat' dir='ltr'>    </span> 
     </span>
     <span class='ocr_line' id='line_1_21' title="bbox 1128 621 1144 675; baseline 0 3055"><span class='ocrx_word' id='word_1_165' title='bbox 1128 621 1144 675; x_wconf 95' lang='lat' dir='ltr'> </span> 
     </span>
     <span class='ocr_line' id='line_1_22' title="bbox 1128 675 1145 826; baseline 0 0"><span class='ocrx_word' id='word_1_166' title='bbox 1128 675 1145 826; x_wconf 95' lang='lat' dir='ltr'>    </span> 
     </span>
     <span class='ocr_line' id='line_1_23' title="bbox 1129 826 1146 1122; baseline 0 0"><span class='ocrx_word' id='word_1_167' title='bbox 1129 826 1146 1122; x_wconf 95' lang='lat' dir='ltr'>     </span> 
     </span>
     <span class='ocr_line' id='line_1_24' title="bbox 1129 1122 1146 1519; baseline 0 -51"><span class='ocrx_word' id='word_1_168' title='bbox 1129 1122 1146 1519; x_wconf 95' lang='lat' dir='ltr'>   </span> 
     </span>
     <span class='ocr_line' id='line_1_25' title="bbox 1131 1519 1148 1667; baseline 0 -140"><span class='ocrx_word' id='word_1_169' title='bbox 1131 1519 1148 1667; x_wconf 95' lang='lat' dir='ltr'>   </span> 
     </span>
     <span class='ocr_line' id='line_1_26' title="bbox 1128 1667 1144 1918; baseline 0 -49"><span class='ocrx_word' id='word_1_170' title='bbox 1128 1667 1144 1918; x_wconf 95' lang='lat' dir='ltr'>     </span> 
     </span>
     <span class='ocr_line' id='line_1_27' title="bbox 1122 1918 1142 2120; baseline 0 0"><span class='ocrx_word' id='word_1_171' title='bbox 1122 1918 1142 2120; x_wconf 95' lang='lat' dir='ltr'>    </span> 
     </span>
     <span class='ocr_line' id='line_1_28' title="bbox 1116 2439 1136 2788; baseline 0 0"><span class='ocrx_word' id='word_1_172' title='bbox 1116 2439 1136 2788; x_wconf 95' lang='lat' dir='ltr'>    </span> 
     </span>
     <span class='ocr_line' id='line_1_29' title="bbox 1114 2788 1132 2861; baseline 0 869"><span class='ocrx_word' id='word_1_173' title='bbox 1114 2788 1132 2861; x_wconf 95' lang='lat' dir='ltr'> </span> 
     </span>
     <span class='ocr_line' id='line_1_30' title="bbox 1110 2861 1132 2931; baseline 0 799"><span class='ocrx_word' id='word_1_174' title='bbox 1110 2861 1132 2931; x_wconf 95' lang='lat' dir='ltr'> </span> 
     </span>
     <span class='ocr_line' id='line_1_31' title="bbox 1107 2931 1132 3206; baseline -0.2 -88"><span class='ocrx_word' id='word_1_175' title='bbox 1107 2931 1132 3206; x_wconf 95' lang='lat' dir='ltr'>    </span> 
     </span>
     <span class='ocr_line' id='line_1_32' title="bbox 1106 3206 1126 3265; baseline 0 -4"><span class='ocrx_word' id='word_1_176' title='bbox 1106 3206 1126 3265; x_wconf 95' lang='lat' dir='ltr'>  </span> 
     </span>
     <span class='ocr_line' id='line_1_33' title="bbox 1094 3265 1125 3503; baseline 0 0"><span class='ocrx_word' id='word_1_177' title='bbox 1094 3265 1125 3503; x_wconf 95' lang='lat' dir='ltr'>   </span> 
     </span>
    </p>
   </div>
   <div class='ocr_carea' id='block_1_4' title="bbox 1157 547 2070 1244">
    <p class='ocr_par' dir='ltr' id='par_1_4' title="bbox 1157 547 2070 1244">
     <span class='ocr_line' id='line_1_34' title="bbox 1179 547 2056 594; baseline 0.006 -13"><span class='ocrx_word' id='word_1_178' title='bbox 1179 547 1213 581; x_wconf 87' lang='lat' dir='ltr'>in</span> <span class='ocrx_word' id='word_1_179' title='bbox 1225 547 1295 589; x_wconf 89' lang='lat' dir='ltr'>his,</span> <span class='ocrx_word' id='word_1_180' title='bbox 1322 559 1393 592; x_wconf 84' lang='lat' dir='ltr'>quae</span> <span class='ocrx_word' id='word_1_181' title='bbox 1403 550 1477 590; x_wconf 84' lang='lat' dir='ltr'>sunt</span> <span class='ocrx_word' id='word_1_182' title='bbox 1489 549 1620 592; x_wconf 89' lang='lat' dir='ltr'>priora,</span> <span class='ocrx_word' id='word_1_183' title='bbox 1640 548 1827 594; x_wconf 86' lang='lat' dir='ltr'>praefulget,</span> <span class='ocrx_word' id='word_1_184' title='bbox 1855 559 1892 585; x_wconf 92' lang='lat' dir='ltr'>ut</span> <span class='ocrx_word' id='word_1_185' title='bbox 1902 558 1957 585; x_wconf 92' lang='lat' dir='ltr'>aut</span> <span class='ocrx_word' id='word_1_186' title='bbox 1968 561 2056 586; x_wconf 91' lang='lat' dir='ltr'>com-</span> 
     </span>
     <span class='ocr_line' id='line_1_35' title="bbox 1179 598 2060 643; baseline 0.001 -11"><span class='ocrx_word' id='word_1_187' title='bbox 1179 598 1326 632; x_wconf 78' lang='lat' dir='ltr'>manices</span> <span class='ocrx_word' id='word_1_188' title='bbox 1346 600 1494 641; x_wconf 85' lang='lat' dir='ltr'>praefato,</span> <span class='ocrx_word' id='word_1_189' title='bbox 1520 609 1557 634; x_wconf 87' lang='lat' dir='ltr'>ac</span> <span class='ocrx_word' id='word_1_190' title='bbox 1568 598 1701 641; x_wconf 84' lang='lat' dir='ltr'>reliquis</span> <span class='ocrx_word' id='word_1_191' title='bbox 1713 600 1860 643; x_wconf 79' lang='lat' dir='ltr'>quicum</span> <span class='ocrx_word' id='word_1_192' title='bbox 1872 611 1914 635; x_wconf 93' lang='lat' dir='ltr'>eo</span> <span class='ocrx_word' id='word_1_193' title='bbox 1925 601 2060 634; x_wconf 86' lang='lat' dir='ltr'>consen-</span> 
     </span>
     <span class='ocr_line' id='line_1_36' title="bbox 1179 645 2062 690; baseline 0.003 -10"><span class='ocrx_word' id='word_1_194' title='bbox 1179 647 1266 682; x_wconf 90' lang='lat' dir='ltr'>tiunt</span> <span class='ocrx_word' id='word_1_195' title='bbox 1278 648 1312 682; x_wconf 91' lang='lat' dir='ltr'>in</span> <span class='ocrx_word' id='word_1_196' title='bbox 1325 648 1464 682; x_wconf 84' lang='lat' dir='ltr'>coelestis</span> <span class='ocrx_word' id='word_1_197' title='bbox 1477 645 1673 685; x_wconf 75' lang='lat' dir='ltr'>Divinitatis</span> <span class='ocrx_word' id='word_1_198' title='bbox 1683 649 1773 684; x_wconf 88' lang='lat' dir='ltr'>cultu</span> <span class='ocrx_word' id='word_1_199' title='bbox 1786 673 1797 690; x_wconf 89' lang='lat'>,</span> <span class='ocrx_word' id='word_1_200' title='bbox 1824 658 1881 684; x_wconf 90' lang='lat' dir='ltr'>aut</span> <span class='ocrx_word' id='word_1_201' title='bbox 1892 649 2022 685; x_wconf 77' lang='lat' dir='ltr'>recedas</span> <span class='ocrx_word' id='word_1_202' title='bbox 2042 650 2062 683; x_wconf 68' lang='grc' dir='ltr'>ὲ</span> 
     </span>
     <span class='ocr_line' id='line_1_37' title="bbox 1179 697 2064 745; baseline 0.005 -14"><span class='ocrx_word' id='word_1_203' title='bbox 1179 697 1314 733; x_wconf 87' lang='lat' dir='ltr'>civitate</span> <span class='ocrx_word' id='word_1_204' title='bbox 1332 697 1366 731; x_wconf 70' lang='grc' dir='ltr'>ὃς</span> <span class='ocrx_word' id='word_1_205' title='bbox 1378 699 1482 732; x_wconf 62' lang='lat' dir='ltr'>sancta</span> <span class='ocrx_word' id='word_1_206' title='bbox 1496 698 1634 733; x_wconf 79' lang='lat' dir='ltr'>Ecclesia</span> <span class='ocrx_word' id='word_1_207' title='bbox 1644 723 1656 741; x_wconf 93' lang='lat'>,</span> <span class='ocrx_word' id='word_1_208' title='bbox 1682 700 1735 735; x_wconf 91' lang='lat' dir='ltr'>cui</span> <span class='ocrx_word' id='word_1_209' title='bbox 1749 700 1874 743; x_wconf 79' lang='lat' dir='ltr'>praeeffe</span> <span class='ocrx_word' id='word_1_210' title='bbox 1889 700 2064 745; x_wconf 87' lang='lat' dir='ltr'>dignosce-</span> 
     </span>
     <span class='ocr_line' id='line_1_38' title="bbox 1178 747 2063 794; baseline 0.007 -14"><span class='ocrx_word' id='word_1_211' title='bbox 1178 747 1239 782; x_wconf 89' lang='lat' dir='ltr'>ris.</span> <span class='ocrx_word' id='word_1_212' title='bbox 1267 748 1370 793; x_wconf 80' lang='lat' dir='ltr'>Igitur</span> <span class='ocrx_word' id='word_1_213' title='bbox 1382 748 1516 782; x_wconf 88' lang='lat' dir='ltr'>Divinis</span> <span class='ocrx_word' id='word_1_214' title='bbox 1526 749 1644 783; x_wconf 89' lang='lat' dir='ltr'>litteris</span> <span class='ocrx_word' id='word_1_215' title='bbox 1664 749 1863 794; x_wconf 68' lang='lat' dir='ltr'>peruastatis</span> <span class='ocrx_word' id='word_1_216' title='bbox 1876 769 1888 791; x_wconf 88' lang='lat'>·,</span> <span class='ocrx_word' id='word_1_217' title='bbox 1913 761 2019 786; x_wconf 85' lang='lat' dir='ltr'>unum</span> <span class='ocrx_word' id='word_1_218' title='bbox 2042 750 2063 786; x_wconf 74' lang='grc' dir='ltr'>ὁ</span> 
     </span>
     <span class='ocr_line' id='line_1_39' title="bbox 1179 795 2061 842; baseline 0.007 -12"><span class='ocrx_word' id='word_1_219' title='bbox 1179 795 1309 831; x_wconf 87' lang='lat' dir='ltr'>duobus</span> <span class='ocrx_word' id='word_1_220' title='bbox 1327 796 1442 833; x_wconf 79' lang='lat' dir='ltr'>faeles.</span> <span class='ocrx_word' id='word_1_221' title='bbox 1472 798 1608 833; x_wconf 73' lang='lat' dir='ltr'>Necesse</span> <span class='ocrx_word' id='word_1_222' title='bbox 1631 799 1677 834; x_wconf 88' lang='lat' dir='ltr'>est</span> <span class='ocrx_word' id='word_1_223' title='bbox 1687 799 1802 842; x_wconf 87' lang='lat' dir='ltr'>enim,</span> <span class='ocrx_word' id='word_1_224' title='bbox 1828 809 1866 835; x_wconf 91' lang='lat' dir='ltr'>ut</span> <span class='ocrx_word' id='word_1_225' title='bbox 1894 809 1952 835; x_wconf 90' lang='lat' dir='ltr'>aut</span> <span class='ocrx_word' id='word_1_226' title='bbox 1964 810 2061 836; x_wconf 87' lang='lat' dir='ltr'>com·-</span> 
     </span>
     <span class='ocr_line' id='line_1_40' title="bbox 1181 846 2062 892; baseline 0.005 -12"><span class='ocrx_word' id='word_1_227' title='bbox 1181 846 1323 883; x_wconf 87' lang='lat' dir='ltr'>munices</span> <span class='ocrx_word' id='word_1_228' title='bbox 1336 847 1456 891; x_wconf 82' lang='lat' dir='ltr'>Ioanni</span> <span class='ocrx_word' id='word_1_229' title='bbox 1467 847 1633 892; x_wconf 84' lang='lat' dir='ltr'>Episcopo</span> <span class='ocrx_word' id='word_1_230' title='bbox 1645 849 1813 885; x_wconf 68' lang='lat' dir='ltr'>catholica:</span> <span class='ocrx_word' id='word_1_231' title='bbox 1827 850 1977 887; x_wconf 74' lang='lat' dir='ltr'>Ecclefiae</span> <span class='ocrx_word' id='word_1_232' title='bbox 1987 874 1999 891; x_wconf 95' lang='lat'>,</span> <span class='ocrx_word' id='word_1_233' title='bbox 2024 857 2062 884; x_wconf 85' lang='lat' dir='ltr'>ut</span> 
     </span>
     <span class='ocr_line' id='line_1_41' title="bbox 1178 896 2067 946; baseline 0.003 -15"><span class='ocrx_word' id='word_1_234' title='bbox 1178 896 1294 932; x_wconf 89' lang='lat' dir='ltr'>ablatis</span> <span class='ocrx_word' id='word_1_235' title='bbox 1306 897 1574 934; x_wconf 86' lang='lat' dir='ltr'>contentionibus</span> <span class='ocrx_word' id='word_1_236' title='bbox 1584 899 1688 934; x_wconf 64' lang='lat' dir='ltr'>sancia</span> <span class='ocrx_word' id='word_1_237' title='bbox 1700 899 1843 937; x_wconf 81' lang='lat' dir='ltr'>Ecclesia</span> <span class='ocrx_word' id='word_1_238' title='bbox 1853 900 1964 946; x_wconf 89' lang='lat' dir='ltr'>quiete</span> <span class='ocrx_word' id='word_1_239' title='bbox 1981 901 2067 935; x_wconf 88' lang='lat' dir='ltr'>frua·</span> 
     </span>
     <span class='ocr_line' id='line_1_42' title="bbox 1179 948 2067 993; baseline 0.003 -11"><span class='ocrx_word' id='word_1_240' title='bbox 1179 957 1232 982; x_wconf 87' lang='lat' dir='ltr'>tur</span> <span class='ocrx_word' id='word_1_241' title='bbox 1253 958 1292 982; x_wconf 89' lang='lat' dir='ltr'>ac</span> <span class='ocrx_word' id='word_1_242' title='bbox 1314 959 1414 991; x_wconf 83' lang='lat' dir='ltr'>pace,</span> <span class='ocrx_word' id='word_1_243' title='bbox 1440 958 1539 991; x_wconf 87' lang='lat' dir='ltr'>quam</span> <span class='ocrx_word' id='word_1_244' title='bbox 1550 948 1695 993; x_wconf 84' lang='lat' dir='ltr'>peperit,</span> <span class='ocrx_word' id='word_1_245' title='bbox 1721 959 1777 985; x_wconf 87' lang='lat' dir='ltr'>aut</span> <span class='ocrx_word' id='word_1_246' title='bbox 1788 951 1992 987; x_wconf 86' lang='lat' dir='ltr'>contendens</span> <span class='ocrx_word' id='word_1_247' title='bbox 2003 951 2067 985; x_wconf 85' lang='lat' dir='ltr'>for-</span> 
     </span>
     <span class='ocr_line' id='line_1_43' title="bbox 1179 996 2069 1043; baseline 0.002 -10"><span class='ocrx_word' id='word_1_248' title='bbox 1179 1008 1268 1033; x_wconf 89' lang='lat' dir='ltr'>mam</span> <span class='ocrx_word' id='word_1_249' title='bbox 1277 997 1453 1032; x_wconf 73' lang='lat' dir='ltr'>Divinitns</span> <span class='ocrx_word' id='word_1_250' title='bbox 1465 996 1575 1032; x_wconf 89' lang='lat' dir='ltr'>datam</span> <span class='ocrx_word' id='word_1_251' title='bbox 1589 998 1693 1034; x_wconf 87' lang='lat' dir='ltr'>subire</span> <span class='ocrx_word' id='word_1_252' title='bbox 1706 999 1833 1043; x_wconf 87' lang='lat' dir='ltr'>cogaris</span> <span class='ocrx_word' id='word_1_253' title='bbox 1845 1024 1853 1033; x_wconf 88' lang='lat'><strong>.</strong></span> <span class='ocrx_word' id='word_1_254' title='bbox 1879 1000 2069 1036; x_wconf 77' lang='lat' dir='ltr'>Privaberis</span> 
     </span>
     <span class='ocr_line' id='line_1_44' title="bbox 1180 1046 2066 1091; baseline 0.002 -8"><span class='ocrx_word' id='word_1_255' title='bbox 1180 1049 1271 1083; x_wconf 87' lang='lat' dir='ltr'>enim</span> <span class='ocrx_word' id='word_1_256' title='bbox 1288 1047 1368 1083; x_wconf 87' lang='lat' dir='ltr'>urbe</span> <span class='ocrx_word' id='word_1_257' title='bbox 1390 1072 1403 1089; x_wconf 84' lang='lat'>,</span> <span class='ocrx_word' id='word_1_258' title='bbox 1431 1046 1607 1091; x_wconf 80' lang='lat' dir='ltr'>privaberis</span> <span class='ocrx_word' id='word_1_259' title='bbox 1627 1048 1663 1083; x_wconf 70' lang='grc' dir='ltr'>ὃς</span> <span class='ocrx_word' id='word_1_260' title='bbox 1684 1047 1828 1084; x_wconf 81' lang='lat' dir='ltr'>Ecclefia</span> <span class='ocrx_word' id='word_1_261' title='bbox 1852 1073 1864 1089; x_wconf 95' lang='lat'>,</span> <span class='ocrx_word' id='word_1_262' title='bbox 1889 1050 1912 1084; x_wconf 82' lang='lat' dir='ltr'>fi</span> <span class='ocrx_word' id='word_1_263' title='bbox 1933 1050 2066 1086; x_wconf 84' lang='lat' dir='ltr'>meliori</span> 
     </span>
     <span class='ocr_line' id='line_1_45' title="bbox 1182 1096 2069 1142; baseline 0.002 -10"><span class='ocrx_word' id='word_1_264' title='bbox 1182 1097 1266 1133; x_wconf 71' lang='lat' dir='ltr'>forte</span> <span class='ocrx_word' id='word_1_265' title='bbox 1275 1097 1411 1133; x_wconf 86' lang='lat' dir='ltr'>obedire</span> <span class='ocrx_word' id='word_1_266' title='bbox 1429 1098 1464 1133; x_wconf 70' lang='grc' dir='ltr'>ὅ(</span> <span class='ocrx_word' id='word_1_267' title='bbox 1475 1097 1626 1132; x_wconf 75' lang='lat' dir='ltr'>assentire</span> <span class='ocrx_word' id='word_1_268' title='bbox 1637 1096 1799 1132; x_wconf 89' lang='lat' dir='ltr'>nolueris.</span> <span class='ocrx_word' id='word_1_269' title='bbox 1826 1098 1875 1131; x_wconf 84' lang='lat' dir='ltr'>Sit</span> <span class='ocrx_word' id='word_1_270' title='bbox 1887 1099 1987 1142; x_wconf 82' lang='lat' dir='ltr'>igitur</span> <span class='ocrx_word' id='word_1_271' title='bbox 2013 1099 2069 1135; x_wconf 85' lang='lat' dir='ltr'>de-</span> 
     </span>
     <span class='ocr_line' id='line_1_46' title="bbox 1157 1146 2070 1188; baseline -0.001 -5"><span class='ocrx_word' id='word_1_272' title='bbox 1157 1180 1159 1183; x_wconf 20' lang='lat'>,</span> <span class='ocrx_word' id='word_1_273' title='bbox 1182 1147 1385 1183; x_wconf 86' lang='lat' dir='ltr'>liberationis</span> <span class='ocrx_word' id='word_1_274' title='bbox 1395 1156 1476 1188; x_wconf 79' lang='lat' dir='ltr'>tuae,</span> <span class='ocrx_word' id='word_1_275' title='bbox 1503 1156 1540 1181; x_wconf 88' lang='lat' dir='ltr'>ut</span> <span class='ocrx_word' id='word_1_276' title='bbox 1550 1146 1677 1182; x_wconf 86' lang='lat' dir='ltr'>Divina</span> <span class='ocrx_word' id='word_1_277' title='bbox 1697 1147 1731 1181; x_wconf 88' lang='lat'>&amp;</span> <span class='ocrx_word' id='word_1_278' title='bbox 1746 1146 1928 1183; x_wconf 81' lang='lat' dir='ltr'>adorabilia</span> <span class='ocrx_word' id='word_1_279' title='bbox 1949 1147 2070 1182; x_wconf 77' lang='lat' dir='ltr'>Praece-</span> 
     </span>
     <span class='ocr_line' id='line_1_47' title="bbox 1184 1195 2070 1244; baseline 0.003 -12"><span class='ocrx_word' id='word_1_280' title='bbox 1184 1207 1238 1243; x_wconf 83' lang='lat' dir='ltr'>pta</span> <span class='ocrx_word' id='word_1_281' title='bbox 1256 1198 1413 1244; x_wconf 78' lang='lat' dir='ltr'>recipias,</span> <span class='ocrx_word' id='word_1_282' title='bbox 1437 1197 1460 1232; x_wconf 83' lang='lat' dir='ltr'><strong>fi</strong></span> <span class='ocrx_word' id='word_1_283' title='bbox 1480 1196 1562 1232; x_wconf 86' lang='lat' dir='ltr'>iram</span> <span class='ocrx_word' id='word_1_284' title='bbox 1581 1195 1805 1243; x_wconf 82' lang='lat' dir='ltr'>Principalem</span> <span class='ocrx_word' id='word_1_285' title='bbox 1816 1196 1983 1236; x_wconf 84' lang='lat' dir='ltr'>declinare</span> <span class='ocrx_word' id='word_1_286' title='bbox 1992 1196 2070 1235; x_wconf 76' lang='lat' dir='ltr'>defi·</span> 
     </span>
    </p>
   </div>
   <div class='ocr_carea' id='block_1_5' title="bbox 432 1249 1291 1301">
    <p class='ocr_par' dir='ltr' id='par_1_5' title="bbox 432 1249 1291 1301">
     <span class='ocr_line' id='line_1_48' title="bbox 432 1249 1291 1301; baseline -0.001 0"><span class='ocrx_word' id='word_1_287' title='bbox 432 1256 927 1301; x_wconf 67' lang='lat' dir='ltr'>Senotrou.</span> <span class='ocrx_word' id='word_1_288' title='bbox 1184 1249 1291 1285; x_wconf 80' lang='lat' dir='ltr'>deras.</span> 
     </span>
    </p>
   </div>
   <div class='ocr_carea' id='block_1_6' title="bbox 225 1399 1123 2134">
    <p class='ocr_par' dir='ltr' id='par_1_6' title="bbox 225 1399 1123 2134">
     <span class='ocr_line' id='line_1_49' title="bbox 285 1399 1122 1445; baseline 0.001 -10"><span class='ocrx_word' id='word_1_289' title='bbox 285 1400 289 1403; x_wconf 70' lang='grc'><em>’</em></span> <span class='ocrx_word' id='word_1_290' title='bbox 341 1400 446 1435; x_wconf 81' lang='lat' dir='ltr'>Ocest</span> <span class='ocrx_word' id='word_1_291' title='bbox 454 1399 657 1436; x_wconf 86' lang='lat' dir='ltr'>Mandatum</span> <span class='ocrx_word' id='word_1_292' title='bbox 666 1401 893 1437; x_wconf 86' lang='lat' dir='ltr'>executorium</span> <span class='ocrx_word' id='word_1_293' title='bbox 903 1401 1022 1442; x_wconf 80' lang='lat' dir='ltr'>Sacrae,</span> <span class='ocrx_word' id='word_1_294' title='bbox 1032 1400 1122 1445; x_wconf 78' lang='lat' dir='ltr'>eujus</span> 
     </span>
     <span class='ocr_line' id='line_1_50' title="bbox 365 1449 1122 1496; baseline 0.004 -12"><span class='ocrx_word' id='word_1_295' title='bbox 365 1449 457 1494; x_wconf 64' lang='lat' dir='ltr'>supra</span> <span class='ocrx_word' id='word_1_296' title='bbox 466 1449 651 1485; x_wconf 86' lang='lat' dir='ltr'>audivimus</span> <span class='ocrx_word' id='word_1_297' title='bbox 659 1452 835 1487; x_wconf 81' lang='lat' dir='ltr'>exordium</span> <span class='ocrx_word' id='word_1_298' title='bbox 846 1451 887 1486; x_wconf 86' lang='lat' dir='ltr'>ad</span> <span class='ocrx_word' id='word_1_299' title='bbox 897 1450 1006 1496; x_wconf 86' lang='lat' dir='ltr'>Caput</span> <span class='ocrx_word' id='word_1_300' title='bbox 1016 1462 1122 1487; x_wconf 85' lang='lat' dir='ltr'>cente-</span> 
     </span>
     <span class='ocr_line' id='line_1_51' title="bbox 229 1500 1123 1546; baseline 0.002 -12"><span class='ocrx_word' id='word_1_301' title='bbox 229 1501 345 1535; x_wconf 85' lang='lat' dir='ltr'>fimum</span> <span class='ocrx_word' id='word_1_302' title='bbox 356 1500 636 1546; x_wconf 82' lang='lat' dir='ltr'>quadragesimum</span> <span class='ocrx_word' id='word_1_303' title='bbox 644 1527 651 1535; x_wconf 85' lang='lat'><strong><em>.</em></strong></span> <span class='ocrx_word' id='word_1_304' title='bbox 667 1502 711 1536; x_wconf 88' lang='lat' dir='ltr'>Et</span> <span class='ocrx_word' id='word_1_305' title='bbox 721 1500 923 1537; x_wconf 89' lang='lat' dir='ltr'>demonstrat</span> <span class='ocrx_word' id='word_1_306' title='bbox 933 1502 1036 1546; x_wconf 84' lang='lat' dir='ltr'>ipsam</span> <span class='ocrx_word' id='word_1_307' title='bbox 1049 1502 1123 1537; x_wconf 84' lang='lat' dir='ltr'>fuis-</span> 
     </span>
     <span class='ocr_line' id='line_1_52' title="bbox 228 1550 1120 1596; baseline 0.001 -12"><span class='ocrx_word' id='word_1_308' title='bbox 228 1551 262 1585; x_wconf 80' lang='lat' dir='ltr'>se</span> <span class='ocrx_word' id='word_1_309' title='bbox 270 1550 467 1595; x_wconf 77' lang='lat' dir='ltr'>fingularem</span> <span class='ocrx_word' id='word_1_310' title='bbox 489 1551 524 1585; x_wconf 72' lang='grc' dir='ltr'>ἀ</span> <span class='ocrx_word' id='word_1_311' title='bbox 534 1562 657 1585; x_wconf 89' lang='lat' dir='ltr'>novam</span> <span class='ocrx_word' id='word_1_312' title='bbox 666 1562 783 1585; x_wconf 87' lang='lat' dir='ltr'>contra</span> <span class='ocrx_word' id='word_1_313' title='bbox 802 1551 881 1584; x_wconf 85' lang='lat' dir='ltr'>istos</span> <span class='ocrx_word' id='word_1_314' title='bbox 890 1560 1030 1593; x_wconf 89' lang='lat' dir='ltr'>quatuor</span> <span class='ocrx_word' id='word_1_315' title='bbox 1042 1552 1120 1596; x_wconf 87' lang='lat' dir='ltr'>Epi-</span> 
     </span>
     <span class='ocr_line' id='line_1_53' title="bbox 226 1598 1121 1644; baseline 0.003 -11"><span class='ocrx_word' id='word_1_316' title='bbox 226 1600 367 1642; x_wconf 81' lang='lat' dir='ltr'>scopos.</span> <span class='ocrx_word' id='word_1_317' title='bbox 393 1599 462 1633; x_wconf 85' lang='lat' dir='ltr'>Eos</span> <span class='ocrx_word' id='word_1_318' title='bbox 479 1599 612 1642; x_wconf 83' lang='lat' dir='ltr'>jubebat</span> <span class='ocrx_word' id='word_1_319' title='bbox 632 1599 750 1644; x_wconf 87' lang='lat' dir='ltr'>expelli</span> <span class='ocrx_word' id='word_1_320' title='bbox 770 1598 790 1633; x_wconf 76' lang='grc' dir='ltr'>ὲ</span> <span class='ocrx_word' id='word_1_321' title='bbox 811 1599 875 1634; x_wconf 88' lang='lat' dir='ltr'>suis</span> <span class='ocrx_word' id='word_1_322' title='bbox 884 1600 1037 1634; x_wconf 83' lang='lat' dir='ltr'>Ecclesiis</span> <span class='ocrx_word' id='word_1_323' title='bbox 1051 1624 1062 1640; x_wconf 94' lang='lat'>‚</span> <span class='ocrx_word' id='word_1_324' title='bbox 1086 1602 1121 1636; x_wconf 82' lang='lat'>&amp;</span> 
     </span>
     <span class='ocr_line' id='line_1_54' title="bbox 227 1646 1120 1693; baseline 0.003 -11"><span class='ocrx_word' id='word_1_325' title='bbox 227 1646 282 1683; x_wconf 81' lang='lat' dir='ltr'>his</span> <span class='ocrx_word' id='word_1_326' title='bbox 292 1646 359 1682; x_wconf 87' lang='lat' dir='ltr'>dari</span> <span class='ocrx_word' id='word_1_327' title='bbox 371 1660 477 1683; x_wconf 88' lang='lat' dir='ltr'>novos</span> <span class='ocrx_word' id='word_1_328' title='bbox 488 1648 668 1693; x_wconf 85' lang='lat' dir='ltr'>Episcopos</span> <span class='ocrx_word' id='word_1_329' title='bbox 681 1674 689 1682; x_wconf 90' lang='lat'><strong><em>.</em></strong></span> <span class='ocrx_word' id='word_1_330' title='bbox 705 1650 758 1684; x_wconf 83' lang='lat' dir='ltr'>Ex</span> <span class='ocrx_word' id='word_1_331' title='bbox 775 1661 843 1693; x_wconf 89' lang='lat' dir='ltr'>quo</span> <span class='ocrx_word' id='word_1_332' title='bbox 856 1649 1011 1685; x_wconf 88' lang='lat' dir='ltr'>discimus</span> <span class='ocrx_word' id='word_1_333' title='bbox 1021 1650 1120 1686; x_wconf 91' lang='lat' dir='ltr'>Com-</span> 
     </span>
     <span class='ocr_line' id='line_1_55' title="bbox 227 1699 1121 1743; baseline 0.006 -11"><span class='ocrx_word' id='word_1_334' title='bbox 227 1699 446 1733; x_wconf 84' lang='lat' dir='ltr'>monitorium</span> <span class='ocrx_word' id='word_1_335' title='bbox 458 1722 469 1739; x_wconf 91' lang='lat'>,</span> <span class='ocrx_word' id='word_1_336' title='bbox 494 1710 563 1743; x_wconf 87' lang='lat' dir='ltr'>quo</span> <span class='ocrx_word' id='word_1_337' title='bbox 585 1700 765 1743; x_wconf 83' lang='lat' dir='ltr'>Imperator</span> <span class='ocrx_word' id='word_1_338' title='bbox 783 1699 992 1735; x_wconf 78' lang='lat' dir='ltr'>Theodofius</span> <span class='ocrx_word' id='word_1_339' title='bbox 1006 1700 1121 1737; x_wconf 86' lang='lat' dir='ltr'>Theo·</span> 
     </span>
     <span class='ocr_line' id='line_1_56' title="bbox 225 1747 1119 1796; baseline 0.003 -13"><span class='ocrx_word' id='word_1_340' title='bbox 225 1749 378 1784; x_wconf 85' lang='lat' dir='ltr'>doretum</span> <span class='ocrx_word' id='word_1_341' title='bbox 404 1747 579 1792; x_wconf 89' lang='lat' dir='ltr'>postmodo</span> <span class='ocrx_word' id='word_1_342' title='bbox 612 1749 729 1795; x_wconf 82' lang='lat' dir='ltr'>ligavit</span> <span class='ocrx_word' id='word_1_343' title='bbox 749 1749 995 1796; x_wconf 85' lang='lat' dir='ltr'>circumscripto</span> <span class='ocrx_word' id='word_1_344' title='bbox 1034 1751 1119 1786; x_wconf 88' lang='lat' dir='ltr'>intra</span> 
     </span>
     <span class='ocr_line' id='line_1_57' title="bbox 227 1797 1118 1845; baseline 0.003 -12"><span class='ocrx_word' id='word_1_345' title='bbox 227 1799 410 1842; x_wconf 85' lang='lat' dir='ltr'>Cyrensem</span> <span class='ocrx_word' id='word_1_346' title='bbox 434 1797 614 1834; x_wconf 87' lang='lat' dir='ltr'>Civitatem</span> <span class='ocrx_word' id='word_1_347' title='bbox 634 1799 738 1834; x_wconf 82' lang='lat' dir='ltr'>exilio</span> <span class='ocrx_word' id='word_1_348' title='bbox 747 1825 758 1842; x_wconf 90' lang='lat'>‚</span> <span class='ocrx_word' id='word_1_349' title='bbox 785 1811 897 1835; x_wconf 86' lang='lat' dir='ltr'>contra</span> <span class='ocrx_word' id='word_1_350' title='bbox 919 1803 1026 1845; x_wconf 88' lang='lat' dir='ltr'>ipsum</span> <span class='ocrx_word' id='word_1_351' title='bbox 1050 1813 1118 1837; x_wconf 90' lang='lat' dir='ltr'>non</span> 
     </span>
     <span class='ocr_line' id='line_1_58' title="bbox 227 1849 1119 1895; baseline 0.004 -12"><span class='ocrx_word' id='word_1_352' title='bbox 227 1850 322 1883; x_wconf 68' lang='lat' dir='ltr'>fuine</span> <span class='ocrx_word' id='word_1_353' title='bbox 341 1851 482 1892; x_wconf 87' lang='lat' dir='ltr'>primum</span> <span class='ocrx_word' id='word_1_354' title='bbox 505 1849 653 1894; x_wconf 87' lang='lat' dir='ltr'>Regium</span> <span class='ocrx_word' id='word_1_355' title='bbox 680 1850 851 1885; x_wconf 66' lang='lat' dir='ltr'>Edistum.</span> <span class='ocrx_word' id='word_1_356' title='bbox 882 1850 925 1886; x_wconf 87' lang='lat' dir='ltr'>Et</span> <span class='ocrx_word' id='word_1_357' title='bbox 937 1851 1031 1895; x_wconf 86' lang='lat' dir='ltr'>hujus</span> <span class='ocrx_word' id='word_1_358' title='bbox 1053 1863 1119 1887; x_wconf 90' lang='lat' dir='ltr'>me·</span> 
     </span>
     <span class='ocr_line' id='line_1_59' title="bbox 228 1898 1116 1943; baseline 0.006 -10"><span class='ocrx_word' id='word_1_359' title='bbox 228 1900 335 1934; x_wconf 83' lang='lat' dir='ltr'>moria</span> <span class='ocrx_word' id='word_1_360' title='bbox 355 1898 543 1943; x_wconf 89' lang='lat' dir='ltr'>Principem</span> <span class='ocrx_word' id='word_1_361' title='bbox 563 1899 651 1935; x_wconf 90' lang='lat' dir='ltr'>haud</span> <span class='ocrx_word' id='word_1_362' title='bbox 674 1900 773 1935; x_wconf 70' lang='lat' dir='ltr'>dubie</span> <span class='ocrx_word' id='word_1_363' title='bbox 784 1899 923 1936; x_wconf 88' lang='lat' dir='ltr'>reddidit</span> <span class='ocrx_word' id='word_1_364' title='bbox 936 1902 1116 1938; x_wconf 88' lang='lat' dir='ltr'>faciliorem</span> 
     </span>
     <span class='ocr_line' id='line_1_60' title="bbox 228 1946 1116 1994; baseline 0.008 -13"><span class='ocrx_word' id='word_1_365' title='bbox 228 1946 270 1982; x_wconf 76' lang='lat' dir='ltr'>ad</span> <span class='ocrx_word' id='word_1_366' title='bbox 282 1949 465 1991; x_wconf 68' lang='lat' dir='ltr'>praesentem</span> <span class='ocrx_word' id='word_1_367' title='bbox 477 1951 607 1985; x_wconf 86' lang='lat' dir='ltr'>Sacram</span> <span class='ocrx_word' id='word_1_368' title='bbox 617 1976 625 1983; x_wconf 93' lang='lat'>.</span> <span class='ocrx_word' id='word_1_369' title='bbox 652 1951 725 1994; x_wconf 84' lang='lat' dir='ltr'>Ipsa</span> <span class='ocrx_word' id='word_1_370' title='bbox 742 1950 820 1985; x_wconf 70' lang='lat' dir='ltr'>vero</span> <span class='ocrx_word' id='word_1_371' title='bbox 831 1952 866 1986; x_wconf 78' lang='grc' dir='ltr'>δε</span> <span class='ocrx_word' id='word_1_372' title='bbox 877 1949 1116 1993; x_wconf 70' lang='lat' dir='ltr'>Theodoreto,</span> 
     </span>
     <span class='ocr_line' id='line_1_61' title="bbox 229 1998 1119 2046; baseline 0.007 -15"><span class='ocrx_word' id='word_1_373' title='bbox 229 1999 263 2032; x_wconf 76' lang='grc' dir='ltr'>ἀ</span> <span class='ocrx_word' id='word_1_374' title='bbox 272 1998 434 2035; x_wconf 87' lang='lat' dir='ltr'>Helladio</span> <span class='ocrx_word' id='word_1_375' title='bbox 444 2001 570 2044; x_wconf 87' lang='lat' dir='ltr'>aperuit</span> <span class='ocrx_word' id='word_1_376' title='bbox 578 2000 695 2036; x_wconf 87' lang='lat' dir='ltr'>oculos</span> <span class='ocrx_word' id='word_1_377' title='bbox 709 2013 716 2034; x_wconf 76' lang='grc' dir='ltr'><strong><em>ε</em></strong></span> <span class='ocrx_word' id='word_1_378' title='bbox 745 2002 814 2037; x_wconf 87' lang='lat' dir='ltr'>Eos</span> <span class='ocrx_word' id='word_1_379' title='bbox 825 2003 986 2046; x_wconf 87' lang='lat' dir='ltr'>permovit</span> <span class='ocrx_word' id='word_1_380' title='bbox 999 2003 1040 2037; x_wconf 87' lang='lat' dir='ltr'>ad</span> <span class='ocrx_word' id='word_1_381' title='bbox 1051 2014 1119 2037; x_wconf 87' lang='lat' dir='ltr'>am-</span> 
     </span>
     <span class='ocr_line' id='line_1_62' title="bbox 229 2047 1119 2096; baseline 0.007 -15"><span class='ocrx_word' id='word_1_382' title='bbox 229 2047 431 2090; x_wconf 72' lang='lat' dir='ltr'>plectendam</span> <span class='ocrx_word' id='word_1_383' title='bbox 442 2061 553 2093; x_wconf 87' lang='lat' dir='ltr'>pacem</span> <span class='ocrx_word' id='word_1_384' title='bbox 565 2074 579 2091; x_wconf 81' lang='lat'>,</span> <span class='ocrx_word' id='word_1_385' title='bbox 601 2062 640 2085; x_wconf 91' lang='lat' dir='ltr'>ac</span> <span class='ocrx_word' id='word_1_386' title='bbox 649 2049 850 2090; x_wconf 84' lang='lat' dir='ltr'>redeundum</span> <span class='ocrx_word' id='word_1_387' title='bbox 862 2053 897 2086; x_wconf 88' lang='lat' dir='ltr'>in</span> <span class='ocrx_word' id='word_1_388' title='bbox 911 2051 1046 2096; x_wconf 86' lang='lat' dir='ltr'>Joannis</span> <span class='ocrx_word' id='word_1_389' title='bbox 1057 2052 1119 2087; x_wconf 88' lang='lat' dir='ltr'>Pa·</span> 
     </span>
     <span class='ocr_line' id='line_1_63' title="bbox 229 2096 627 2134; baseline 0 -3"><span class='ocrx_word' id='word_1_390' title='bbox 229 2096 374 2133; x_wconf 68' lang='lat' dir='ltr'>triarchas</span> <span class='ocrx_word' id='word_1_391' title='bbox 385 2097 607 2134; x_wconf 88' lang='lat' dir='ltr'>obedientiam</span> <span class='ocrx_word' id='word_1_392' title='bbox 619 2124 627 2131; x_wconf 95' lang='lat'>.</span> 
     </span>
    </p>
   </div>
   <div class='ocr_carea' id='block_1_7' title="bbox 1390 1404 1886 1452">
    <p class='ocr_par' dir='ltr' id='par_1_7' title="bbox 1390 1404 1886 1452">
     <span class='ocr_line' id='line_1_64' title="bbox 1390 1404 1886 1452; baseline 0.006 -3"><span class='ocrx_word' id='word_1_393' title='bbox 1390 1404 1886 1452; x_wconf 71' lang='lat' dir='ltr'>Sen0110N;</span> 
     </span>
    </p>
   </div>
   <div class='ocr_carea' id='block_1_8' title="bbox 1179 1548 2075 2036">
    <p class='ocr_par' dir='ltr' id='par_1_8' title="bbox 1179 1548 2075 2036">
     <span class='ocr_line' id='line_1_65' title="bbox 1292 1548 2075 1597; baseline 0.005 -14"><span class='ocrx_word' id='word_1_394' title='bbox 1292 1548 1363 1584; x_wconf 84' lang='lat' dir='ltr'>AEc</span> <span class='ocrx_word' id='word_1_395' title='bbox 1372 1549 1509 1594; x_wconf 87' lang='lat' dir='ltr'>epistola</span> <span class='ocrx_word' id='word_1_396' title='bbox 1519 1550 1564 1586; x_wconf 85' lang='lat' dir='ltr'>est</span> <span class='ocrx_word' id='word_1_397' title='bbox 1574 1549 1760 1586; x_wconf 85' lang='lat' dir='ltr'>executoria</span> <span class='ocrx_word' id='word_1_398' title='bbox 1771 1550 1881 1595; x_wconf 78' lang='lat' dir='ltr'>primae</span> <span class='ocrx_word' id='word_1_399' title='bbox 1901 1551 1936 1586; x_wconf 77' lang='grc' dir='ltr'>δι</span> <span class='ocrx_word' id='word_1_400' title='bbox 1942 1562 2075 1597; x_wconf 80' lang='lat' dir='ltr'>genera·</span> 
     </span>
     <span class='ocr_line' id='line_1_66' title="bbox 1316 1598 2074 1644; baseline 0.004 -11"><span class='ocrx_word' id='word_1_401' title='bbox 1316 1599 1358 1633; x_wconf 90' lang='lat' dir='ltr'>lis</span> <span class='ocrx_word' id='word_1_402' title='bbox 1377 1599 1499 1640; x_wconf 60' lang='lat' dir='ltr'>Sacrae,</span> <span class='ocrx_word' id='word_1_403' title='bbox 1523 1600 1606 1635; x_wconf 82' lang='lat' dir='ltr'>datae</span> <span class='ocrx_word' id='word_1_404' title='bbox 1627 1598 1798 1635; x_wconf 69' lang='lat' dir='ltr'>adversum</span> <span class='ocrx_word' id='word_1_405' title='bbox 1817 1610 1933 1635; x_wconf 88' lang='lat' dir='ltr'>omnes</span> <span class='ocrx_word' id='word_1_406' title='bbox 1950 1602 2074 1644; x_wconf 81' lang='lat' dir='ltr'>paciac</span> 
     </span>
     <span class='ocr_line' id='line_1_67' title="bbox 1183 1648 2074 1695; baseline 0.002 -12"><span class='ocrx_word' id='word_1_407' title='bbox 1183 1648 1376 1685; x_wconf 87' lang='lat' dir='ltr'>Patriarchae</span> <span class='ocrx_word' id='word_1_408' title='bbox 1406 1649 1540 1685; x_wconf 84' lang='lat' dir='ltr'>rebelles</span> <span class='ocrx_word' id='word_1_409' title='bbox 1550 1649 1751 1694; x_wconf 80' lang='lat' dir='ltr'>Episcop0s‚</span> <span class='ocrx_word' id='word_1_410' title='bbox 1776 1651 2005 1695; x_wconf 85' lang='lat' dir='ltr'>acimpetratae</span> <span class='ocrx_word' id='word_1_411' title='bbox 2017 1661 2074 1695; x_wconf 85' lang='lat' dir='ltr'>per</span> 
     </span>
     <span class='ocr_line' id='line_1_68' title="bbox 1181 1699 2072 1748; baseline 0.001 -14"><span class='ocrx_word' id='word_1_412' title='bbox 1181 1699 1415 1735; x_wconf 86' lang='lat' dir='ltr'>Domitianum</span> <span class='ocrx_word' id='word_1_413' title='bbox 1430 1699 1632 1748; x_wconf 76' lang='lat' dir='ltr'>Qaestorem</span> <span class='ocrx_word' id='word_1_414' title='bbox 1644 1724 1651 1732; x_wconf 91' lang='lat'><strong>.</strong></span> <span class='ocrx_word' id='word_1_415' title='bbox 1678 1699 1723 1733; x_wconf 89' lang='lat' dir='ltr'>Et</span> <span class='ocrx_word' id='word_1_416' title='bbox 1742 1708 1803 1735; x_wconf 80' lang='lat' dir='ltr'>nos</span> <span class='ocrx_word' id='word_1_417' title='bbox 1827 1700 1927 1736; x_wconf 89' lang='lat' dir='ltr'>docet</span> <span class='ocrx_word' id='word_1_418' title='bbox 1943 1724 1956 1741; x_wconf 89' lang='lat'>,</span> <span class='ocrx_word' id='word_1_419' title='bbox 1980 1700 2072 1746; x_wconf 87' lang='lat' dir='ltr'>quod</span> 
     </span>
     <span class='ocr_line' id='line_1_69' title="bbox 1180 1749 2075 1795; baseline 0.002 -11"><span class='ocrx_word' id='word_1_420' title='bbox 1180 1750 1274 1786; x_wconf 84' lang='lat' dir='ltr'>Sacra</span> <span class='ocrx_word' id='word_1_421' title='bbox 1295 1750 1417 1794; x_wconf 74' lang='lat' dir='ltr'>JulIerit</span> <span class='ocrx_word' id='word_1_422' title='bbox 1441 1750 1621 1794; x_wconf 87' lang='lat' dir='ltr'>Episcopos</span> <span class='ocrx_word' id='word_1_423' title='bbox 1641 1749 1720 1784; x_wconf 85' lang='lat' dir='ltr'>istos</span> <span class='ocrx_word' id='word_1_424' title='bbox 1742 1760 1800 1785; x_wconf 84' lang='lat' dir='ltr'>aut</span> <span class='ocrx_word' id='word_1_425' title='bbox 1822 1751 1995 1786; x_wconf 86' lang='lat' dir='ltr'>admittere</span> <span class='ocrx_word' id='word_1_426' title='bbox 2020 1762 2075 1795; x_wconf 80' lang='lat' dir='ltr'>pa·</span> 
     </span>
     <span class='ocr_line' id='line_1_70' title="bbox 1180 1799 2072 1843; baseline 0.001 -9"><span class='ocrx_word' id='word_1_427' title='bbox 1180 1811 1272 1841; x_wconf 89' lang='lat' dir='ltr'>cem,</span> <span class='ocrx_word' id='word_1_428' title='bbox 1298 1809 1355 1834; x_wconf 88' lang='lat' dir='ltr'>aut</span> <span class='ocrx_word' id='word_1_429' title='bbox 1374 1800 1495 1843; x_wconf 85' lang='lat' dir='ltr'>expelli</span> <span class='ocrx_word' id='word_1_430' title='bbox 1516 1801 1536 1833; x_wconf 78' lang='grc' dir='ltr'>ὲ</span> <span class='ocrx_word' id='word_1_431' title='bbox 1558 1800 1622 1833; x_wconf 83' lang='lat' dir='ltr'>suis</span> <span class='ocrx_word' id='word_1_432' title='bbox 1643 1799 1815 1834; x_wconf 81' lang='lat' dir='ltr'>Ecclesiis.</span> <span class='ocrx_word' id='word_1_433' title='bbox 1842 1800 1947 1835; x_wconf 87' lang='lat' dir='ltr'>Haud</span> <span class='ocrx_word' id='word_1_434' title='bbox 1970 1800 2072 1836; x_wconf 70' lang='lat' dir='ltr'>dubie</span> 
     </span>
     <span class='ocr_line' id='line_1_71' title="bbox 1182 1848 2072 1896; baseline 0.001 -12"><span class='ocrx_word' id='word_1_435' title='bbox 1182 1849 1335 1894; x_wconf 87' lang='lat' dir='ltr'>praeceffit</span> <span class='ocrx_word' id='word_1_436' title='bbox 1362 1849 1541 1892; x_wconf 71' lang='lat' dir='ltr'>praecedens</span> <span class='ocrx_word' id='word_1_437' title='bbox 1552 1848 1751 1884; x_wconf 87' lang='lat' dir='ltr'>Mandatum</span> <span class='ocrx_word' id='word_1_438' title='bbox 1770 1874 1782 1890; x_wconf 93' lang='lat'>‚</span> <span class='ocrx_word' id='word_1_439' title='bbox 1810 1851 1899 1895; x_wconf 88' lang='lat' dir='ltr'>quod</span> <span class='ocrx_word' id='word_1_440' title='bbox 1913 1851 2072 1896; x_wconf 76' lang='lat' dir='ltr'>Magister</span> 
     </span>
     <span class='ocr_line' id='line_1_72' title="bbox 1180 1899 2074 1945; baseline 0.002 -11"><span class='ocrx_word' id='word_1_441' title='bbox 1180 1900 1362 1943; x_wconf 82' lang='lat' dir='ltr'>Dionyfius</span> <span class='ocrx_word' id='word_1_442' title='bbox 1372 1900 1412 1934; x_wconf 89' lang='lat' dir='ltr'>ad</span> <span class='ocrx_word' id='word_1_443' title='bbox 1423 1900 1543 1934; x_wconf 90' lang='lat' dir='ltr'>Titum</span> <span class='ocrx_word' id='word_1_444' title='bbox 1562 1899 1733 1935; x_wconf 78' lang='lat' dir='ltr'>vicarium</span> <span class='ocrx_word' id='word_1_445' title='bbox 1756 1899 1849 1936; x_wconf 85' lang='lat' dir='ltr'>dedit</span> <span class='ocrx_word' id='word_1_446' title='bbox 1864 1911 1979 1936; x_wconf 87' lang='lat' dir='ltr'>contra</span> <span class='ocrx_word' id='word_1_447' title='bbox 1992 1912 2074 1945; x_wconf 85' lang='lat' dir='ltr'>qua·-</span> 
     </span>
     <span class='ocr_line' id='line_1_73' title="bbox 1180 1948 2075 1995; baseline 0.004 -11"><span class='ocrx_word' id='word_1_448' title='bbox 1180 1960 1254 1985; x_wconf 88' lang='lat' dir='ltr'>tuor</span> <span class='ocrx_word' id='word_1_449' title='bbox 1273 1949 1470 1993; x_wconf 73' lang='lat' dir='ltr'>Episcopus.</span> <span class='ocrx_word' id='word_1_450' title='bbox 1498 1948 1692 1985; x_wconf 87' lang='lat' dir='ltr'>Dolendum</span> <span class='ocrx_word' id='word_1_451' title='bbox 1704 1949 1772 1992; x_wconf 88' lang='lat' dir='ltr'>est,</span> <span class='ocrx_word' id='word_1_452' title='bbox 1798 1951 1890 1995; x_wconf 84' lang='lat' dir='ltr'>quod</span> <span class='ocrx_word' id='word_1_453' title='bbox 1899 1951 2002 1987; x_wconf 65' lang='lat' dir='ltr'>ambae</span> <span class='ocrx_word' id='word_1_454' title='bbox 2017 1953 2075 1988; x_wconf 86' lang='lat' dir='ltr'>Sa-</span> 
     </span>
     <span class='ocr_line' id='line_1_74' title="bbox 1179 1999 1724 2036; baseline -0.004 -1"><span class='ocrx_word' id='word_1_455' title='bbox 1179 2012 1240 2035; x_wconf 79' lang='lat' dir='ltr'>crae</span> <span class='ocrx_word' id='word_1_456' title='bbox 1260 2000 1447 2036; x_wconf 85' lang='lat' dir='ltr'>lateantaut</span> <span class='ocrx_word' id='word_1_457' title='bbox 1466 1999 1666 2034; x_wconf 86' lang='lat' dir='ltr'>interierint.</span> <span class='ocrx_word' id='word_1_458' title='bbox 1720 2019 1724 2024; x_wconf 71' lang='lat'>,</span> 
     </span>
    </p>
   </div>
   <div class='ocr_carea' id='block_1_9' title="bbox 1364 2212 2065 2276">
    <p class='ocr_par' dir='ltr' id='par_1_9' title="bbox 1364 2212 2065 2276">
     <span class='ocr_line' id='line_1_75' title="bbox 1364 2212 2065 2276; baseline 0.013 -21"><span class='ocrx_word' id='word_1_459' title='bbox 1364 2212 1623 2257; x_wconf 86' lang='lat' dir='ltr'>CAPUT</span> <span class='ocrx_word' id='word_1_460' title='bbox 1659 2214 1866 2260; x_wconf 83' lang='lat' dir='ltr'><strong>CXLIV.</strong></span> <span class='ocrx_word' id='word_1_461' title='bbox 1922 2232 2065 2276; x_wconf 87' lang='lat'>-232</span> 
     </span>
    </p>
   </div>
   <div class='ocr_carea' id='block_1_10' title="bbox 1177 2346 2067 2769">
    <p class='ocr_par' dir='ltr' id='par_1_10' title="bbox 1177 2346 2067 2769">
     <span class='ocr_line' id='line_1_76' title="bbox 1177 2346 2063 2420; baseline 0.005 -23"><span class='ocrx_word' id='word_1_462' title='bbox 1177 2346 1370 2416; x_wconf 75' lang='lat' dir='ltr'>Epistola,</span> <span class='ocrx_word' id='word_1_463' title='bbox 1405 2349 1577 2415; x_wconf 87' lang='lat' dir='ltr'>inquit,</span> <span class='ocrx_word' id='word_1_464' title='bbox 1615 2349 1788 2397; x_wconf 62' lang='lat' dir='ltr'>Helladi}</span> <span class='ocrx_word' id='word_1_465' title='bbox 1811 2351 1990 2420; x_wconf 68' lang='lat' dir='ltr'>EpiJiopi</span> <span class='ocrx_word' id='word_1_466' title='bbox 2010 2353 2063 2401; x_wconf 77' lang='lat' dir='ltr'>ad</span> 
     </span>
     <span class='ocr_line' id='line_1_77' title="bbox 1246 2418 2067 2490; baseline 0.009 -25"><span class='ocrx_word' id='word_1_467' title='bbox 1246 2423 1326 2466; x_wconf 88' lang='lat' dir='ltr'>Deo</span> <span class='ocrx_word' id='word_1_468' title='bbox 1361 2418 1641 2486; x_wconf 79' lang='lat' dir='ltr'>Amicissimum</span> <span class='ocrx_word' id='word_1_469' title='bbox 1676 2419 1904 2490; x_wconf 72' lang='lat' dir='ltr'>Epifiopum</span> <span class='ocrx_word' id='word_1_470' title='bbox 1938 2423 2067 2472; x_wconf 85' lang='lat' dir='ltr'>Mele-</span> 
     </span>
     <span class='ocr_line' id='line_1_78' title="bbox 1246 2488 2056 2559; baseline 0.007 -24"><span class='ocrx_word' id='word_1_471' title='bbox 1246 2493 1377 2550; x_wconf 81' lang='lat' dir='ltr'>tium,</span> <span class='ocrx_word' id='word_1_472' title='bbox 1435 2508 1550 2555; x_wconf 80' lang='lat' dir='ltr'>quam</span> <span class='ocrx_word' id='word_1_473' title='bbox 1585 2488 1746 2559; x_wconf 77' lang='lat' dir='ltr'>scripfit</span> <span class='ocrx_word' id='word_1_474' title='bbox 1792 2491 1959 2540; x_wconf 75' lang='lat' dir='ltr'>indicans</span> <span class='ocrx_word' id='word_1_475' title='bbox 2001 2498 2056 2554; x_wconf 84' lang='lat' dir='ltr'>ei,</span> 
     </span>
     <span class='ocr_line' id='line_1_79' title="bbox 1245 2557 2060 2632; baseline 0.007 -27"><span class='ocrx_word' id='word_1_476' title='bbox 1245 2558 1341 2625; x_wconf 76' lang='lat' dir='ltr'>quod</span> <span class='ocrx_word' id='word_1_477' title='bbox 1377 2557 1474 2625; x_wconf 79' lang='lat' dir='ltr'>fimt</span> <span class='ocrx_word' id='word_1_478' title='bbox 1517 2558 1545 2606; x_wconf 70' lang='grc' dir='ltr'>αὶ</span> <span class='ocrx_word' id='word_1_479' title='bbox 1580 2560 1909 2632; x_wconf 63' lang='lat' dir='ltr'>Constantinopoli·</span> <span class='ocrx_word' id='word_1_480' title='bbox 1931 2569 2060 2611; x_wconf 77' lang='lat' dir='ltr'>Man-</span> 
     </span>
     <span class='ocr_line' id='line_1_80' title="bbox 1244 2627 2059 2698; baseline 0.006 -22"><span class='ocrx_word' id='word_1_481' title='bbox 1244 2629 1340 2677; x_wconf 80' lang='lat' dir='ltr'>data</span> <span class='ocrx_word' id='word_1_482' title='bbox 1366 2666 1380 2691; x_wconf 81' lang='grc'>,</span> <span class='ocrx_word' id='word_1_483' title='bbox 1428 2633 1488 2677; x_wconf 72' lang='lat'>&lt;9⁸</span> <span class='ocrx_word' id='word_1_484' title='bbox 1523 2628 1565 2676; x_wconf 86' lang='lat' dir='ltr'>de</span> <span class='ocrx_word' id='word_1_485' title='bbox 1599 2627 1656 2676; x_wconf 78' lang='lat' dir='ltr'>his</span> <span class='ocrx_word' id='word_1_486' title='bbox 1685 2647 1809 2698; x_wconf 78' lang='lat' dir='ltr'>petens</span> <span class='ocrx_word' id='word_1_487' title='bbox 1844 2651 1922 2698; x_wconf 61' lang='grc' dir='ltr'>(με</span> <span class='ocrx_word' id='word_1_488' title='bbox 1955 2631 2059 2698; x_wconf 77' lang='lat' dir='ltr'>effint</span> 
     </span>
     <span class='ocr_line' id='line_1_81' title="bbox 1237 2698 1700 2769; baseline 0.002 -21"><span class='ocrx_word' id='word_1_489' title='bbox 1237 2699 1399 2769; x_wconf 77' lang='lat' dir='ltr'>gerenda</span> <span class='ocrx_word' id='word_1_490' title='bbox 1433 2698 1672 2748; x_wconf 61' lang='lat' dir='ltr'>Trabiatum</span> <span class='ocrx_word' id='word_1_491' title='bbox 1688 2737 1700 2749; x_wconf 87' lang='lat'><strong>.</strong></span> 
     </span>
    </p>
   </div>
   <div class='ocr_carea' id='block_1_11' title="bbox 402 2339 1104 2399">
    <p class='ocr_par' dir='ltr' id='par_1_11' title="bbox 402 2339 1104 2399">
     <span class='ocr_line' id='line_1_82' title="bbox 402 2339 1104 2399; baseline -0.004 -10"><span class='ocrx_word' id='word_1_492' title='bbox 402 2345 445 2389; x_wconf 91' lang='lat' dir='ltr'>C</span> <span class='ocrx_word' id='word_1_493' title='bbox 464 2339 671 2389; x_wconf 87' lang='lat' dir='ltr'>APUT</span> <span class='ocrx_word' id='word_1_494' title='bbox 707 2341 912 2388; x_wconf 79' lang='lat' dir='ltr'><strong>CXLIII.</strong></span> <span class='ocrx_word' id='word_1_495' title='bbox 948 2355 1104 2399; x_wconf 83' lang='lat'>--231</span> 
     </span>
    </p>
   </div>
   <div class='ocr_carea' id='block_1_12' title="bbox 225 2475 1114 2966">
    <p class='ocr_par' dir='ltr' id='par_1_12' title="bbox 225 2475 1114 2966">
     <span class='ocr_line' id='line_1_83' title="bbox 225 2475 1114 2547; baseline -0.002 -18"><span class='ocrx_word' id='word_1_496' title='bbox 225 2478 397 2547; x_wconf 83' lang='lat' dir='ltr'>Epistola</span> <span class='ocrx_word' id='word_1_497' title='bbox 428 2515 442 2539; x_wconf 89' lang='lat'>‚</span> <span class='ocrx_word' id='word_1_498' title='bbox 494 2479 640 2545; x_wconf 88' lang='lat' dir='ltr'>inquit</span> <span class='ocrx_word' id='word_1_499' title='bbox 676 2514 688 2538; x_wconf 88' lang='lat'>,</span> <span class='ocrx_word' id='word_1_500' title='bbox 737 2475 1114 2545; x_wconf 75' lang='lat' dir='ltr'>Magnificentiſsimi</span> 
     </span>
     <span class='ocr_line' id='line_1_84' title="bbox 292 2547 1112 2615; baseline 0.001 -19"><span class='ocrx_word' id='word_1_501' title='bbox 292 2549 462 2615; x_wconf 76' lang='lat' dir='ltr'>Dionysii</span> <span class='ocrx_word' id='word_1_502' title='bbox 482 2585 496 2609; x_wconf 86' lang='lat'>‚</span> <span class='ocrx_word' id='word_1_503' title='bbox 531 2547 722 2615; x_wconf 72' lang='lat' dir='ltr'>Magistri</span> <span class='ocrx_word' id='word_1_504' title='bbox 750 2547 960 2609; x_wconf 78' lang='lat' dir='ltr'>Militum,</span> <span class='ocrx_word' id='word_1_505' title='bbox 997 2566 1112 2615; x_wconf 70' lang='lat' dir='ltr'>quam</span> 
     </span>
     <span class='ocr_line' id='line_1_85' title="bbox 283 2616 1111 2689; baseline 0 -22"><span class='ocrx_word' id='word_1_506' title='bbox 283 2617 442 2689; x_wconf 78' lang='lat' dir='ltr'>firipstt</span> <span class='ocrx_word' id='word_1_507' title='bbox 451 2618 505 2665; x_wconf 84' lang='lat' dir='ltr'>ad</span> <span class='ocrx_word' id='word_1_508' title='bbox 525 2636 811 2684; x_wconf 70' lang='lat' dir='ltr'>unumquemque</span> <span class='ocrx_word' id='word_1_509' title='bbox 824 2616 1111 2686; x_wconf 76' lang='lat' dir='ltr'>Epiftoporum,</span> 
     </span>
     <span class='ocr_line' id='line_1_86' title="bbox 290 2692 1109 2756; baseline -0.007 -19"><span class='ocrx_word' id='word_1_510' title='bbox 290 2694 356 2756; x_wconf 69' lang='lat' dir='ltr'>qui</span> <span class='ocrx_word' id='word_1_511' title='bbox 368 2693 602 2737; x_wconf 76' lang='lat' dir='ltr'>nominamur</span> <span class='ocrx_word' id='word_1_512' title='bbox 627 2692 665 2735; x_wconf 80' lang='lat' dir='ltr'>in</span> <span class='ocrx_word' id='word_1_513' title='bbox 676 2693 801 2735; x_wconf 79' lang='lat' dir='ltr'>Sacra</span> <span class='ocrx_word' id='word_1_514' title='bbox 816 2724 829 2749; x_wconf 84' lang='lat'>‚</span> <span class='ocrx_word' id='word_1_515' title='bbox 859 2704 902 2734; x_wconf 80' lang='lat' dir='ltr'>ut</span> <span class='ocrx_word' id='word_1_516' title='bbox 927 2705 996 2735; x_wconf 80' lang='lat' dir='ltr'>aut</span> <span class='ocrx_word' id='word_1_517' title='bbox 1026 2710 1109 2738; x_wconf 77' lang='lat' dir='ltr'>con-</span> 
     </span>
     <span class='ocr_line' id='line_1_87' title="bbox 281 2756 1109 2826; baseline 0.001 -19"><span class='ocrx_word' id='word_1_518' title='bbox 281 2756 465 2826; x_wconf 54' lang='lat' dir='ltr'>sentirent</span> <span class='ocrx_word' id='word_1_519' title='bbox 489 2756 569 2819; x_wconf 80' lang='lat' dir='ltr'>his,</span> <span class='ocrx_word' id='word_1_520' title='bbox 595 2776 673 2824; x_wconf 77' lang='lat' dir='ltr'>quae</span> <span class='ocrx_word' id='word_1_521' title='bbox 695 2760 746 2806; x_wconf 80' lang='lat' dir='ltr'>ab</span> <span class='ocrx_word' id='word_1_522' title='bbox 785 2757 1006 2807; x_wconf 76' lang='lat' dir='ltr'>Antiocheno</span> <span class='ocrx_word' id='word_1_523' title='bbox 1011 2758 1109 2825; x_wconf 80' lang='lat' dir='ltr'>fimt</span> 
     </span>
     <span class='ocr_line' id='line_1_88' title="bbox 286 2829 1110 2897; baseline 0.002 -20"><span class='ocrx_word' id='word_1_524' title='bbox 286 2829 417 2897; x_wconf 84' lang='lat' dir='ltr'>gesta,</span> <span class='ocrx_word' id='word_1_525' title='bbox 452 2832 512 2877; x_wconf 70' lang='lat'>&lt;9⁴</span> <span class='ocrx_word' id='word_1_526' title='bbox 533 2832 840 2878; x_wconf 76' lang='lat' dir='ltr'>communicarent</span> <span class='ocrx_word' id='word_1_527' title='bbox 870 2835 902 2877; x_wconf 87' lang='lat' dir='ltr'>ei</span> <span class='ocrx_word' id='word_1_528' title='bbox 925 2866 937 2890; x_wconf 84' lang='lat'>,</span> <span class='ocrx_word' id='word_1_529' title='bbox 963 2846 1031 2876; x_wconf 79' lang='lat' dir='ltr'>aut</span> <span class='ocrx_word' id='word_1_530' title='bbox 1059 2833 1110 2879; x_wconf 80' lang='lat' dir='ltr'>ab</span> 
     </span>
     <span class='ocr_line' id='line_1_89' title="bbox 285 2899 1001 2966; baseline 0.001 -19"><span class='ocrx_word' id='word_1_531' title='bbox 285 2899 462 2966; x_wconf 83' lang='lat' dir='ltr'>Ecclefiis</span> <span class='ocrx_word' id='word_1_532' title='bbox 496 2903 556 2946; x_wconf 71' lang='lat'>&lt;9⁴</span> <span class='ocrx_word' id='word_1_533' title='bbox 579 2900 963 2949; x_wconf 72' lang='lat' dir='ltr'>civitatibus&#39;exirent</span> <span class='ocrx_word' id='word_1_534' title='bbox 987 2936 1001 2948; x_wconf 89' lang='lat'><strong>.</strong></span> 
     </span>
    </p>
   </div>
   <div class='ocr_carea' id='block_1_13' title="bbox 1163 2841 2057 3340">
    <p class='ocr_par' dir='ltr' id='par_1_13' title="bbox 1236 2841 2056 2892">
     <span class='ocr_line' id='line_1_90' title="bbox 1236 2841 2056 2892; baseline 0.005 -16"><span class='ocrx_word' id='word_1_535' title='bbox 1236 2841 1314 2877; x_wconf 89' lang='lat' dir='ltr'>Unt</span> <span class='ocrx_word' id='word_1_536' title='bbox 1337 2841 1436 2883; x_wconf 75' lang='lat' dir='ltr'>verti,</span> <span class='ocrx_word' id='word_1_537' title='bbox 1462 2853 1531 2886; x_wconf 78' lang='lat' dir='ltr'>quae</span> <span class='ocrx_word' id='word_1_538' title='bbox 1554 2842 1707 2877; x_wconf 84' lang='lat' dir='ltr'>mandata</span> <span class='ocrx_word' id='word_1_539' title='bbox 1728 2843 1826 2883; x_wconf 84' lang='lat' dir='ltr'>sunt,</span> <span class='ocrx_word' id='word_1_540' title='bbox 1852 2842 1936 2877; x_wconf 86' lang='lat' dir='ltr'>haec.</span> <span class='ocrx_word' id='word_1_541' title='bbox 1966 2844 2056 2892; x_wconf 72' lang='lat' dir='ltr'>Quia</span> 
     </span>
    </p>

    <p class='ocr_par' dir='ltr' id='par_1_14' title="bbox 1257 2891 2054 2933">
     <span class='ocr_line' id='line_1_91' title="bbox 1257 2891 2054 2933; baseline 0.003 -7"><span class='ocrx_word' id='word_1_542' title='bbox 1257 2894 1292 2926; x_wconf 75' lang='grc' dir='ltr'>ἀ</span> <span class='ocrx_word' id='word_1_543' title='bbox 1312 2891 1498 2928; x_wconf 74' lang='lat' dir='ltr'>orthodoxe</span> <span class='ocrx_word' id='word_1_544' title='bbox 1519 2892 1617 2927; x_wconf 88' lang='lat' dir='ltr'>docet</span> <span class='ocrx_word' id='word_1_545' title='bbox 1638 2891 1794 2933; x_wconf 85' lang='lat' dir='ltr'>Proclus,</span> <span class='ocrx_word' id='word_1_546' title='bbox 1820 2893 1854 2927; x_wconf 69' lang='grc' dir='ltr'>ὃς</span> <span class='ocrx_word' id='word_1_547' title='bbox 1867 2892 2054 2929; x_wconf 84' lang='lat' dir='ltr'>Patrocina-</span> 
     </span>
    </p>

    <p class='ocr_par' dir='ltr' id='par_1_15' title="bbox 1163 2941 2057 3340">
     <span class='ocr_line' id='line_1_92' title="bbox 1171 2941 2053 2987; baseline 0.002 -10"><span class='ocrx_word' id='word_1_548' title='bbox 1171 2951 1224 2977; x_wconf 87' lang='lat' dir='ltr'>tor</span> <span class='ocrx_word' id='word_1_549' title='bbox 1235 2942 1281 2976; x_wconf 86' lang='lat' dir='ltr'>est</span> <span class='ocrx_word' id='word_1_550' title='bbox 1291 2967 1302 2983; x_wconf 95' lang='lat'>,</span> <span class='ocrx_word' id='word_1_551' title='bbox 1330 2944 1365 2979; x_wconf 68' lang='grc' dir='ltr'>ὅ(</span> <span class='ocrx_word' id='word_1_552' title='bbox 1378 2941 1516 2978; x_wconf 87' lang='lat' dir='ltr'>multam</span> <span class='ocrx_word' id='word_1_553' title='bbox 1529 2941 1627 2977; x_wconf 90' lang='lat' dir='ltr'>habet</span> <span class='ocrx_word' id='word_1_554' title='bbox 1638 2942 1794 2976; x_wconf 87' lang='lat' dir='ltr'>fiduciam</span> <span class='ocrx_word' id='word_1_555' title='bbox 1815 2942 1902 2986; x_wconf 86' lang='lat' dir='ltr'>apud</span> <span class='ocrx_word' id='word_1_556' title='bbox 1915 2943 2053 2987; x_wconf 82' lang='lat' dir='ltr'>Impera-</span> 
     </span>
     <span class='ocr_line' id='line_1_93' title="bbox 1169 2990 2057 3030; baseline 0.002 -3"><span class='ocrx_word' id='word_1_557' title='bbox 1169 3002 1273 3028; x_wconf 86' lang='lat' dir='ltr'>torem</span> <span class='ocrx_word' id='word_1_558' title='bbox 1284 3018 1291 3025; x_wconf 93' lang='lat'>.</span> <span class='ocrx_word' id='word_1_559' title='bbox 1318 2993 1361 3028; x_wconf 89' lang='lat' dir='ltr'>Et</span> <span class='ocrx_word' id='word_1_560' title='bbox 1371 2994 1520 3030; x_wconf 82' lang='lat' dir='ltr'>missurus</span> <span class='ocrx_word' id='word_1_561' title='bbox 1530 2992 1575 3026; x_wconf 89' lang='lat' dir='ltr'>est</span> <span class='ocrx_word' id='word_1_562' title='bbox 1598 2991 1639 3026; x_wconf 88' lang='lat' dir='ltr'>ad</span> <span class='ocrx_word' id='word_1_563' title='bbox 1651 2990 1901 3028; x_wconf 87' lang='lat' dir='ltr'>Antiochenum</span> <span class='ocrx_word' id='word_1_564' title='bbox 1912 3005 1988 3029; x_wconf 89' lang='lat' dir='ltr'>cum</span> <span class='ocrx_word' id='word_1_565' title='bbox 2000 2995 2057 3029; x_wconf 85' lang='lat' dir='ltr'>Sa·</span> 
     </span>
     <span class='ocr_line' id='line_1_94' title="bbox 1169 3043 2048 3086; baseline 0.002 -9"><span class='ocrx_word' id='word_1_566' title='bbox 1169 3043 1231 3077; x_wconf 89' lang='lat' dir='ltr'>cris</span> <span class='ocrx_word' id='word_1_567' title='bbox 1243 3044 1443 3086; x_wconf 82' lang='lat' dir='ltr'>synodicam</span> <span class='ocrx_word' id='word_1_568' title='bbox 1456 3045 1543 3077; x_wconf 86' lang='lat' dir='ltr'>suam</span> <span class='ocrx_word' id='word_1_569' title='bbox 1559 3066 1570 3083; x_wconf 89' lang='lat'>,</span> <span class='ocrx_word' id='word_1_570' title='bbox 1588 3050 1625 3076; x_wconf 88' lang='lat' dir='ltr'>ut</span> <span class='ocrx_word' id='word_1_571' title='bbox 1635 3053 1706 3076; x_wconf 88' lang='lat' dir='ltr'>eam</span> <span class='ocrx_word' id='word_1_572' title='bbox 1720 3043 1833 3086; x_wconf 86' lang='lat' dir='ltr'>suscipi</span> <span class='ocrx_word' id='word_1_573' title='bbox 1847 3053 1923 3078; x_wconf 90' lang='lat' dir='ltr'>ante</span> <span class='ocrx_word' id='word_1_574' title='bbox 1935 3046 2048 3080; x_wconf 85' lang='lat' dir='ltr'>omnia</span> 
     </span>
     <span class='ocr_line' id='line_1_95' title="bbox 1168 3091 2048 3138; baseline 0.002 -11"><span class='ocrx_word' id='word_1_575' title='bbox 1168 3104 1338 3138; x_wconf 86' lang='lat' dir='ltr'>praeparet:</span> <span class='ocrx_word' id='word_1_576' title='bbox 1368 3094 1410 3128; x_wconf 89' lang='lat' dir='ltr'>Et</span> <span class='ocrx_word' id='word_1_577' title='bbox 1422 3104 1520 3138; x_wconf 87' lang='lat' dir='ltr'>quam</span> <span class='ocrx_word' id='word_1_578' title='bbox 1541 3093 1598 3136; x_wconf 84' lang='lat' dir='ltr'>qui</span> <span class='ocrx_word' id='word_1_579' title='bbox 1620 3104 1690 3127; x_wconf 90' lang='lat' dir='ltr'>non</span> <span class='ocrx_word' id='word_1_580' title='bbox 1702 3091 1897 3136; x_wconf 85' lang='lat' dir='ltr'>receperint,</span> <span class='ocrx_word' id='word_1_581' title='bbox 1927 3094 2048 3138; x_wconf 86' lang='lat' dir='ltr'>pellan-</span> 
     </span>
     <span class='ocr_line' id='line_1_96' title="bbox 1166 3142 2047 3191; baseline 0.001 -13"><span class='ocrx_word' id='word_1_582' title='bbox 1166 3153 1218 3178; x_wconf 87' lang='lat' dir='ltr'>tur</span> <span class='ocrx_word' id='word_1_583' title='bbox 1229 3144 1382 3179; x_wconf 81' lang='lat' dir='ltr'>Ecclefiis</span> <span class='ocrx_word' id='word_1_584' title='bbox 1399 3169 1406 3177; x_wconf 94' lang='lat'><strong>.</strong></span> <span class='ocrx_word' id='word_1_585' title='bbox 1433 3143 1568 3178; x_wconf 84' lang='lat' dir='ltr'>Neceffe</span> <span class='ocrx_word' id='word_1_586' title='bbox 1587 3142 1649 3177; x_wconf 88' lang='lat' dir='ltr'>fuit</span> <span class='ocrx_word' id='word_1_587' title='bbox 1661 3168 1671 3184; x_wconf 88' lang='lat'>‚</span> <span class='ocrx_word' id='word_1_588' title='bbox 1697 3153 1734 3177; x_wconf 95' lang='lat' dir='ltr'>ut</span> <span class='ocrx_word' id='word_1_589' title='bbox 1748 3155 1819 3191; x_wconf 82' lang='lat' dir='ltr'>quae</span> <span class='ocrx_word' id='word_1_590' title='bbox 1834 3144 1948 3188; x_wconf 86' lang='lat' dir='ltr'>scripta</span> <span class='ocrx_word' id='word_1_591' title='bbox 1972 3146 2047 3179; x_wconf 91' lang='lat' dir='ltr'>sunt</span> 
     </span>
     <span class='ocr_line' id='line_1_97' title="bbox 1165 3192 2047 3240; baseline 0.002 -12"><span class='ocrx_word' id='word_1_592' title='bbox 1165 3194 1261 3230; x_wconf 88' lang='lat' dir='ltr'>nobis</span> <span class='ocrx_word' id='word_1_593' title='bbox 1281 3195 1300 3231; x_wconf 70' lang='grc' dir='ltr'>ὲ</span> <span class='ocrx_word' id='word_1_594' title='bbox 1310 3195 1416 3240; x_wconf 89' lang='lat' dir='ltr'>Regia</span> <span class='ocrx_word' id='word_1_595' title='bbox 1426 3193 1506 3228; x_wconf 88' lang='lat' dir='ltr'>urbe</span> <span class='ocrx_word' id='word_1_596' title='bbox 1515 3218 1526 3235; x_wconf 89' lang='lat'>‚</span> <span class='ocrx_word' id='word_1_597' title='bbox 1552 3192 1571 3227; x_wconf 75' lang='grc' dir='ltr'>ὲ</span> <span class='ocrx_word' id='word_1_598' title='bbox 1584 3192 1839 3239; x_wconf 85' lang='lat' dir='ltr'>Religiosiffimo</span> <span class='ocrx_word' id='word_1_599' title='bbox 1850 3193 2047 3230; x_wconf 78' lang='lat' dir='ltr'>Com-Pres-</span> 
     </span>
     <span class='ocr_line' id='line_1_98' title="bbox 1166 3243 2045 3289; baseline 0.002 -11"><span class='ocrx_word' id='word_1_600' title='bbox 1166 3243 1283 3289; x_wconf 89' lang='lat' dir='ltr'>bytero</span> <span class='ocrx_word' id='word_1_601' title='bbox 1303 3243 1499 3285; x_wconf 80' lang='lat' dir='ltr'>Anastafio.</span> <span class='ocrx_word' id='word_1_602' title='bbox 1524 3244 1558 3278; x_wconf 72' lang='grc' dir='ltr'>ὅ(</span> <span class='ocrx_word' id='word_1_603' title='bbox 1571 3244 1852 3280; x_wconf 81' lang='lat' dir='ltr'>Reverendiffiino</span> <span class='ocrx_word' id='word_1_604' title='bbox 1874 3245 2045 3281; x_wconf 86' lang='lat' dir='ltr'>Con-Dia-</span> 
     </span>
     <span class='ocr_line' id='line_1_99' title="bbox 1163 3293 2043 3340; baseline 0.005 -12"><span class='ocrx_word' id='word_1_605' title='bbox 1163 3305 1251 3330; x_wconf 90' lang='lat' dir='ltr'>cono</span> <span class='ocrx_word' id='word_1_606' title='bbox 1261 3295 1456 3336; x_wconf 84' lang='lat' dir='ltr'>Thartitio,</span> <span class='ocrx_word' id='word_1_607' title='bbox 1481 3293 1522 3329; x_wconf 87' lang='lat' dir='ltr'>ad</span> <span class='ocrx_word' id='word_1_608' title='bbox 1544 3294 1845 3340; x_wconf 79' lang='lat' dir='ltr'>tuaecognitionem</span> <span class='ocrx_word' id='word_1_609' title='bbox 1867 3294 2043 3340; x_wconf 82' lang='lat' dir='ltr'>Religiofi-</span> 
     </span>
    </p>
   </div>
   <div class='ocr_carea' id='block_1_14' title="bbox 1162 3345 2041 3430">
    <p class='ocr_par' dir='ltr' id='par_1_16' title="bbox 1162 3345 2041 3430">
     <span class='ocr_line' id='line_1_100' title="bbox 1162 3345 2041 3392; baseline -0.002 -12"><span class='ocrx_word' id='word_1_610' title='bbox 1162 3345 1239 3381; x_wconf 85' lang='lat' dir='ltr'>tatis</span> <span class='ocrx_word' id='word_1_611' title='bbox 1259 3347 1466 3392; x_wconf 80' lang='lat' dir='ltr'>perducerem</span> <span class='ocrx_word' id='word_1_612' title='bbox 1487 3369 1494 3379; x_wconf 87' lang='lat'><em>.</em></span> <span class='ocrx_word' id='word_1_613' title='bbox 1522 3345 1626 3391; x_wconf 83' lang='lat' dir='ltr'>Igitur</span> <span class='ocrx_word' id='word_1_614' title='bbox 1644 3346 1842 3392; x_wconf 83' lang='lat' dir='ltr'>exemplaria</span> <span class='ocrx_word' id='word_1_615' title='bbox 1862 3346 2041 3385; x_wconf 79' lang='lat' dir='ltr'>destinavi,</span> 
     </span>
     <span class='ocr_line' id='line_1_101' title="bbox 1956 3402 1993 3430; baseline 0 0"><span class='ocrx_word' id='word_1_616' title='bbox 1956 3402 1993 3430; x_wconf 89' lang='lat' dir='ltr'>ut</span> 
     </span>
    </p>
   </div>
   <div class='ocr_carea' id='block_1_15' title="bbox 218 3036 1104 3388">
    <p class='ocr_par' dir='ltr' id='par_1_17' title="bbox 218 3036 1104 3388">
     <span class='ocr_line' id='line_1_102' title="bbox 219 3036 1104 3125; baseline 0.003 -53"><span class='ocrx_word' id='word_1_617' title='bbox 219 3036 408 3125; x_wconf 65' lang='lat' dir='ltr'>INviCius</span> <span class='ocrx_word' id='word_1_618' title='bbox 420 3040 587 3075; x_wconf 84' lang='lat' dir='ltr'>Dominus</span> <span class='ocrx_word' id='word_1_619' title='bbox 599 3051 670 3074; x_wconf 90' lang='lat' dir='ltr'>non</span> <span class='ocrx_word' id='word_1_620' title='bbox 684 3038 838 3084; x_wconf 87' lang='lat' dir='ltr'>ignorat,</span> <span class='ocrx_word' id='word_1_621' title='bbox 863 3052 1024 3088; x_wconf 88' lang='lat' dir='ltr'>quantum</span> <span class='ocrx_word' id='word_1_622' title='bbox 1046 3043 1104 3076; x_wconf 91' lang='lat' dir='ltr'>suo</span> 
     </span>
     <span class='ocr_line' id='line_1_103' title="bbox 293 3090 1103 3137; baseline 0.002 -14"><span class='ocrx_word' id='word_1_623' title='bbox 293 3090 392 3133; x_wconf 85' lang='lat' dir='ltr'>profit</span> <span class='ocrx_word' id='word_1_624' title='bbox 404 3090 546 3134; x_wconf 85' lang='lat' dir='ltr'>Imperio</span> <span class='ocrx_word' id='word_1_625' title='bbox 568 3090 676 3125; x_wconf 87' lang='lat' dir='ltr'>cultus</span> <span class='ocrx_word' id='word_1_626' title='bbox 697 3090 812 3126; x_wconf 86' lang='lat' dir='ltr'>finceri</span> <span class='ocrx_word' id='word_1_627' title='bbox 822 3092 974 3134; x_wconf 88' lang='lat' dir='ltr'>devotio,</span> <span class='ocrx_word' id='word_1_628' title='bbox 1004 3103 1103 3137; x_wconf 89' lang='lat' dir='ltr'>quan-</span> 
     </span>
     <span class='ocr_line' id='line_1_104' title="bbox 218 3140 1104 3184; baseline 0.002 -10"><span class='ocrx_word' id='word_1_629' title='bbox 218 3148 354 3184; x_wconf 83' lang='lat' dir='ltr'>tamque</span> <span class='ocrx_word' id='word_1_630' title='bbox 373 3140 575 3175; x_wconf 86' lang='lat' dir='ltr'>securitatem</span> <span class='ocrx_word' id='word_1_631' title='bbox 602 3141 638 3175; x_wconf 83' lang='lat'>&amp;</span> <span class='ocrx_word' id='word_1_632' title='bbox 656 3140 938 3179; x_wconf 88' lang='lat' dir='ltr'>illuminationem</span> <span class='ocrx_word' id='word_1_633' title='bbox 969 3142 1104 3177; x_wconf 88' lang='lat' dir='ltr'>Provin-</span> 
     </span>
     <span class='ocr_line' id='line_1_105' title="bbox 219 3189 1101 3235; baseline 0.005 -13"><span class='ocrx_word' id='word_1_634' title='bbox 219 3189 279 3223; x_wconf 83' lang='lat' dir='ltr'>ciis</span> <span class='ocrx_word' id='word_1_635' title='bbox 292 3201 442 3234; x_wconf 82' lang='lat' dir='ltr'>praeparet</span> <span class='ocrx_word' id='word_1_636' title='bbox 452 3189 558 3225; x_wconf 86' lang='lat' dir='ltr'>fidelis</span> <span class='ocrx_word' id='word_1_637' title='bbox 568 3189 775 3235; x_wconf 70' lang='lat' dir='ltr'>investigatio</span> <span class='ocrx_word' id='word_1_638' title='bbox 786 3192 892 3228; x_wconf 88' lang='lat' dir='ltr'>cultus</span> <span class='ocrx_word' id='word_1_639' title='bbox 904 3191 1101 3230; x_wconf 83' lang='lat' dir='ltr'>orthodoxi.</span> 
     </span>
     <span class='ocr_line' id='line_1_106' title="bbox 220 3238 1101 3288; baseline 0.005 -14"><span class='ocrx_word' id='word_1_640' title='bbox 220 3238 316 3274; x_wconf 86' lang='lat' dir='ltr'>Hinc</span> <span class='ocrx_word' id='word_1_641' title='bbox 326 3241 439 3286; x_wconf 87' lang='lat' dir='ltr'>utique</span> <span class='ocrx_word' id='word_1_642' title='bbox 464 3240 632 3287; x_wconf 80' lang='lat' dir='ltr'>&amp;dignus</span> <span class='ocrx_word' id='word_1_643' title='bbox 643 3241 781 3276; x_wconf 87' lang='lat' dir='ltr'>efficitur</span> <span class='ocrx_word' id='word_1_644' title='bbox 792 3243 981 3288; x_wconf 86' lang='lat' dir='ltr'>impetrare,</span> <span class='ocrx_word' id='word_1_645' title='bbox 1008 3243 1101 3288; x_wconf 90' lang='lat' dir='ltr'>quid·</span> 
     </span>
     <span class='ocr_line' id='line_1_107' title="bbox 219 3289 1097 3337; baseline 0.003 -15"><span class='ocrx_word' id='word_1_646' title='bbox 219 3289 301 3332; x_wconf 82' lang='lat' dir='ltr'>quid</span> <span class='ocrx_word' id='word_1_647' title='bbox 321 3291 340 3326; x_wconf 74' lang='lat' dir='ltr'>a</span> <span class='ocrx_word' id='word_1_648' title='bbox 363 3291 504 3337; x_wconf 86' lang='lat' dir='ltr'>propitia</span> <span class='ocrx_word' id='word_1_649' title='bbox 532 3291 732 3337; x_wconf 85' lang='lat' dir='ltr'>poscendum</span> <span class='ocrx_word' id='word_1_650' title='bbox 752 3293 884 3330; x_wconf 86' lang='lat' dir='ltr'>Deitate</span> <span class='ocrx_word' id='word_1_651' title='bbox 904 3292 1097 3330; x_wconf 82' lang='lat' dir='ltr'>crediderit.</span> 
     </span>
     <span class='ocr_line' id='line_1_108' title="bbox 219 3337 1098 3388; baseline 0.003 -12"><span class='ocrx_word' id='word_1_652' title='bbox 219 3337 358 3378; x_wconf 79' lang='lat' dir='ltr'>Necesse</span> <span class='ocrx_word' id='word_1_653' title='bbox 379 3341 427 3379; x_wconf 86' lang='lat' dir='ltr'>est</span> <span class='ocrx_word' id='word_1_654' title='bbox 443 3343 557 3386; x_wconf 80' lang='lat' dir='ltr'>enirn,</span> <span class='ocrx_word' id='word_1_655' title='bbox 579 3352 623 3378; x_wconf 54' lang='lat' dir='ltr'>‘ut</span> <span class='ocrx_word' id='word_1_656' title='bbox 642 3342 791 3388; x_wconf 76' lang='lat' dir='ltr'>prospere</span> <span class='ocrx_word' id='word_1_657' title='bbox 803 3345 949 3382; x_wconf 84' lang='lat' dir='ltr'>universa</span> <span class='ocrx_word' id='word_1_658' title='bbox 968 3344 1098 3381; x_wconf 83' lang='lat' dir='ltr'>contin-</span> 
     </span>
    </p>
   </div>
  </div>
 </body>
</html>
