2320 3730
355 167 455 216 394

275 240 427 277 factionis
440 240 499 274 suas
511 238 688 283 complices
700 237 864 282 praedistus
879 237 1030 276 induxit,
1057 236 1168 269 nullus

269 289 372 326 ⁴nobis
385 291 491 322 sermo
502 313 513 329 ,
544 285 749 325 nulla'nobis
760 300 836 324 cura
848 287 892 321 est
906 310 918 326 ,
942 286 1018 320 cum
1032 283 1114 319 nihil
1126 285 1166 322 ad

270 349 329 374 eos
349 333 560 373 de’Rotnani
583 339 755 374 Pontificis
778 337 946 371 Eieetione
983 336 1164 378 pertineat.

271 389 378 424 Porro
391 390 467 436 quia
478 400 533 433 per
545 390 608 425 Dei
620 390 759 435 gratiam
771 387 885 420 omnia
898 384 994 424 nobis
1017 387 1164 429 prospera

269 440 366 480 sunt,
397 451 459 477 nos
480 440 515 474 in
527 440 640 483 aliquo
662 436 771 471 laedere
784 446 852 472 non
869 435 999 471 valent:
1025 435 1164 471 Maledi-

268 484 319 523 eta'
340 489 597 535 congeminant,
624 488 742 520 latrant
764 487 798 519 in
814 497 873 519 nos
885 497 982 520 canes
996 484 1163 529 impuden-

267 538 403 581 tissimi,
430 541 465 575 ἃ,
487 550 543 573 ore
567 538 698 581 vipereo
715 535 893 570 detrahunt
909 559 919 574 ,
943 537 1161 571 &foetentem

264 590 433 634 crapulam
461 589 662 628 eructantes,
691 587 726 621 in
750 587 816 621 Dei
826 586 967 622 Ecclesia
978 586 1018 620 de
1030 587 1084 620 sua
1097 588 1173 630 pes·

263 639 343 674 (ima
386 637 586 673 conscientia
618 638 721 672 multa
746 649 802 671 ore
833 636 1058 671 foetentiffimo
1079 648 1160 669 evo·-

263 698 361 728 munt
375 713 382 721 .
409 688 592 723 Posuerunt
604 688 726 732 quippe
740 711 751 727 ,
770 687 861 731 juxta
882 688 1062 735 impiorum
1075 686 1159 720 testi-

263 740 415 775 monium
439 762 449 779 ,
475 738 685 772 mendacium
704 739 792 782 spem
814 738 935 777 suam,
967 737 1160 772 obtenebra-

262 799 316 823 tos
343 787 661 829 habentesoculos,
683 789 862 823 nescientes
881 787 969 834 quod
1003 787 1156 833 iniquita·

260 848 311 872 tes
335 838 370 872 in
408 839 538 873 excelso
577 839 753 882 loquantur
776 863 788 879 ‚
813 839 846 872 δε
868 847 994 881 ponant
1034 838 1068 871 in
1096 837 1159 872 coess

260 888 331 922 lum
343 900 382 923 os
403 889 495 923 suum
508 914 519 930 ‚
544 899 581 923 ut
593 889 704 940 lingua
718 900 833 923 eorum
845 889 981 922 transeat
997 889 1155 932 superter-

260 950 351 973 ram.
380 939 454 973 Nec
480 940 599 976 mirum
617 965 628 980 ,
654 941 675 976 fi
702 939 743 974 ab
764 939 811 974 eis
834 949 909 974 cum
932 939 997 973 Dei
1011 937 1155 982 Ecclesia

260 988 540 1032 blasphemamur,
565 1002 642 1025 cum
667 990 795 1024 Patrem
814 988 1152 1024 farrtiliasDominuni

259 1038 448 1075 Beelzebub
471 1041 661 1076 vocaverint
685 1041 796 1074 Patres
820 1051 956 1074 eorum.
986 1039 1152 1085 roirca

257 1090 370 1128 fratres
383 1092 418 1128 in
433 1089 568 1128 Christo
580 1089 753 1126 charissimi
767 1090 911 1124 Paterno
923 1099 982 1123 vos
1003 1088 1152 1131 alloquio

255 1140 432 1175 salutantes
466 1165 477 1180 ,
504 1140 725 1174 Dilestionem
757 1138 893 1173 vestram
927 1138 961 1171 in
999 1138 1152 1175 Domino

254 1199 509 1226 commonemus
522 1213 531 1228 ‚
558 1199 716 1223 uteorum
729 1188 880 1233 prestigia
896 1201 906 1228 ·,
929 1188 949 1221 fi
962 1187 1045 1222 forte
1059 1187 1151 1222 vobis

258 1239 420 1274 arriserint
443 1263 453 1279 ‚
481 1240 641 1273 evitantes
663 1263 673 1279 ,
701 1239 866 1272 Romanae
886 1237 1147 1273 Eccleliaeunita·

254 1300 322 1323 tem
338 1288 597 1326 constantissime
619 1289 775 1328 teneatis..
803 1288 909 1330 Sane,
937 1289 1072 1330 fratres,
1100 1289 1147 1324 illi

252 1341 296 1373 de
307 1339 427 1382 quibus
439 1340 616 1383 scripsimus
627 1364 636 1380 ,
651 1341 705 1384 qui
720 1339 785 1374 Dei
802 1338 979 1374 Ecclesiam
993 1338 1148 1379 scindere,

250 1389 284 1423 ὃς
307 1391 422 1424 Altare
441 1389 660 1424 anathematis
686 1392 720 1425 ὃ(
743 1390 983 1424 maledictionis
1013 1390 1147 1423 titulum

250 1440 325 1474 sunt
349 1440 503 1477 fabricare
525 1441 658 1480 moliti,
684 1442 789 1484 Sane-li
815 1441 952 1484 Spiritus
973 1439 1147 1483 &proprio

249 1490 325 1526 sunt
347 1490 474 1533 judicio
496 1491 729 1526 condemnati.
760 1489 1046 1536 Convenientibus
1059 1500 1146 1525 nam-

250 1550 314 1582 que
328 1540 480 1575 fratribus
494 1542 612 1576 nostris
624 1566 634 1582 ‚
661 1547 735 1576 cum
748 1538 953 1576 ‹imniCltro
966 1541 1148 1581 Romano,

248 1601 325 1624 cum
339 1593 436 1625 tertio
450 1603 629 1636 quaterque
650 1592 755 1627 vocati
768 1616 778 1632 ,
805 1603 861 1626 aut
873 1592 1033 1626 tationem
1049 1601 1146 1635 pone-

248 1652 282 1676 re
307 1652 362 1675 aut
381 1641 571 1679 'satisfacere
605 1643 868 1686 contempsissent
889 1668 900 1689 ‚
925 1640 967 1676 ab
1000 1640 1147 1675 Ecclefiae

246 1692 378 1736 gremio
401 1690 506 1736 digno
531 1694 607 1726 sunt
630 1692 839 1728 anathemate
851 1693 1000 1728 resecati.
1028 1690 1147 1729 Tradi-

247 1742 358 1776 dimus
370 1754 427 1776 eos
438 1742 587 1776 Sathanae
599 1765 611 1781 ,
636 1752 671 1776 ut
684 1743 811 1778 discant
823 1755 892 1777 non
904 1740 1126 1786 blasphemare
1138 1766 1145 1774 .

247 1791 386 1826 Illorum
409 1792 564 1825 versutias
584 1791 618 1824 ὅτ
641 1792 837 1838 prestigiosa
863 1795 1043 1838 figmenta,
1069 1794 1145 1837 quia

247 1842 388 1887 longum
409 1843 455 1877 est
485 1841 646 1881 scribere,
672 1842 787 1878 Latori
817 1843 1043 1886 praesentium,
1070 1842 1146 1877 dile·

246 1893 300 1926 ἂο
326 1892 399 1926 filio
423 1892 535 1927 nostro
548 1891 738 1938 Gregorio,
766 1892 856 1929 Sedis
866 1895 980 1929 nostrae
991 1893 1146 1928 Diacono

248 1942 423 1977 Cardinali
436 1943 661 1978 commisimus
679 1944 854 1980 indicanda
868 1970 875 1978 .
904 1944 1078 1990 Rogamus
1091 1944 1146 1977 ita·

249 2003 316 2035 que
338 1995 548 2028 sanctitatem
572 1993 708 2029 vestram
723 2020 733 2037 ,
760 2007 796 2030 ut
820 1996 910 2030 illam
930 2006 1030 2038 quam
1063 1994 1145 2028 olim

249 2042 335 2077 circa
360 2053 414 2075 me
435 2041 647 2077 dilectionem
669 2046 706 2077 in
729 2046 853 2079 minori
864 2044 1147 2079 administratione

249 2092 306 2126 vifl
338 2092 415 2126 estis
440 2091 595 2126 exhibere
617 2115 629 2133 ,
659 2103 749 2127 nunc
776 2094 812 2127 in
835 2093 1034 2137 Apostolicae
1057 2091 1148 2125 Sedis

249 2142 432 2187 Regimine
457 2143 640 2175 constituto
664 2142 850 2176 subtrahere
877 2154 946 2176 non
981 2140 1146 2175 debeatis.

250 2190 470 2226 Confiderans
505 2190 664 2232 siquidem
685 2190 911 2225 infirmitatem
926 2201 1033 2223 meam
1051 2189 1092 2223 ad
1105 2191 1149 2223 Δ·

251 2241 421 2286 postolicae
431 2238 523 2276 Sedis
533 2239 666 2273 culmen
679 2251 748 2273 non
772 2240 861 2284 posse
872 2239 1037 2282 sufficere,
1062 2250 1149 2273 onus

251 2290 319 2326 hoc
332 2291 497 2325 declinare
509 2291 687 2324 malueram
701 2314 711 2330 ,
739 2302 780 2324 ne
792 2291 825 2324 in
839 2288 998 2324 Pastorali
1020 2289 1148 2334 regimi-

253 2354 299 2376 ne
321 2340 452 2385 imparis
473 2339 767 2374 administrationis
795 2342 924 2375 actione
955 2339 1148 2374 succumbe-

254 2403 345 2427 rem:
374 2391 436 2426 Sed
448 2390 525 2436 quia
548 2391 712 2425 contraire
730 2403 799 2425 non
811 2391 856 2425 est
867 2390 1072 2434 disponentis
1084 2390 1147 2423 Dei

256 2441 415 2482 arbitrio,
441 2440 632 2476 obedienter
656 2442 781 2475 secutus
803 2443 895 2481 sum,
921 2439 1011 2482 quod
1031 2440 1149 2474 miseri·

256 2504 331 2527 cors
342 2492 382 2527 de
395 2504 448 2526 me
458 2492 711 2534 Omnipotentis
724 2501 841 2526 manus
852 2491 990 2525 voluerit
1000 2491 1126 2533 operari
1138 2515 1146 2523 .

255 2543 450 2577 Domini&
464 2541 630 2585 Principes
642 2542 740 2575 nostri
756 2541 871 2575 Petrus
883 2542 916 2575 ὅ(
929 2542 1069 2579 Paulus,
1079 2540 1148 2584 qui-

257 2593 321 2627 bus
342 2594 376 2626 in
403 2594 479 2626 loco
507 2593 616 2626 sansto
629 2591 750 2626 affidue
772 2590 959 2632 deservitis,
986 2591 1081 2625 vobis
1091 2601 1149 2633 pro

258 2642 356 2678 nobis
377 2641 548 2676 orantibus
573 2642 690 2686 gaudia
714 2653 839 2675 aeternae
860 2641 1026 2675 felicitatis
1057 2640 1149 2674 obti-

258 2702 380 2727 neant.
409 2692 536 2726 Datum
559 2692 676 2726 Romae
696 2691 781 2737 apud
816 2692 972 2727 Sanctum
997 2691 1148 2731 Petrum,

259 2739 418 2778 Kalendis
431 2740 515 2776 Maii
529 2765 537 2775 .

361 2948 912 2998 EPISTOLA
982 2951 1049 2996 II.

364 3090 494 3123 Iuturna
505 3089 772 3124 Praedecefforum
786 3090 970 3123 nostrorum
982 3089 1148 3122 consuetu-

389 3140 432 3174 do
456 3141 489 3174 &
514 3141 645 3184 negotia
666 3150 769 3182 nuper
780 3138 979 3183 emergentia
991 3150 1052 3172 nos
1062 3150 1150 3172 com-

268 3189 395 3232 pellunt
409 3214 418 3229 ‚
448 3200 484 3224 ut
511 3191 674 3234 Legatum
688 3201 727 3222 ex
740 3189 854 3224 Latere
864 3189 974 3223 nossro
984 3189 1024 3221 ad
1038 3200 1093 3222 vos
1103 3189 1151 3223 di-

266 3238 370 3282 rigere
391 3239 579 3273 debeamus.
608 3239 774 3273 Dilet‘tum
796 3240 905 3281 itaque
927 3239 1050 3273 Filium
1087 3250 1151 3272 no-

267 3288 368 3322 strum
392 3288 589 3332 Gregorium
612 3289 822 3323 Cardinalem
834 3290 1023 3324 Diaconum
1034 3289 1069 3322 in
1084 3301 1152 3332 par-

269 3347 318 3373 tes
331 3337 520 3386 Aquitaniae
536 3339 703 3374 mittentes
722 3350 891 3385 rogamus,
917 3349 954 3376 ut
971 3339 1065 3375 solita
1075 3349 1150 3374 eum

841 154 1151 201 ANA'anrl
1187 150 1555 199 Anu-Pam

1211 235 1348 281 epietate
1368 248 1428 280 pro
1452 237 1547 272 Beati
1569 236 1701 274 Petri&
1714 240 1821 276 nostra
1833 242 2009 281 reverentia
2023 244 2113 280 beni-

1225 285 1291 330 gne
1312 286 1509 330 suscipiatis,
1534 286 1628 331 eique
1647 299 1715 332 quo
1733 292 1850 326 ordine
1867 304 1928 329 nos
1942 294 2111 330 Dominus

1226 335 1422 378 Apostolicae
1433 337 1509 371 Sedi
1534 338 1659 381 praeesse
1686 338 1813 380 voluit,
1838 351 1876 375 ac
1886 344 2108 385 descandalo‚

1223 384 1313 427 quod
1333 386 1352 419 a
1375 387 1570 430 pauciffimis
1591 388 1625 421 in
1647 387 1801 423 Romana
1823 390 1964 427 Ecclesia
1987 395 2108 431 factum

1223 435 1354 473 audistis
1364 462 1375 478 ‚
1402 449 1492 472 aures
1506 435 1623 472 vestras
1633 438 1700 473 fine
1713 438 1913 474 h'aefitatione
1927 442 2089 485 prebeatis
2100 472 2107 478 .

1223 485 1338 521 Fidem
1365 487 1520 522 nimirum
1539 488 1606 531 ejus
1619 489 1825 524 Sacrosansta
1836 488 1989 526 Romana
1999 492 2107 530 Eccle-

1223 537 1265 570 sla
1280 536 1450 579 probatam
1460 535 1498 571 ha
1505 538 1557 573 bet
1569 563 1580 579 ‚
1607 550 1714 583 neque
1724 538 1813 574 aliud
1825 539 1920 575 vobis
1929 542 2109 584 enarrabit,

1222 596 1331 630 praeter
1354 587 1388 622 id
1400 588 1511 633 *quod
1524 590 1641 624 veritas
1657 588 1772 625 docet.
1800 590 1953 627 Praeterea
1964 591 2107 627 Univer-

1221 636 1306 670 fitati
1330 634 1443 673 vestrae'
1459 640 1700 684 significamus,
1727 640 1817 685 quod
1838 651 1897 684 pto
1908 653 2038 677 morum
2050 641 2108 677 ho-

1222 686 1344 721 nestate
1356 711 1366 728 ,
1394 690 1636 734 prudentiaeque
1656 692 1800 725 efficacia
1810 715 1822 732 ,
1846 690 1928 727 ficut
1940 691 2049 728 Beatae
2061 704 2107 728 re-

1217 737 1418 773 cordationis
1437 735 1528 784 Papa
1552 739 1720 776 Paschalis
1739 742 1881 776 nutritor
1902 743 2011 777 noster
2034 767 2046 783 ,
2070 743 2105 778 &

1218 788 1287 831 post
1300 800 1377 823 eum
1391 789 1448 824 alii
1460 788 1687 826 Antecessores
1709 791 1812 826 nostri
1831 792 1979 828 Rotnani
1991 791 2107 828 Ponti·

1218 838 1293 872 fices
1314 837 1497 881 fecerunt,
1522 839 1753 876 Venerabilem
1775 842 1922 877 Fratrem
1956 842 2104 878 nostrum

1216 886 1392 923 Girardum
1401 914 1413 931 ,
1442 890 1729 935 Engolismensem
1743 892 1943 937 Episcopum
1954 916 1967 934 ,
1984 904 2038 938 per
2050 904 2105 927 ve·

1215 937 1290 972 ffra‘s
1298 938 1492 975 Provincias
1505 940 1602 976 vobis
1613 942 1644 976 ei
1657 942 1911 986 cooperantibus
1922 967 1933 984 ,
1957 942 2103 988 Aposto-

1186 988 1188 991 ’
1216 986 1281 1022 lica!
1300 989 1395 1024 Sedis
1416 989 1608 1026 liberalitate
1628 991 1663 1025 in
1676 1003 1800 1035 partem
1812 992 2042 1028 sollicitudinis
2050 1005 2104 1029 ve-

1214 1037 1278 1071 strae
1294 1041 1499 1075 vocavimus.
1529 1041 1592 1075 Per
1614 1042 1777 1084 praesentia
1796 1042 1898 1088 igitur
1915 1042 2010 1078 vobis
2021 1044 2104 1078 Scri-

1214 1097 1266 1130 pta
1278 1089 1493 1128 mandamus,
1518 1101 1555 1125 ut
1565 1090 1673 1125 eidem
1685 1092 1774 1128 fratri
1785 1092 1918 1137 nostro,
1942 1102 2102 1138 tanquam
2141 1106 2144 1113 ¹

1214 1138 1411 1182 Apostolicae
1433 1136 1525 1175 Sedis
1546 1139 1696 1183 Legato,
1723 1140 1868 1175 debitam
1888 1142 2005 1177 curetis
2017 1154 2102 1179 reve·

1212 1188 1349 1223 rentiam
1374 1187 1545 1224 exhibere.
1574 1190 1649 1223 Nos
1671 1190 1762 1224 enim
1781 1190 2000 1227 ei&Diletto
2010 1192 2101 1229 Filio

1213 1239 1321 1273 nostro
1344 1239 1493 1273 dedimus
1517 1239 1550 1273 in
1565 1239 1756 1281 Mandatis,
1783 1252 2014 1277 utconvocato
2025 1244 2103 1278 Fra·

1211 1300 1295 1324 trum
1319 1289 1477 1335 Collegio
1498 1313 1510 1330 ,
1537 1288 1727 1325 Concilium
1743 1290 1892 1335 *debeant
1914 1292 2100 1335 celebrare,

1205 1341 1244 1373 vin
1267 1350 1334 1384 quo
1345 1338 1503 1374 charitate
1525 1340 1634 1375 media
1655 1341 1891 1382 consedentes,
1915 1343 2101 1378 communi-

1210 1400 1284 1424 cato
1295 1391 1451 1431 consilio,
1477 1391 1650 1434 Sanstique
1662 1391 1802 1434 Spiritus
1812 1392 1913 1436 gratia
1926 1393 2076 1429 invocata
2086 1416 2100 1435 ‚

1209 1440 1400 1485 corrigenda
1412 1441 1581 1485 corrigant
1593 1464 1604 1481 ,
1630 1441 1664 1477 &
1686 1452 1756 1485 quae
1768 1441 1871 1487 digna
1888 1442 2010 1478 fuerint
2021 1455 2100 1479 con·

1199 1491 1396 1532 firmatione
1427 1491 1645 1527 corroborent
1668 1515 1676 1524 .
1703 1491 1830 1526 Datum
1864 1491 1982 1530 Roma
2012 1492 2101 1538 apud

1208 1542 1361 1576 Sanctum
1373 1540 1511 1575 Petrum
1522 1566 1533 1583 ,
1561 1539 1725 1577 Kalendas
1743 1541 1849 1576 Maii.

1321 1745 1990 1801 EPISTOLAIII.

1280 1885 1335 1920 Ro
1347 1895 1403 1921 tua
1425 1884 1609 1929 probitate,
1634 1898 1732 1932 quam
1753 1888 1868 1923 Sansta
1890 1888 2002 1925 Mater
2022 1890 2102 1926 Ro-

1304 1946 1400 1971 mana
1414 1936 1556 1972 Ecclesia
1567 1938 1672 1984 longo
1681 1938 1747 1982 jam
1767 1948 1914 1984 tempore
1931 1944 2099 1986 expertam

1209 1987 1307 2022 habet
1327 2012 1339 2028 ,
1365 1987 1421 2021 Te
1446 1997 1602 2032 tanquam
1628 1987 1847 2024 chariffimum
1877 1990 1970 2025 suum
1996 1989 2101 2036 praeci-

1209 2048 1309 2081 puum
1322 2037 1446 2072 Filium
1458 2037 1581 2073 dilexit
1595 2062 1607 2079 ‚
1633 2039 1667 2073 ἀ
1682 2039 1812 2083 speciali
1832 2041 1936 2085 gratia
1957 2040 2102 2076 honora-

1209 2087 1255 2119 vit
1272 2110 1280 2118 .
1307 2087 1478 2120 Dominus
1499 2087 1659 2127 siquidem
1683 2090 1716 2121 δε
1729 2089 1872 2123 nutritor
1900 2090 2007 2125 noster
2027 2092 2098 2125 san-

1207 2135 1261 2168 &ae
1277 2134 1440 2169 memoriae
1464 2134 1552 2178 Papa
1573 2135 1739 2171 Paschalis
1758 2161 1770 2177 ,
1794 2139 1828 2172 δε
1851 2138 1908 2172 alii
1927 2140 1997 2184 post
2019 2150 2096 2174 eum

1209 2183 1357 2218 Romani
1369 2182 1547 2218 Pontifices
1569 2185 1615 2217 ob
1625 2185 1768 2229 lnfignia
1790 2188 1948 2222 virtutum
1967 2199 2096 2224 tuarum

1210 2234 1279 2267 suas
1298 2232 1360 2267 tibi
1380 2234 1614 2267 commiserunt
1639 2235 1726 2268 vices
1743 2235 1777 2267 in
1794 2234 1982 2279 Aquitaniae
2002 2239 2098 2283 parti-

1212 2284 1270 2318 bus
1279 2283 1492 2327 peragendas.
1520 2282 1594 2317 Nos
1616 2284 1717 2328 igitur
1731 2285 1917 2322 dilectionis
1934 2289 2097 2332 praeteritaz

1210 2344 1247 2368 ac
1270 2332 1503 2368 sollicitudinis
1530 2345 1717 2374 memores,
1747 2335 1864 2380 quibus
1884 2339 2006 2383 semper
2016 2339 2095 2373 Ma-

1210 2394 1293 2418 trem
1318 2393 1409 2417 tuam
1433 2383 1621 2417 Romanam
1657 2383 1833 2420 Ecclesiam
1861 2384 2002 2423 dilexisti
2024 2413 2034 2430 ‚
2061 2389 2095 2424 δε

1212 2433 1395 2478 propensius
1421 2432 1569 2475 adjuvisti
1597 2458 1608 2473 ‚
1653 2434 1868 2479 Legationem
1896 2438 2099 2496 Apostolicg

1211 2484 1322 2525 Sedis,
1350 2483 1544 2518 liberalitate
1573 2483 1591 2516 a
1603 2482 1888 2520 Praedecefforibus
1900 2489 2019 2523 nostris
2030 2488 2094 2523 tibi

1210 2535 1394 2569 concessam
1418 2557 1429 2573 ,
1456 2545 1517 2567 nos
1540 2544 1673 2578 quoque
1693 2535 1905 2572 concedimus
1925 2562 1936 2578 ‚
1962 2539 1994 2573 &
2014 2539 2095 2573 ficut

1211 2584 1343 2619 illorum
1363 2583 1509 2618 habuisse
1531 2584 1757 2629 cognosceris,
1785 2587 1830 2620 ita
1854 2588 1887 2620 δε
1901 2587 2023 2623 nostras
2039 2587 2095 2622 ha·

1211 2634 1285 2669 bere
1306 2644 1339 2669 te
1351 2634 1436 2668 vices
1459 2633 1611 2677 deinceps
1630 2634 1802 2675 volumus,
1827 2636 1862 2669 ὅ(
1880 2638 2004 2682 gratis,
2029 2638 2098 2681 ple·

1211 2694 1320 2728 noque
1331 2682 1498 2719 charitatis
1509 2683 1634 2717 intuitu
1647 2684 1877 2719 confirmamus
1891 2710 1899 2719 .
1928 2687 1986 2722 Ad
1999 2687 2094 2731 hujus

1211 2746 1321 2769 autem
1341 2732 1455 2769 nostrae
1476 2732 1694 2767 concessionis
1714 2734 1956 2771 firmamentum
1977 2761 1987 2778 ,
2012 2737 2094 2772 dile-

1212 2787 1299 2819 ctum
1311 2784 1434 2819 Filium
1445 2783 1592 2817 nostrum
1605 2783 1803 2827 Gregorium
1815 2785 2004 2822 Diaconum
2017 2787 2094 2822 Car·

1214 2835 1358 2870 dinaletn
1373 2834 1517 2868 misimus
1530 2858 1541 2873 ‚
1562 2843 1660 2876 quem
1674 2832 1708 2866 in
1721 2834 1864 2878 partibus
1875 2835 1938 2871 illis
1948 2837 2095 2882 aliquan·

1212 2887 1310 2930 tisper
1337 2884 1489 2919 volumus
1508 2882 1690 2918 conversari
1703 2907 1712 2916 .
1737 2883 1824 2919 Tuae
1844 2886 1954 2928 itaque
1971 2889 2094 2923 Frater-

1212 2935 1310 2970 nitati
1335 2934 1551 2975 mandamus,
1578 2944 1615 2968 ut
1635 2943 1712 2968 cum
1737 2935 1854 2969 eodem
1865 2936 1954 2970 Filio
1979 2936 2093 2971 nostro

1213 2984 1404 3021 Concilium
1429 2984 1555 3018 studeas
1576 2994 1781 3026 convocare,
1807 2985 1843 3019 in
1854 2998 1922 3030 quo
1934 2985 2093 3023 charitate

1213 3036 1320 3071 media
1331 3035 1544 3070 consedentes
1558 3058 1569 3075 ,
1594 3035 1843 3070 communicato
1855 3036 2003 3072 Fratrum
2015 3049 2096 3072 con-

1214 3087 1286 3120 silio
1311 3110 1324 3126 ,
1362 3085 1534 3128 Sanetique
1559 3084 1697 3128 Spiritus
1722 3085 1826 3129 gratia
1857 3097 2056 3131 cooperante
2080 3110 2096 3128 ,

1211 3135 1404 3181 corrigenda
1428 3135 1592 3179 corrigant
1605 3158 1616 3175 ‚
1643 3135 1757 3178 &quae
1777 3136 2030 3171 confirmatione
2040 3135 2094 3170 di-

1212 3198 1278 3232 gna
1293 3187 1365 3220 sunt
1378 3210 1389 3226 ,
1415 3185 1636 3219 confirment.
1664 3184 1842 3230 Peripsum
1860 3187 1959 3221 etiam
1968 3185 2010 3221 de
2021 3199 2095 3230 pro-

1213 3238 1364 3271 motione
1412 3236 1521 3269 nostra
1542 3260 1555 3277 ,
1591 3235 1645 3269 seu
1667 3233 1709 3269 de
1727 3235 1878 3271 scandalo
1899 3261 1911 3278 ‚
1945 3237 2035 3281 quod
2055 3237 2094 3271 in

1213 3288 1368 3321 Romana
1393 3286 1536 3319 Ecclesia
1555 3285 1676 3319 factum
1698 3285 1816 3320 audisti
1834 3308 1847 3326 ‚
1871 3297 1903 3321 te
1926 3286 2093 3321 reddimus

1213 3338 1404 3378 certiorem,
1430 3334 1590 3382 quatenus
1600 3334 1746 3372 Dilectio
1761 3344 1818 3371 tua
1837 3336 1872 3372 ὅ(
1884 3335 2091 3372 mendacium

1942 3394 2040 3421 omne
