2320 3730
605 185 912 237 Seuerus,
950 193 1013 226 ετ
1046 178 1238 226 Νοτιε
1277 192 1662 229 rrLusTRATAE.

207 262 433 313 appellaverit.
459 261 610 297 Secund&
622 289 634 305 ,
661 265 751 309 quod
762 264 891 301 causam
906 272 973 296 non
986 260 1093 305 postu-

208 319 283 353 larit
292 312 431 357 delegari
452 311 487 346 in
499 313 669 356 Partibus,
694 313 747 349 sed
767 314 908 349 voluerit
921 313 1037 348 Romae
1047 310 1092 347 di-

209 361 510 408 scutiperPapam.
537 364 678 406 Tertio,
708 363 796 410 quod
822 364 922 398 etiam
932 359 1091 402 Meletius

209 412 477 461 Appellationem
498 413 704 459 probaverit,
728 426 766 448 ac
787 414 817 448 ei
838 414 870 447 se
889 411 1092 454 adjunxerit.

209 467 256 502 Et
276 463 332 499 hic
352 464 474 499 rursum
497 465 607 506 vides2
629 464 720 510 quod
737 463 838 501 etiam
856 460 1093 502 Theodoretus

209 525 289 552 tunc
298 515 520 560 appellaverit.

428 730 471 774 C
485 728 575 775 ΑΡ
589 722 689 773 UT
724 726 864 772 CXX.
927 723 1086 770 --208

211 871 292 929 ‘Deo
329 860 564 929 Amiczffimo
586 901 601 925 ‚
637 866 784 932 inquit
819 900 833 924 ,
856 860 1091 930 secundam)

280 939 482 998 veritatem
505 971 520 995 ‚
553 939 612 982 (φ
639 930 882 999 Samffffmo
910 935 1023 979 Patri

375 1003 557 1071 EPfiOPO
593 1002 778 1072 Nfiorio
801 999 930 1052 Theo-

569 1071 711 1134 doretus
719 1108 732 1124 .

312 1213 398 1250 Uod
417 1212 611 1253 habitareiu
630 1213 707 1249 villa
719 1225 788 1250 non
800 1222 943 1248 metuam
955 1238 966 1254 ‚
993 1212 1095 1248 &ob-

334 1264 422 1309 sequi
444 1264 598 1310 Regulae,
624 1263 658 1299 &
683 1263 799 1299 excelli
808 1261 1026 1299 Throninon
1037 1263 1096 1296 sun

362 1314 519 1350 desiderio
539 1313 765 1358 compeditus,
791 1324 882 1349 tuam
902 1315 993 1349 nosse
1017 1311 1098 1346 arbi-

215 1375 286 1400 tror
304 1365 535 1399 sanctitatem.
563 1365 653 1400 Nam
673 1363 840 1399 fi&aliud
850 1363 958 1404 nihil,
984 1363 1097 1398 saltem

215 1414 406 1449 sollicitudo
418 1413 560 1449 civitatis
568 1439 579 1455 ,
605 1414 697 1457 cujus
723 1413 944 1459 gubernacula
955 1414 1027 1447 sum
1038 1413 1100 1448 sor·

215 1464 296 1498 titus
319 1488 330 1505 ,
356 1463 431 1498 satis
451 1464 495 1499 est
515 1464 557 1499 ad
578 1463 768 1499 docendum
791 1475 844 1498 me
854 1462 939 1498 hanc
951 1460 1100 1498 Philoso-

216 1513 331 1559 phiam
349 1539 357 1546 .
383 1514 502 1548 Praeter
522 1515 622 1558 ipsam
644 1513 799 1557 siquidem
819 1512 1076 1550 sollicitudinem
1089 1536 1100 1553 ,

216 1565 252 1598 ὅ(
262 1564 428 1598 causarum
438 1563 546 1598 turbas
553 1563 707 1607 plurimas
717 1584 728 1600 ‚
746 1561 843 1596 habet
855 1573 926 1605 quae
935 1562 1101 1596 sufficiunt

216 1612 261 1648 ad
281 1611 482 1665 abigendum
502 1623 559 1646 eos
584 1621 716 1655 quoque
738 1635 750 1651 ,
774 1612 832 1655 qui
851 1611 950 1645 nimis
982 1610 1102 1645 talibus

217 1661 364 1708 gaudent
373 1687 380 1695 .
408 1661 530 1696 Nullus
542 1661 644 1707 igitur
654 1660 876 1707 Religiofitati
887 1671 950 1698 tuae
961 1659 1102 1700 suadeat,

218 1712 311 1758 quod
320 1723 386 1757 ego
413 1711 601 1746 Praesulatus
611 1722 721 1746 amore
730 1711 847 1746 oculos
858 1711 1030 1752 claudens,
1055 1711 1102 1746 id-

220 1762 313 1798 circo
325 1773 363 1797 ut
374 1760 589 1796 Orthodoxas
601 1761 792 1805 susceperim
810 1761 931 1796 litteras
941 1760 982 1796 ab
994 1760 1102 1806 AEgy-

217 1822 297 1857 pto.
325 1812 415 1847 DIco
426 1812 538 1853 enim,
563 1812 642 1847 ficut
653 1822 762 1846 coram
785 1811 921 1846 veritate
931 1811 1020 1855 ipsa,
1045 1812 1103 1845 fre·

218 1872 358 1907 quenter
378 1862 424 1896 eis
437 1861 605 1905 perstetis,
631 1860 855 1906 subtiliterque
865 1861 1030 1900 discuffis,
1055 1861 1103 1895 in-

220 1912 298 1947 veni
318 1910 359 1945 ab
384 1911 442 1946 illa
463 1922 517 1946 eas
548 1909 698 1946 haeretica
728 1911 945 1946 amaritudine
969 1910 1103 1946 liberas.

219 1962 351 2006 Easque
370 1960 467 1995 timui
489 1961 560 1995 ullo
584 1960 687 1995 modo
707 1961 885 1996 maculare.
914 1961 1007 1995 Dum
1020 1959 1105 1996 certe

218 2011 370 2054 oderim,
396 2023 467 2046 non
490 2008 599 2046 minus
619 2010 713 2052 aliis,
738 2010 868 2046 illarum
891 2010 1044 2052 Patrem,
1071 2011 1106 2044 fi-

218 2071 278 2096 cut
295 2062 397 2096 totius
416 2060 540 2095 Mundi
559 2060 811 2103 perturbationis
826 2060 1032 2094 Authorem.
1060 2058 1104 2092 Et

216 2113 309 2155 spero
322 2121 389 2145 non
401 2121 453 2145 me
466 2109 649 2144 soluturum
662 2120 773 2153 poenas
783 2108 828 2143 ob
844 2107 910 2143 hoc
934 2108 970 2143 in
985 2109 1038 2143 die
1057 2108 1104 2152 ju-

217 2160 319 2196 dicii.
346 2160 438 2208 Qia
461 2159 560 2202 justus
582 2159 679 2202 judex
702 2158 747 2194 est
770 2159 929 2202 inspector
949 2158 1106 2193 intentio-

217 2211 288 2245 nis.
317 2210 383 2243 His
401 2218 509 2243 autem
522 2232 534 2248 ,
560 2219 628 2251 quae
642 2217 756 2242 contra
767 2217 859 2241 tuam
871 2207 1032 2249 injuste&
1045 2208 1106 2241 ini·

218 2259 284 2304 que
305 2260 386 2294 faeta
407 2259 481 2292 sunt
508 2257 741 2296 Sanstitatem,
767 2255 981 2290 necfiambas
992 2265 1106 2289 manus

218 2321 308 2346 meas
333 2308 471 2351 quilibet
490 2306 659 2341 abscindat
672 2329 683 2346 ‚
707 2306 813 2350 patior
833 2305 1000 2340 assentire:
1029 2304 1106 2338 Pro-

219 2360 274 2395 cul
284 2358 387 2393 dubio
399 2357 522 2391 Divina
534 2356 617 2391 mihi
629 2366 826 2400 cooperante
836 2356 940 2400 gratia
952 2380 962 2396 ‚
989 2355 1022 2389 &
1036 2354 1103 2388 ani·

147 2442 149 2444 ,
219 2421 280 2444 mae
290 2407 549 2442 imbecillitatem
561 2405 735 2439 roborante
747 2430 754 2436 .
766 2406 809 2439 Et
819 2403 884 2439 hoc
895 2403 1104 2439 manifestum

221 2459 285 2492 feci
299 2459 332 2491 &
355 2457 419 2490 illis
439 2467 493 2500 per
515 2455 656 2495 litteras,
682 2454 738 2498 qui
756 2454 885 2498 exigere
896 2453 1101 2488 nitebantur.

221 2507 343 2542 Direxi
366 2503 442 2540 vero
463 2506 496 2539 &
518 2504 685 2539 Sanffltati
703 2514 763 2538 tuae
784 2515 920 2544 eorum,
947 2515 1017 2547 quae
1040 2503 1105 2537 illis

221 2555 397 2601 respondi,
423 2555 612 2597 Rescripta:
640 2553 695 2588 Ut
716 2555 889 2598 agnoscas,
914 2553 989 2597 quia
1012 2554 1105 2587 Divi-

222 2617 270 2642 no
291 2603 374 2640 nutu
392 2604 411 2637 a
433 2604 527 2638 nullo
546 2604 654 2637 sumus
667 2612 812 2646 tempore
830 2603 1027 2646 permutati,
1053 2614 1107 2637 ne-

224 2667 287 2700 que
308 2653 503 2697 multipedes
516 2661 573 2687 aut
595 2651 840 2686 chamaleontes
857 2652 1005 2692 ostendi,
1030 2664 1108 2696 quo-

223 2716 296 2740 rum
319 2704 355 2738 hi
372 2703 506 2745 quidem
525 2713 629 2745 petras
647 2726 658 2742 ,
689 2701 739 2735 illi
759 2701 837 2736 vero
859 2702 962 2743 folia,
988 2702 1107 2747 quibus

227 2753 417 2790 adbaeserint
436 2776 448 2793 ,
473 2752 583 2786 colore
603 2751 773 2787 imitantur
790 2777 798 2784 .
836 2755 980 2789 Omnem
1001 2776 1013 2793 ,
1040 2764 1108 2797 quae

226 2816 305 2840 cum
324 2814 378 2838 tua
401 2801 629 2846 Religiofitate
649 2800 694 2834 est
717 2803 753 2836 in
770 2798 924 2843 Christo,
951 2804 1107 2837 Frater-ni-

226 2864 329 2890 tatem
340 2864 426 2899 ego,
451 2850 554 2895 &qui
567 2851 802 2894 mecum’sunt,
828 2852 1007 2898 plurimum
1026 2852 1107 2888 salu-

228 2914 356 2942 tamus.

423 3057 913 3104 SenorloN.

338 3202 406 3237 AEc
438 3200 584 3245 Epistola
615 3200 718 3237 exstat
752 3202 788 3236 in
814 3205 926 3248 quinta
951 3204 1104 3250 synodo.

362 3253 441 3288 Haec
464 3250 657 3286 Caffinenfis
675 3251 721 3285 est
731 3252 795 3287 alia
805 3254 994 3297 translatio,
1020 3255 1107 3290 ideo-

228 3314 293 3347 que
322 3302 384 3336 fuit
411 3313 479 3336 non
510 3300 781 3345 praetermittenda
798 3326 807 3336 .
844 3305 953 3341 Docet
980 3304 1105 3350 primd,

224 3351 316 3401 quod
328 3351 499 3388 Nestorius
520 3352 619 3386 etiam
640 3350 711 3394 post
725 3351 864 3397 initam,
888 3366 926 3392 ac
946 3355 989 3392 ab
1008 3356 1106 3402 Apo-

326 3400 436 3445 cbriffi
449 3405 530 3447 Lupi
542 3406 642 3447 opera
653 3404 757 3438 T.V11.

1171 2450 1239 2485 cha:
1254 2474 1265 2491 ,
1283 2450 1325 2486 ad
1349 2451 1522 2488 secundam
1543 2454 1739 2498 Ephefinarn
1762 2457 1935 2500 Synodum
1955 2458 2062 2501 profe-

1152 259 1264 296 stolica
1285 260 1367 295 Sede
1386 261 1614 296 confirmatam
1634 274 1747 305 pacem
1768 269 1919 306 manserit
1928 269 2029 314 pertin

1152 321 1215 344 nax
1226 325 1237 347 ,-
1263 309 1333 345 imo
1343 310 1433 355 quod
1444 312 1506 346 suae
1515 313 1725 356 reparationis
1737 316 1821 357 spem
1844 331 1912 354 non
1923 321 2032 364 depo-¹

1154 360 1250 396 suerit
1263 386 1270 396 ,
1296 360 1450 396 Secundo
1462 385 1474 402 ,
1499 360 1590 406 quod
1610 361 1743 406 quidam
1754 366 1935 403 orientales
1954 370 2035 415 Epi·-

1152 410 1241 454 scopi
1252 421 1321 444 non
1331 410 1481 448 desierint
1492 422 1568 448 cum
1590 412 1661 456 ipso
1672 412 1925 450 familiaritatem
1942 420 2033 454 fove-

1152 471 1184 493 re
1204 471 1260 503 per
1279 460 1441 503 Epistolas
1460 486 1467 493 .
1496 461 1640 503 Tertid,
1667 462 1757 507 quod
1778 461 1898 498 horum
1918 465 2034 509 aliquis

1150 510 1235 553 apud
1249 510 1352 553 ipsum
1372 511 1565 546 accusaverit
1580 511 1852 553 Thmdorerum,
1878 523 2034 558 tanquam

1152 560 1207 602 qui
1229 561 1343 595 veteris
1371 562 1524 605 amicit‘rae
1543 573 1582 597 ac
1603 564 1784 607 frequentis
1814 564 2036 607 promiffionis

1152 610 1372 652 praevaricator
1391 636 1402 652 ‚
1428 623 1470 646 ex
1496 613 1659 648 retinendi
1686 614 1900 658 Episcopatus
1923 625 2038 649 amore

1150 659 1396 696 damnationem
1408 660 1476 704 ejus
1486 662 1671 698 admiserit.
1698 663 1798 699 Illum
1817 665 2009 703 accusarunt
2024 689 2039 706 ,

1151 709 1240 753 quod
1263 709 1325 744 isto
1346 721 1456 747 amore
1475 712 1734 758 circumscriptus
1758 714 1879 758 Cyrilli
1890 715 2039 755 litteras,

1151 770 1230 802 quas
1243 757 1415 813 'haereticas
1433 771 1590 804 noverat,
1616 774 1731 802 contra
1750 765 1814 799 suae
1829 765 2040 801 conscientiae

1150 808 1308 852 judicium
1320 810 1439 844 dixerit
1459 811 1493 844 &
1504 811 1656 854 scripserit
1666 812 1888 852 Orthodoxas.
1916 815 2043 860 Agitur-

1154 859 1322 902 praesertim
1337 860 1379 894 de
1389 859 1516 899 duabus
1526 861 1928 909 SanstiCyrilliEpistolis
1941 879 1953 899 .·
1980 863 2042 898 Vi-
2077 857 2081 863 '

1152 909 1271 943 delicet
1293 907 1333 943 de
1352 910 1429 950 illa,
1454 921 1552 954 quam
1576 921 1651 952 ante
1666 911 1760 947 Pauli
1772 915 2044 959 EmeseniLegaw

1153 959 1279 993 tlonem
1305 960 1461 1002 rescripfit
1474 959 1665 998 Berrhaeenfi
1679 962 1823 1003 Acacio,
1848 965 1882 1002 ὅ(
1894 965 1934 1000 de
1945 964 2046 999 Paci-s

1154 1008 1297 1044 ficatoria
1318 1008 1456 1053 epistola
1469 1032 1481 1048 ‚
1507 1020 1605 1052 quam
1626 1011 1697 1053 post
1719 1011 1905 1049 conclusam
1927 1025 2044 1058 pacem

1156 1071 1208 1104 per
1219 1059 1384 1104 praesatutn
1395 1058 1535 1099 Paulum
1556 1059 1709 1105 rescripfit
1723 1061 1843 1104 Ioanni
1853 1060 2047 1100 Antioche-⁸

1158 1121 1224 1146 no.

1205 1161 1301 1209 Qin
1314 1160 1423 1198 ambas
1437 1162 1598 1208 Epistolas
1610 1162 1782 1199 Nestorius
1794 1161 1944 1199 habuerit
1953 1186 1964 1203 ,
1976 1173 2050 1196 none

1156 1211 1200 1245 est
1212 1210 1450 1247 dubitandum.
1477 1213 1562 1248 Item
1583 1212 1803 1248 dubitandum
1823 1225 1891 1248 non
1904 1214 1951 1248 est
1966 1213 2054 1257 quin.

1160 1262 1240 1305 ipsas
1252 1259 1442 1305 judicaverit
1453 1261 1621 1299 haereticas
1634 1289 1642 1296 .
1669 1263 1765 1298 Hinc
1785 1263 1875 1299 enim
1888 1261 2052 1297 Theodo-

1159 1319 1263 1346 retum
1281 1312 1409 1356 arguit,
1436 1313 1525 1357 quod
1548 1314 1630 1358 ipsas
1652 1313 1792 1357 probans
1816 1325 1854 1349 ac
1876 1312 2054 1356 suscipiens

1160 1371 1275 1397 contra
1288 1363 1457 1399 veritatem
1476 1363 1632 1399 clausisset
1648 1364 1782 1399 oculos.
1810 1365 1863 1399 Ex
1885 1374 1953 1407 quo
1963 1370 2053 1406 patet

1163 1412 1265 1454 ipsum
1287 1413 1457 1456 perstitisse
1467 1412 1587 1450 durum
1609 1415 1643 1449 in
1666 1413 1788 1449 haerefi.
1817 1413 2059 1449 Theodoretus

1163 1461 1218 1504 ipsi
1251 1463 1417 1506 respondit
1436 1475 1593 1508 quatuor.
1621 1464 1755 1504 Primo,
1782 1464 1874 1508 quod
1896 1463 1987 1498 nulla
2006 1473 2056 1496 re-

1162 1510 1291 1546 tinendi
1314 1511 1528 1557 Episcopatus
1563 1514 1701 1549 ducatur
1724 1513 1863 1549 libidine
1880 1539 1888 1546 .
1918 1512 2061 1555 Utpote

1164 1560 1222 1604 qui
1234 1561 1275 1594 ab
1294 1561 1352 1596 illa
1364 1561 1494 1597 abunde
1517 1574 1673 1608 purgatus
1692 1564 1729 1597 fit
1748 1575 1805 1607 per
1819 1565 1881 1596 suae
1900 1560 2060 1595 Civitatis

1163 1610 1330 1655 regimen:
1358 1610 1421 1646 Per
1445 1613 1564 1647 multas
1577 1612 1784 1647 difficultates
1805 1611 1895 1645 istius
1905 1607 2061 1654 Regimi-
2119 1643 2121 1645 ,

1168 1660 1219 1694 nis
1231 1685 1238 1692 .
1266 1660 1400 1696 Sanstus
1413 1661 1560 1704 Cyrillus
1579 1662 1616 1696 in
1637 1663 1699 1696 suae
1713 1661 1881 1696 adversum
1892 1658 2064 1694 Theodo-

1166 1709 1226 1744 reti
1240 1709 1422 1746 calumnias
1434 1711 1611 1756 Apologiae
1632 1712 1843 1756 praefatione,
1869 1708 2067 1753 scribitCy*

1166 1770 1238 1794 rum
1263 1760 1356 1794 fuine
1381 1760 1599 1797 Civitatulam
1626 1774 1638 1794 .-
1665 1760 1842 1810 Qidquid
1868 1760 1907 1795 sit
1926 1785 1937 1802 ‚
1962 1759 2065 1794 fuisse.

1166 1810 1340 1844 Dioecefim
1362 1810 1531 1855 insigniter
1551 1811 1674 1845 vastam
1687 1834 1699 1851 ,
1723 1811 1758 1845 δε
1779 1810 1932 1855 gravibus
1950 1810 2064 1844 obnon

1167 1858 1255 1893 :tiam
1268 1859 1432 1893 laboribus
1441 1885 1452 1900 ‚
1476 1859 1710 1895 Theodoretus
1720 1862 1905 1904 frequenter
1914 1859 2059 1895 ostendit

1167 1909 1200 1942 in
1215 1908 1279 1943 suis
1291 1908 1470 1953 Epistolis,
1498 1911 1661 1945 affirmans
1673 1909 1723 1944 illi
1744 1911 1838 1945 fuisse
1851 1911 2058 1955 octingentas

1167 1957 1374 1993 Parochiales
1386 1959 1543 1994 Ecclefias
1551 1984 1558 1991 .
1584 1960 1738 1995 secundo
1750 1961 1923 2002 respondet
1935 1959 2063 2003 Cyrilli

1169 2009 1290 2043 litteras
1300 2011 1362 2043 effe
1373 2009 1515 2043 omnino
1529 2008 1765 2050 orthodoxas,
1791 2009 1825 2043 δε
1837 2009 1869 2043 se
1890 2007 2001 2043 abillo
2014 2007 2060 2050 ju-

1169 2056 1257 2091 dicio
1282 2068 1351 2091 non
1369 2059 1457 2100 poffe
1468 2058 1616 2093 recedere
1629 2084 1636 2091 .
1665 2057 1807 2098 Tertid,
1832 2057 1924 2103 quod
1939 2055 2063 2096 nihilo-

1169 2104 1278 2141 minus
1288 2106 1456 2150 Cyrillum
1475 2118 1545 2142 non
1556 2107 1676 2154 diligat
1693 2121 1700 2142 :
1728 2108 1831 2157 Qod
1846 2108 1941 2144 illum
1953 2108 2062 2144 oderit

1168 2156 1218 2190 uti
1238 2156 1340 2191 totius
1361 2156 1485 2191 Mundi
1509 2158 1767 2202 perturbatorem
1786 2185 1793 2192 .
1824 2159 1868 2194 Et
1889 2159 2064 2204 adjungit:

1170 2208 1214 2239 Et
1225 2204 1312 2247 spero
1323 2214 1381 2238 non
1391 2217 1438 2238 me
1455 2204 1620 2247 soluturum
1627 2215 1735 2248 paenas
1755 2207 1790 2239 ob
1801 2206 1854 2240 boc
1874 2213 1908 2241 in
1919 2209 2063 2247 dtejudi-

1168 2258 1205 2286 cii
1228 2276 1236 2283 .
1263 2255 1348 2295 ‚Quia
1374 2252 1473 2294 justus
1489 2256 1604 2299 Judex
1633 2255 1673 2295 est
1692 2254 1835 2298 inspecPor
1868 2261 2062 2291 intentionis.

1171 2302 1272 2335 Haud
1290 2300 1388 2336 dubie
1411 2301 1540 2346 respicit
1551 2304 1673 2348 Cyrilli
1697 2305 1852 2350 Capitula
1870 2331 1878 2339 .
1905 2307 1954 2344 Ea
1971 2307 2064 2342 enim

1169 2350 1214 2385 est
1238 2349 1401 2386 hostiliter
1436 2353 1602 2389 insecutus
1627 2356 1727 2400 usque
1746 2354 1787 2390 ad
1811 2356 1968 2391 ultimum
1990 2355 2066 2391 vitm

1170 2400 1317 2444 spiritum
1340 2426 1347 2434 .
1375 2402 1466 2437 Nam
1487 2404 1522 2438 ἀ
1545 2404 1685 2440 Domno
1708 2405 1898 2441 Antiochiae
1924 2406 2062 2441 Patriar-

1173 2501 1262 2536 Cturo
1273 2525 1284 2542 ,
1311 2502 1454 2536 ostendit
1465 2503 1530 2547 ipsa
1543 2505 1737 2549 plusquama
1749 2507 1988 2554 quinquaginta
1999 2508 2061 2550 Sy-

1172 2551 1268 2585 nodis
1291 2551 1353 2584 effe
1374 2550 1528 2587 damnata
1553 2578 1564 2594 ,
1589 2554 1623 2588 &
1658 2556 1729 2598 post
1754 2555 1840 2591 varia
1866 2555 2060 2591 concludit.—

1170 2599 1235 2643 lpse
1244 2605 1335 2633 etiam
1351 2603 1462 2635 Beatus
1476 2604 1600 2640 Cyrillus
1610 2628 1622 2644 ,
1650 2606 1715 2638 ciam
1725 2608 1769 2640 ad
1776 2609 1909 2641 Beatum
1920 2611 2065 2642 Acacium
2083 2608 2240 2649 Epistuz·

1166 2648 1306 2693 scriberet
1317 2676 1328 2692 ,
1355 2653 1564 2694 capitulorum
1580 2653 1694 2688 illorum
1709 2654 1831 2698 scopum
1853 2658 2002 2692 indicavit
2013 2658 2061 2690 di-

1170 2711 1236 2733 cem
1262 2712 1272 2742 ;
1298 2699 1361 2735 baec
1381 2703 1545 2736 adversam
1567 2703 1658 2745 buJ'us
1680 2709 1848 2741 Novitates
1866 2705 2062 2749 scripsimus,

1171 2752 1204 2785 ὁ*
1214 2758 1287 2792 pace
1291 2750 1386 2792 falla
1407 2753 1650 2788 declarabuntur.
1675 2754 1747 2799 Ipsa
1758 2758 1823 2799 ergo
1842 2756 1965 2798 defensio
1975 2769 2059 2792 accu-

1166 2799 1312 2844 sationem
1333 2801 1486 2843 confirmat
1512 2829 1520 2837 .
1546 2803 1616 2846 Misi
1635 2815 1735 2840 autem
1760 2807 1875 2841 illorum
1891 2830 1901 2846 ‚
1927 2818 1994 2849 quae
2014 2806 2056 2842 ab

1170 2851 1269 2884 eodem
1291 2850 1510 2901 pacificationis
1541 2862 1669 2896 tempore
1686 2854 1799 2898 scripta
1831 2853 1898 2895 sunt
1913 2879 1925 2895 ‚
1955 2866 2057 2889 exem·

1166 2901 1269 2942 plum,
1295 2910 1329 2934 ut
1339 2901 1488 2946 cognoscas
1499 2906 1612 2938 nullam
1625 2905 1725 2937 borum
1735 2909 1912 2937 mentionem
1929 2905 2029 2949 fecisse
2043 2917 2053 2940 z

1170 2953 1216 2983 Et
1229 2951 1307 2993 quod
1314 2959 1444 2993 oporteat
1466 2955 1531 2987 illos
1545 2979 1554 2994 ,
1579 2960 1630 2996 qui
1658 2955 1703 2986 ad
1713 2955 1853 2993 synodum
1869 2954 2056 2998 proficiscun-

1170 3008 1220 3034 tur
1239 3023 1250 3039 ,
1276 3011 1310 3034 ea
1326 3012 1392 3044 quae
1423 3003 1642 3046 Pacificationls
1670 3012 1798 3046 tempore
1818 3003 1935 3046 scripta
1955 3003 2053 3048 fient,

1167 3049 1302 3092 proferre
1315 3077 1325 3094 ,
1351 3054 1494 3096 &aperte
1510 3055 1604 3088 dicere
1615 3077 1625 3093 ,
1651 3065 1789 3096 quaenam
1810 3054 1954 3095 drffldium
1971 3054 2051 3096 fece-

1168 3104 1251 3141 rint,
1277 3102 1311 3137 (9⁵
1330 3114 1386 3145 quo
1399 3103 1488 3145 pado
1517 3102 1639 3147 divulsa
1654 3105 1831 3138 coaluerint.
1858 3106 1921 3139 Eos
1944 3110 2022 3138 enim
2037 3130 2050 3146 ,

1169 3155 1220 3193 qui
1229 3151 1420 3187 adtuendam
1438 3158 1582 3196 pietatem
1592 3164 1758 3195 vocamur,
1782 3152 1910 3189 laborem
1934 3165 2048 3189 omnem

1165 3199 1310 3244 suscipere
1327 3211 1437 3245 oportet
1458 3227 1470 3244 ‚
1500 3207 1698 3246 Divinumque
1717 3205 1866 3239 auxilium
1887 3209 2049 3245 invocare,

1169 3260 1203 3284 ut
1213 3251 1346 3286 relidam
1358 3253 1440 3286 nobis
1460 3255 1480 3286 a
1493 3253 1658 3295 Majoribus
1673 3252 1879 3288 hereditatem
1900 3254 2046 3288 intadlam

1169 3300 1387 3344 conservemus.
1413 3304 1496 3338 Haec
1516 3304 1550 3338 δε
1562 3304 1651 3348 plura
1664 3303 1787 3339 ibidem
1800 3304 1863 3339 alia
1883 3314 1976 3341 tanto
1988 3305 2049 3341 ima

1170 3359 1247 3396 petu
1258 3352 1386 3394 scribit,
1410 3352 1497 3398 quod
1518 3365 1629 3390 rumor
1647 3354 1741 3391 ferret
1751 3354 1947 3391 Dioscorum
1968 3353 2046 3389 Ale·

1567 3402 1602 3441 A
1627 3415 1646 3439 a
1697 3415 1721 3444 2
1918 3411 1996 3444 xan-v
