2320 3730
357 215 374 243 i
386 213 451 258 40

276 282 431 326 Synodus
442 278 563 315 »Sanni
580 277 725 314 'Martini
747 277 937 314 Pontificis.

328 331 473 377 Quaestio
484 330 583 375 igitur
598 330 643 365 est
651 356 665 373 ,
692 329 748 364 An
760 339 877 364 omnes
890 328 968 361 istos
979 323 1083 358 libros
1094 322 1163 358 Ne-

276 381 414 416 floriani
428 380 651 416 transtulerint
661 381 694 414 in
708 379 787 420 adias
799 378 946 422 linguas,
970 374 1004 408 δε
1016 385 1073 417 per
1084 384 1161 418 gen-

276 442 326 466 tes
349 430 625 467 disseminaverint
637 431 650 463 ?
677 430 720 463 Et
732 441 774 463 an
794 426 959 463 Rabbuias
971 424 1005 457 δε
1017 423 1160 458 Aeacius

277 481 423 515 similiter
447 492 563 515 omnes
573 473 942 514 anathematizaverint-2
969 473 1086 516 Aliqui
1106 485 1161 508 vo·

274 532 349 565 lunt
365 529 656 566 anathematizatos
667 528 758 563 fuiffe
770 528 856 562 solos
868 524 968 559 libros
978 523 1019 557 de
1043 523 1160 557 Domi-

274 581 309 614 ni
331 581 580 616 Inearnatione.
608 579 741 613 Etenim
770 577 810 610 de
830 574 891 607 hac
911 584 945 607 re
967 571 1106 616 scribens
1118 573 1159 608 ad

272 633 438 675 praefatum
452 630 613 664 Acacium
629 630 763 663 sanctus
775 623 920 667 Cyrillus
940 634 1100 658 memorat
1111 625 1159 657 so-

271 682 322 715 los
346 682 436 715 libros
459 692 533 723 quos
557 679 722 713 Theodorus
745 674 851 707 nonde
870 677 1160 711 IncarnationeUni-

266 730 483 775 genitiscrtpfit
495 754 508 770 ,
531 728 806 771 sedmagtscontra
818 728 1072 762 ,incarn-ationem.
1101 724 1158 759 Et-

262 779 336 814 'iam
349 782 382 813 in
395 779 512 812 litteris
522 777 563 810 ad
578 777 785 818 Lamponem
806 773 1035 817 Presbyterum
1047 774 1156 808 scribit

270 828 455 863 Orientales
467 826 649 869 Episcopos
662 825 805 861 accusari
819 847 829 863 ,
855 824 944 869 quod
957 826 987 858 se
1009 824 1026 858 ὲ
1038 825 1156 859 Nesto-

266 878 307 913 rii
319 877 451 920 Scriptis
471 876 516 908 ad
538 873 681 910 Theodori
694 876 818 909 Codices
829 876 866 908 de
877 879 1087 908 Incarnattone
1098 874 1155 916 fa-

263 928 326 964 llos
347 924 574 968 transtulissent.
603 926 647 959 Et
670 926 706 959 in
731 924 869 966 libellis,
896 924 982 968 apud
1007 925 1155 969 quintam

264 974 437 1018 synodum
450 974 652 1009 exstantibus
666 1000 677 1016 ,
701 986 788 1016 quos
799 975 915 1010 Sanno
927 974 1048 1010 Proclo
1061 975 1155 1010 obtu-

262 1025 368 1060 lerunt
380 1049 392 1065 ,
420 1023 584 1060 Armeniae
604 1037 644 1060 ac
663 1025 799 1059 Persidis
823 1025 1010 1068 Presbyteri
1030 1038 1068 1060 ac
1078 1024 1157 1058 Dia-

197 1113 200 1118 ,
259 1076 341 1110 coni
365 1074 511 1113 similiter
531 1075 612 1110 istos
638 1075 726 1109 solos
738 1074 1034 1119 librosimpetunt.
1062 1076 1107 1108 Et
1118 1076 1151 1108 in

259 1127 407 1169 praesenti
418 1124 566 1169 Epistola
593 1125 742 1160 Andreas
765 1126 996 1160 Samosatensis
1016 1125 1154 1158 affirmat

259 1174 450 1209 Rabbulam
488 1174 604 1209 dixisse
639 1174 812 1209 anathema
837 1175 871 1210 in
907 1185 1024 1208 omnes
1048 1199 1059 1215 ,
1097 1175 1154 1217 qui

262 1223 440 1259 Theodori
463 1224 615 1259 codicem
638 1237 707 1261 non
728 1234 894 1269 portarent
904 1223 1153 1259 adcombustio-

260 1285 363 1309 nem.
392 1274 553 1311 Notanda
575 1276 622 1310 est
651 1287 717 1309 vox
744 1299 755 1316 ,
779 1276 918 1308 codicem
937 1300 945 1313 ,
972 1275 1152 1309 Adversam

260 1334 371 1360 tamen
394 1335 518 1369 partem
546 1325 658 1360 suadet
671 1325 787 1367 quinta
798 1323 952 1367 synodus
964 1350 975 1366 ‚
1002 1335 1071 1368 quae
1084 1335 1152 1358 non

258 1376 348 1412 solos
370 1375 412 1409 de
433 1375 577 1411 Domini
613 1375 843 1411 Incarnatione
864 1400 874 1416 ,
903 1374 958 1409 sed
987 1375 1021 1409 &
1048 1373 1154 1417 plures

253 1425 342 1466 *alios
366 1422 542 1462 Theodori
567 1425 668 1460 libros
685 1424 921 1461 demonstravit
953 1425 1016 1459 esse
1041 1424 1154 1466 plenos

258 1474 459 1509 Nestoriana
470 1476 576 1509 scabie
589 1499 600 1514 ,
626 1475 768 1517 ideoque
788 1477 821 1509 &
842 1473 1149 1512 anathematizavit,

258 1523 461 1568 Respondeo
474 1526 536 1559 esse
551 1535 619 1559 rem
632 1525 806 1559 incertam.
836 1524 982 1559 Nestorii
1011 1523 1154 1558 fautores

253 1574 413 1608 videntur
425 1573 512 1608 solos
525 1574 567 1608 de
581 1575 813 1610 incarnatione
828 1575 930 1609 libros
954 1572 1132 1619 divulgasse
1143 1598 1154 1614 ,

257 1623 401 1666 ideoque
423 1624 524 1657 etiam
549 1622 718 1659 Rabbulas
738 1625 770 1659 δε
797 1624 942 1658 Aeacius
963 1624 1043 1659 istos
1069 1623 1154 1661 solos

258 1673 427 1708 damnasse
449 1699 455 1705 .
483 1672 661 1720 Qidquid
687 1674 725 1707 sit
746 1698 757 1715 ,
784 1673 987 1717 pedetentim
1008 1674 1153 1717 evulgati

257 1725 389 1758 fuerunt
400 1723 502 1759 etiam
514 1723 570 1761 alii
585 1747 596 1763 ,
624 1722 767 1768 ideoque
779 1724 813 1758 δε
825 1724 842 1757 a
872 1724 967 1758 variis
982 1723 1154 1766 Episcopis

251 1785 295 1816 ,ac
314 1774 459 1816 synodis
475 1797 487 1814 ,
513 1771 710 1815 tandemque
731 1773 881 1816 aquinto
893 1773 1052 1808 Concilio
1065 1771 1153 1807 darn-

255 1823 345 1858 nati.
370 1824 462 1857 Nam
488 1822 715 1865 &Imperator
726 1822 939 1859 Theodosius
951 1823 987 1857 in
1000 1822 1128 1865 legibus
1143 1847 1154 1862 ,

251 1873 373 1916 *quibus
398 1871 537 1906 inflictas
560 1870 765 1908 Nestorianis
788 1882 902 1914 poenas
930 1870 1079 1907 extendit
1110 1872 1152 1906 ad

256 1922 433 1957 Theodori
454 1922 630 1956 Senatores
656 1947 668 1962 ‚
693 1920 863 1955 damnavit
886 1932 1001 1955 omnes
1022 1933 1152 1965 genera-

251 1975 319 2009 tim
333 1973 401 2015 ejus
430 1971 531 2004 libros
545 1984 555 2003 .-
582 1976 680 2004 Nemo
691 1973 803 2005 audeat
812 1969 969 2014 sacrilegos
981 1972 1101 2009 codices
1113 1971 1151 2004 ab

255 2028 298 2062 ,εἰσ
310 2019 473 2064 compositos
489 2043 499 2060 ‚
527 2021 660 2056 maxime
681 2021 702 2057 ,ἁ
723 2020 873 2053 Theodoro
884 2022 918 2052 ὠ*
931 2020 1085 2058 Nestorio‚
1113 2021 1153 2052 le·

252 2084 325 2118 gere
338 2097 349 2114 ‚
375 2078 428 2105 aut
451 2070 611 2112 poffldere‚
637 2078 690 2106 aut
705 2067 832 2111 scribere
848 2092 855 2099 .
883 2070 943 2101 Sed
962 2078 1014 2100 nec
1040 2067 1150 2101 habeat

247 2123 324 2166 >quis
340 2146 350 2162 ,
376 2130 429 2159 aut
454 2122 533 2163 legat
547 2144 558 2160 ‚
583 2128 637 2152 aut
659 2118 773 2161 scribat
796 2117 940 2152 Theodori
953 2115 1146 2159 conscripta.

254 2171 396 2214 Exstant
420 2171 510 2215 leges
534 2170 569 2203 in
593 2170 710 2211 quinta
731 2167 892 2212 Synodo.
920 2168 954 2202 Si
968 2177 1077 2207 tamen
1088 2169 1148 2205 sint

255 2222 477 2262 authenticat.
967 2238 970 2240 v

309 2272 457 2309 Secunda
470 2272 604 2316 quaestio
615 2270 660 2307 est
671 2297 681 2314 ,
710 2269 766 2307 An
780 2269 949 2307 Rabbulas
964 2271 998 2306 δε
1010 2270 1151 2306 Aeacius

255 2325 361 2359 solius
373 2323 549 2359 Theodori
562 2323 663 2357 libros
674 2323 707 2357 &
720 2325 888 2366 personam
900 2320 1129 2356 damnaverint
1138 2346 1149 2361 ,

255 2388 299 2409 an
311 2376 412 2409 etiam
427 2374 530 2408 libros
557 2374 591 2409 δι
605 2375 773 2416 personam
796 2372 941 2406 Diodori
954 2371 1148 2405 Tharsensis

256 2425 438 2469 Episcopi?
464 2424 534 2457 Hic
550 2423 640 2457 enim
665 2425 768 2457 suerat
782 2421 956 2455 Theodori
968 2420 1146 2465 Magister,

257 2476 437 2519 eademque
447 2472 601 2507 docuerat
627 2473 660 2506 &
672 2473 833 2515 scripserat
845 2497 854 2503 .
880 2470 964 2517 Qiae
977 2472 1090 2505 omnia
1103 2480 1148 2505 et-

257 2527 325 2560 iam
346 2526 380 2559 in
404 2525 475 2567 ipso
499 2523 641 2557 Ecclesia
666 2521 842 2566 postmodo
852 2521 1038 2554 damnavit.
1072 2521 1150 2556 Par.

257 2586 326 2611 tem
339 2575 526 2619 negativam
540 2573 651 2606 suadet
677 2571 846 2605 Liberatus
857 2570 1028 2603 Diaconus
1038 2595 1049 2610 ‚
1077 2572 1146 2605 nul.

257 2626 325 2660 lam
340 2625 468 2668 penitus
488 2621 529 2655 de
541 2621 696 2655 Diodoro
709 2621 910 2653 mentionem
925 2619 1063 2653 faciens.
1091 2621 1147 2655 Et-

259 2676 327 2709 iam
339 2675 484 2717 praefatus
495 2670 623 2703 libellus
635 2694 645 2708 ‚
671 2680 769 2712 quem
781 2670 898 2704 Sancto
912 2669 1033 2703 Proclo
1052 2670 1146 2709 obtug

258 2725 368 2760 lerunt
381 2720 548 2755 Armeniae
575 2731 612 2753 ac
626 2718 761 2753 Persidis
780 2719 918 2763 Legati,
945 2720 986 2753 de
1010 2720 1082 2760 solo
1102 2722 1148 2755 10-

260 2783 407 2818 quuntur
419 2769 605 2804 Theodoro
618 2796 625 2803 .
655 2770 738 2803 Item
751 2770 883 2811 praesens
910 2770 1058 2813 Epistola
1078 2770 1147 2804 An-

259 2825 341 2859 dreae
356 2820 584 2858 Samosatensis
599 2844 606 2852 .
634 2819 791 2857 Similiter
816 2820 923 2853 Sanffi
943 2820 1149 2865 CyrilliEpi-

261 2875 345 2908 stola
358 2873 398 2907 ad
410 2873 629 2914 Lamponem.
657 2866 786 2903 Partem
799 2879 907 2903 tamen
922 2871 1148 2905 affirmativam

263 2924 375 2958 suadet
392 2922 500 2958 Sancti
513 2920 635 2963 Cyrilli
646 2919 686 2954 ad
700 2919 862 2954 Acacium
873 2919 1017 2962 Epistola
1032 2934 1039 2952 :
1067 2924 1146 2965 ,Quo-

263 2980 347 3008 niam
371 2976 443 3007 verri
458 2971 608 3014 oportebat
634 2971 668 3004 (9·
688 2969 932 3004 contradi-mones
947 2969 1079 3012 scriptas
1096 2973 1148 3014 effe

266 3026 350 3065 apud
360 3036 407 3057 eos
419 3048 430 3064 ,
458 3017 596 3067 inspellt's
610 3021 731 3053 Diodori
743 3031 778 3054 ac
790 3019 932 3053 Theodori
941 3020 1026 3053 libri!
1038 3044 1048 3060 ,
1074 3033 1146 3064 quos

261 3072 443 3116 scripserunt
454 3098 465 3114 ‚
492 3084 550 3106 non
562 3073 599 3105 de
612 3075 819 3104 Incarnatione
830 3074 981 3113 Unigeniti
991 3095 1001 3111 ‚
1017 3069 1075 3113 sed
1083 3083 1146 3104 ma-

263 3128 310 3165 gis
324 3134 424 3156 contra
437 3127 676 3157 Incarnati'onem
685 3147 696 3163 ,
719 3120 803 3164 posui
812 3122 913 3163 aliqua
924 3122 1082 3161 Cupitum,
1111 3124 1145 3155 eb·

267 3183 323 3214 quo
338 3180 421 3212 potui
444 3176 548 3214 modo,
576 3173 746 3205 contradixi
766 3177 831 3210 eis,
856 3171 964 3213 ubique
987 3172 1143 3204 declarans

267 3219 490 3255 abominationis
509 3225 630 3265 plenam
641 3224 690 3262 effe
702 3222 816 3254 Sec‘Zam
828 3232 923 3254 eorum
934 3245 941 3253 .
970 3220 1080 3254 Etiam
1108 3222 1142 3255 in

268 3271 369 3314 prima
381 3270 420 3303 ad
433 3272 617 3305 successum
631 3271 952 3305 Dio-Caesaraeensem
964 3271 1048 3313 apud
1060 3270 1142 3305 Isau-

266 3332 319 3355 ros
328 3319 518 3354 Antistitem
530 3319 675 3363 Epistola
687 3320 933 3356 acriterinvadit
940 3320 1140 3362 Diodorum,

266 3370 378 3411 dicens
390 3369 482 3410 fuisse
494 3370 692 3415 Magistrum
708 3369 850 3406 Nestorii
861 3396 872 3413 ,
885 3372 918 3406 &
929 3370 1015 3405 hunc
1025 3382 1064 3404 ex
1075 3371 1141 3415 ejus

1193 2673 1199 2729 l

1635 61 1648 94 Ι

693 196 1030 242 *VARroRuM
1065 192 1319 237 PATRUM
1355 190 1686 252 Enisa-otis,

1223 273 1316 309 {ibris
1331 273 1426 309 fuiffe
1438 277 1602 313 reductum
1613 303 1621 310 .
1650 274 1759 313 Etiam
1781 275 1852 312 suas
1863 277 1898 312 in
1909 276 2098 314 Nestorium

1221 325 1308 370 leges
1319 324 1496 368 Imperator
1503 324 1716 363 Theodosius
1728 327 1942 369 parisormitei
1949 329 2100 365 extendit

1220 376 1254 409 in
1282 372 1507 408 Theodorum
1531 386 1570 409 ac
1590 374 1800 413 Diodotum.

1269 424 1415 470 Qidam
1439 425 1555 459 volunt
1566 425 1665 459 etiam
1677 423 1763 458 hanc
1785 436 1852 461 tem
1871 428 1934 463 effe
1944 428 2077 464 dubiam
2090 455 2098 464 .

1219 475 1356 509 Etenim
1368 473 1511 511 Liberati
1524 499 1535 515 ,
1558 475 1603 510 de
1621 474 1692 508 solo
1704 473 1890 510 Theodoro
1909 479 2076 514 scribentis
2087 505 2100 521 ‚

1219 525 1444 560 testimonium
1457 527 1501 560 est
1513 524 1627 560 debile,
1651 525 1744 572 Qia
1758 526 1785 559 is
1796 526 1860 559 fuit
1869 527 2021 562 constans
2030 529 2101 563 De-

1218 575 1325 609 fensor
1339 576 1437 610 trium
1450 575 1681 620 Capitulorum
1695 574 1968 611 Chalcedonensis
1980 577 2101 612 Conci·

1218 625 1278 666 lii,
1305 625 1346 659 ad
1367 637 1435 670 quae
1456 638 1525 660 non
1537 625 1729 665 Diodorus,
1755 626 1808 660 sed
1829 626 1916 661 solus
1942 624 2101 670 speetabat

1218 674 1442 717 Theodorus,
1467 676 1608 721 ideoque
1634 676 1736 711 &ille
1749 676 1790 710 de
1810 674 1877 711 hoc
1898 676 1972 711 solo
1998 675 2103 720 loqui·

1218 736 1270 759 tur
1283 750 1291 758 .
1318 726 1513 770 Respondeo
1545 726 1687 762 Andreae
1708 726 1936 761 Samosatensis
1957 726 2101 762 testimo-

1219 775 1310 810 nium
1334 776 1396 810 esse
1410 776 1560 813 firmum:
1589 777 1634 813 Et
1656 777 1724 820 ipse
1741 775 1883 811 Diodori
1904 788 1974 812 non
1985 777 2102 812 memi-

1218 826 1287 860 nit.
1314 826 1485 862 Habemus
1505 827 1634 869 insuper
1655 826 1745 861 aliud
1768 826 1868 872 longe
1882 826 2006 860 firmius
2017 826 2103 861 testi-

1216 877 1368 911 monium
1380 901 1387 908 .
1417 876 1551 910 Etenim
1564 877 1598 909 in
1613 876 1774 918 Synodali
1788 888 1846 920 pro
1857 876 2042 911 Theodoro
2059 874 2103 910 ad

1216 928 1366 961 Sanciurn
1381 926 1536 962 Proclum
1550 925 1698 970 Epistola
1713 926 1855 969 Joannes
1868 925 2103 963 Antiochenus

1216 977 1255 1012 ad
1277 977 1404 1021 ipsum,
1432 976 1466 1013 ὃς
1488 976 1634 1020 quaedam
1658 977 1829 1020 praesettim
1849 976 1917 1019 ejus
1945 976 2104 1019 Capitula

1217 1028 1385 1072 purganda
1406 1027 1543 1062 affirmat
1566 1026 1682 1060 similia
1704 1027 1836 1068 reperiri
1855 1026 1891 1059 in
1911 1026 2105 1060 Sanstorum

1217 1075 1351 1111 Patrum
1362 1076 1473 1116 libris,
1499 1076 1639 1118 ideoque
1665 1085 1722 1110 aut
1735 1075 1841 1119 ipsum
1851 1075 1913 1109 effe
1936 1075 2104 1110 absolven-

1216 1124 1319 1167 dum,
1347 1136 1403 1160 aut
1419 1125 1499 1158 istos
1520 1124 1664 1157 similiter
1684 1123 2029 1160 anathematizandos;
2057 1125 2104 1159 Et

1217 1175 1301 1211 inter
1310 1174 1395 1218 ipsos
1409 1181 1555 1208 numerat
1566 1171 1755 1207 Diodorum
1768 1197 1776 1205 .
1802 1172 1909 1218 Igitur
1924 1171 1980 1208 hic
2000 1175 2104 1217 usque

1217 1236 1297 1258 tunc
1318 1234 1386 1258 erat
1412 1223 1643 1262 immaculatus
1663 1221 1749 1265 apud
1760 1234 1897 1264 omnes,
1924 1224 1957 1257 &
1973 1233 2043 1257 non
2057 1233 2105 1258 ta-

1216 1276 1284 1308 ecus
1307 1274 1325 1311 a
1358 1273 1527 1308 Rabbula.
1563 1271 1611 1309 At
1623 1271 1699 1306 vero
1722 1271 1832 1316 postea
1862 1272 1908 1307 est
1924 1283 2057 1308 vocatus
2067 1272 2103 1306 in

1216 1325 1304 1358 idern
1317 1323 1502 1366 judicium,
1527 1321 1745 1365 eumdemque
1763 1331 1909 1360 reatum.
1937 1322 2103 1357 Existimo

1217 1373 1305 1415 quod
1328 1372 1520 1406 Nestoriani
1546 1395 1558 1412 ,
1584 1369 1731 1405 videntes
1752 1371 1861 1407 solum
1880 1370 2103 1408 Theodorum

1217 1424 1274 1458 fibi
1297 1434 1365 1457 non
1387 1422 1552 1462 sufficere,
1578 1420 1809 1455 advocaverint
1834 1420 1868 1460 ὃς
1887 1420 2104 1463 Diodorum,

1217 1473 1273 1516 qui
1286 1475 1419 1506 summae
1434 1469 1643 1509 authoritatis
1652 1471 1759 1505 fuerat
1774 1470 1810 1503 in
1830 1469 1924 1506 omni
1936 1470 2082 1508 Ecclesia
2093 1494 2103 1504 .

1218 1523 1310 1557 Hinc
1324 1521 1515 1567 orthodoxi
1526 1521 1623 1556 etiarn
1635 1529 1847 1564 perrexerunt
1864 1520 1899 1555 in
1910 1520 2016 1564 ipsum
2028 1545 2039 1561 ,
2067 1521 2103 1560 δε

1218 1582 1410 1608 curaverunt
1431 1569 1668 1615 comprehendi
1690 1571 1725 1604 in
1746 1569 1876 1615 legibus
1895 1569 2102 1606 Theodosii.

1217 1623 1348 1670 Qinta
1366 1621 1466 1656 etiarn
1478 1620 1635 1665 synodus,
1655 1620 1745 1654 illius
1757 1620 1929 1659 meminit,
1957 1618 2101 1656 attamen

1220 1685 1288 1713 non
1303 1671 1491 1714 damnavit.
1517 1671 1620 1706 Ratio
1630 1677 1812 1715 exponetur
1832 1670 1998 1705 suoloco.

1426 2007 1691 2062 CAPUT
1726 2007 1887 2055 XLIV.
1938 2008 2106 2066 --132‘

1216 2201 1247 2244 S
1234 2196 1438 2262 ynodictmi
1474 2202 1674 2245 Decretum
1707 2198 1866 2249 Joanm‘s
1910 2192 2104 2243 Antioche..

1285 2272 1323 2314 φή
1363 2265 1541 2335 Epffcopt'
1575 2303 1589 2327 ,
1641 2270 1700 2312 <²9⁴
1734 2264 1954 2331 reliquorum
1988 2299 2001 2325 ,
2050 2262 2120 2310 ad·

1287 2336 1487 2405 Episcopus
1538 2333 1730 2402 Ofihoenae
1774 2334 1984 2382 Provinciae
2018 2351 2102 2380 con-

1281 2423 1347 2454 tra
1394 2406 1542 2452 eundem
1595 2403 1817 2462 Rabbulam
1864 2440 1877 2465 ,
1924 2399 2102 2466 Edessena}

1288 2479 1471 2529 Civitatis
1506 2473 1732 2548 Epifiopum
1752 2510 1765 2527 ,

1322 2664 1442 2700 Multis
1467 2663 1501 2698 ὅ(
1513 2662 1624 2708 dignis
1639 2660 1705 2696 fide
1716 2659 1795 2696 vitis
1807 2659 1968 2696 subtiliter
1992 2661 2026 2697 &
2047 2661 2098 2697 inl

1329 2715 1418 2760 tegre
1441 2713 1618 2748 didicimus
1644 2737 1655 2753 ‚
1687 2712 1764 2754 quia
1798 2710 2096 2747 honorandiffimus

1211 2767 1380 2802 Rabbulas
1407 2765 1441 2799 δε
1466 2765 1615 2798 Edessam
1635 2761 1821 2806 perturbat,
1847 2763 1881 2796 &
1905 2773 2020 2797 ornnes
2037 2762 2096 2806 qui

1214 2818 1336 2852 vicinas
1348 2815 1537 2850 Provincias
1547 2811 1697 2848 habitant
1708 2837 1718 2853 ,
1732 2811 1930 2856 Apostolicae
1939 2812 2016 2847 fidei
2031 2811 2096 2846 val·

1213 2868 1254 2902 de
1274 2866 1434 2902 contraria
1461 2874 1644 2908 perpetrans
1657 2888 1668 2904 ,
1694 2863 1795 2900 &eos
1817 2863 1873 2906 qui
1895 2863 1978 2897 redte
1988 2863 2094 2906 sapere

1210 2919 1403 2963 elegerunt,
1430 2915 1524 2950 vertit
1544 2915 1579 2949 in
1601 2914 1732 2958 fugam.
1764 2913 1808 2946 Et
1829 2912 1933 2946 multa
1955 2911 2092 2948 molitur

1211 2979 1325 3004 contra
1347 2963 1578 3000 orthodoxam
1600 2963 1699 2998 fidem
1713 2989 1720 2996 .
1746 2962 1845 2997 unde
1866 2961 2023 3006 compulfi
2044 2962 2091 3005 su-

1209 3030 1300 3058 mus,
1326 3016 1395 3051 haec
1407 3015 1565 3050 discentes
1577 3015 1595 3049 a
1606 3013 1774 3058 plurimis,
1798 3011 1909 3046 vestrae
1934 3012 2092 3056 Religio-

1211 3069 1292 3103 sitati
1321 3066 1500 3109 Epistolam
1514 3065 1695 3105 destinare,
1721 3073 1758 3098 ut
1781 3063 1803 3096 si
1828 3073 1901 3096 vera
1919 3062 1982 3096 sint
2007 3060 2090 3103 ista,

1210 3129 1279 3162 quae
1289 3117 1343 3152 hic
1356 3115 1565 3150 diffamantur
1577 3114 1596 3148 a
1606 3114 1749 3158 pluribus
1758 3138 1770 3154 ,
1795 3113 1957 3149 immunes
1968 3122 2025 3146 vos
2047 3110 2090 3146 ab

1209 3170 1278 3213 ejus
1291 3167 1526 3202 communione
1534 3165 1661 3200 servetis
1673 3189 1684 3205 ,
1709 3164 1814 3198 donec
1825 3174 1900 3198 euin
1913 3170 2090 3198 evocantes

1206 3218 1246 3252 ad
1260 3229 1341 3259 nos,
1367 3218 1400 3251 &
1414 3214 1540 3260 integre
1551 3215 1762 3250 discutientes
1775 3225 1843 3258 quai
1853 3212 1893 3247 ad
1915 3223 1992 3246 eum
2014 3221 2090 3255 per-

1213 3269 1320 3303 tinent
1338 3292 1348 3309 ,
1374 3276 1430 3301 aut
1453 3266 1662 3310 ignoscamus
1673 3262 1906 3303 satisfacienti,
1930 3271 1987 3296 aut
2009 3272 2088 3295 con-

1207 3318 1327 3352 visium
1341 3317 1510 3353 subdamus
1522 3314 1790 3350 satisfastionibus
1799 3312 1936 3357 Regulae
1947 3337 1954 3344 .
1982 3313 2088 3353 opor-

1205 3376 1251 3403 tet
1263 3368 1352 3405 enim
1365 3368 1499 3403 vestram
1512 3367 1588 3406 Deo
1601 3364 1851 3405 Amabilitatem
1862 3362 1899 3397 in
1918 3359 1997 3449 figei
2006 3370 2090 3416 cau-r

1958 3422 1976 3445 a
1988 3418 2038 3448 uti

2112 2785 2184 2817 Adn.
2193 2784 2270 2816 Nor.

2111 2826 2253 2857 avocatio

2110 2864 2197 2898 Archi
2206 2881 2217 2888 -
2231 2867 2271 2895 E-

2110 2902 2218 2943 piscopi
2230 2899 2268 2937 ad

2110 2947 2229 2975 patriar-

2109 2985 2204 3017 cham.
