2320 3730
371 191 466 247 338

288 368 461 413 Hypatius
486 369 643 416 Zephyrii
673 370 851 412 Episcopus
876 391 887 407 2

278 768 320 804 rii
346 769 527 813 Episcopus
536 794 544 806 ‚

727 186 1061 239 VnnloRuM
1098 186 1175 229 ΡΑ

290 271 372 303 Solus
391 275 473 302 inter
485 266 576 310 buJus
600 269 714 303 cilicia
734 269 894 313 Epiftopos
899 268 1013 309 perstat
1026 266 1178 302 Meletius,

291 319 340 354 At
359 329 485 353 certum
511 318 557 353 est
581 319 673 358 ,fuisse
696 321 730 355 in
753 321 855 362 prima
878 317 1016 350 Cilicia.
1046 316 1180 349 Etenim

926 367 982 409 qui
1010 365 1114 399 adfuit
1140 378 1178 399 ac

285 417 471 462 subscripsit
493 418 751 455 Chalcedonenfi
776 415 933 451 Concilio
948 441 957 456 ,
984 417 1083 450 etiarn
1106 416 1179 450 sub-

287 467 408 511 scripsit
423 469 645 512 Synodalibus
656 467 774 501 Primae
785 466 915 500 Cilicia:
930 466 1063 501 Litteris
1075 491 1085 507 ,
1099 477 1177 509 quas

286 516 440 564 Pelagius
466 517 682 561 Metropolita
704 516 861 560 rescripsit
871 516 1080 560 quaestoribus
1093 517 1176 551 Leo·

286 569 340 603 nis
352 569 496 614 Augusti
508 568 592 604 circa
605 566 828 602 auctoritatem
853 567 980 602 laudati
1005 567 1154 604 Concilii
1168 591 1175 600 .

283 618 328 652 Et
351 618 601 662 Mopsueflienfi
624 618 787 661 synodo,
813 615 854 653 ad
873 629 970 662 quam
994 617 1175 663 Imperator

282 663 484 715 Justinia‘nus
506 666 635 710 jusserat
656 670 830 707 convenire
842 680 957 704 omnes
967 667 1110 703 omnino
1122 669 1174 704 Se-

280 717 397 753 cundae
418 719 545 757 Ciliciae
566 719 770 762 Episcopus,
797 718 907 753 nullus
921 720 1026 758 adfuit
1044 717 1174 762 Zephy-

575 769 670 817 Qid
694 781 778 813 opus
806 770 941 805 multis?
968 770 1056 804 Infra
1067 770 1171 804 audie-

1187 200 1344 285 {RUM
1392 187 1711 252 Emsrotffi,

1243 264 1371 321 legibus
1383 267 1493 305 vestris
1502 293 1512 308 ,
1540 271 1574 304 &
1586 273 1819 315 tranquillitate
1831 275 1985 313 Romana
1998 278 2125 323 volens,

1241 327 1276 350 m
1302 317 1444 359 partibus
1467 318 1608 362 ejusdem
1631 320 1808 358 Territorii
1840 326 2025 369 delitescit,
2049 341 2126 364 con·

1240 365 1420 405 cuffionem
1434 393 1445 412 ‚
1474 370 1815 415 perturbationemque
1837 375 1948 411 sanctis
1972 379 2036 414 Dei
2060 381 2123 415 Ec-

1240 416 1343 452 clefiis
1355 419 1527 463 ingerens,
1552 421 1584 458 &
1608 423 1796 465 praesumens
1814 423 1883 464 post
1911 425 2123 470 dejectionem

1239 468 1444 507 Sacerdotale
1465 471 1691 508 Ministeriurn
1706 496 1713 504 .
1741 472 1785 506 Et
1807 471 1926 515 justum
1947 479 1992 511 est
2005 481 2124 526 suppli-

1238 528 1329 560 care,
1357 520 1460 567 utqui
1475 522 1664 566 peregrinus
1685 522 1730 557 est
1743 523 1876 558 asanaa
1896 525 2064 569 disciplina
2084 532 2120 567 &

1238 567 1379 604 Ecclesia
1393 594 1404 612 ,
1431 572 1619 619 peregrinus
1641 575 1696 606 fiat
1716 572 1802 609 &ab
1825 574 1972 610 universa
1987 576 2121 614 Provin.

1235 618 1286 654 cia
1308 620 1453 659 Cilicum
1468 646 1480 662 ,
1506 623 1704 666 praecedente
1731 625 1784 667 pia
1805 623 1979 662 Sanetione
1999 626 2039 660 ad
2049 627 2119 665 Ma.

1233 669 1539 712 gnificentiffirnum
1565 674 1599 712 ἀ
1622 674 1899 710 Gloriofiffimum
1924 676 2120 722 Magistrum

1233 719 1368 758 Militiae
1379 723 1530 761 Orientis
1543 724 1637 760 vestri
1651 739 1663 763 ‚-
1692 725 1740 759 lta
1758 735 1793 761 ut
1806 725 1883 759 inde
1899 727 2032 769 quidem
2055 729 2121 772 pel-

1232 769 1336 811 latur,
1361 772 1540 811 deducatur
1560 776 1660 816 vero,
1687 775 1742 810 ubi
1767 777 1877 810 vestrae
1899 776 2018 812 Pietati
2043 779 2116 821 pla-

275 827 351 851 mus
371 815 505 859 diserte,
535 820 626 863 quod
650 820 822 857 Zenobius
833 821 929 858 fuerit
952 819 1110 864 Zephyrii
1135 820 1167 855 in
1229 822 1346 859 cuerit,.
1374 823 1418 858 Et
1439 822 1504 858 hoc
1528 824 1723 868 impetrato,
1748 829 1905 861 consueta
1929 838 2007 861 vota
2020 828 2121 865 solve·

272 864 384 905 Prima
405 867 525 907 Cilicia
549 869 730 915 Episcopus
763 897 770 909 2
797 871 875 905 Fuit
896 882 983 911 unus
1012 871 1171 909 istorum,

273 917 332 960 qui
353 917 428 961 ejici
452 931 491 953 ac
501 918 664 965 deportari
679 922 864 957 maluerunt
874 922 971 969 quam
984 932 1096 966 pacem
1113 920 1169 954 ad·

270 967 415 1005 mittere.
445 969 488 1007 Et
498 971 562 1007 fuit
589 970 725 1014 ejectus.
755 972 834 1016 Ejus
847 973 882 1006 in
907 970 1106 1009 cathedram
1123 972 1166 1006 vi-

269 1015 366 1052 detur
377 1019 551 1056 succeffiffe
562 1023 709 1065 praefatus
727 1021 895 1066 Hypatius
910 1047 917 1055 .
936 1022 1080 1059 Proinde
1092 1032 1165 1064 prae-

271 1067 339 1104 fata
361 1068 456 1105 verba
481 1070 571 1117 hujus
582 1073 695 1106 Cilicia·
708 1067 897 1115 „supponunt
908 1084 976 1105 non
989 1083 1047 1113 pro
1061 1072 1162 1114 prima

267 1128 324 1154 aut
348 1119 514 1161 secunda,
542 1121 596 1156 sed
620 1132 678 1163 pro
692 1132 762 1157 tota
779 1121 916 1157 Cilicia,
945 1120 988 1154 Et
1000 1121 1161 1154 affirmant

266 1178 308 1202 ex
320 1167 387 1211 ejus
409 1169 581 1213 Episcopis
600 1169 731 1205 nullum
748 1171 854 1205 secum
868 1170 1072 1218 permansisse
1083 1182 1162 1205 con,

265 1216 405 1253 stantem
418 1241 429 1259 ,
456 1217 490 1256 id
513 1219 558 1254 est
575 1221 776 1263 pertinacem
800 1220 858 1253 nifi
879 1220 986 1255 solum
1005 1219 1159 1266 Mopsue-

266 1267 417 1301 stiensem
440 1269 636 1309 Meletium.
665 1272 749 1305 Haec
778 1270 890 1310 verba:
919 1271 1050 1306 Militari
1068 1270 1158 1314 super

263 1318 388 1353 maulia
412 1318 537 1358 Coborte
551 1345 562 1362 ‚
580 1322 679 1361 juxta
705 1333 802 1356 eorum
822 1327 872 1364 qm·
890 1319 960 1366 sunt
975 1321 1136 1356 Antiochia·
1147 1348 1156 1364 ‚

259 1369 411 1413 jufflonem
424 1395 435 1412 ‚
462 1370 651 1421 diriguntur
674 1373 821 1409 adversus
843 1370 1005 1422 Joannem
1021 1373 1153 1410 Patriar-

261 1415 359 1455 cham
373 1445 380 1453 .

421 1645 685 1692 CAPUT
721 1647 969 1693 CLXXVI.
1005 1663 1152 1713 ..-264

252 1784 480 1838 Deprecatio
513 1785 670 1832 Joannis
711 1782 883 1839 Episcopi
929 1782 1149 1829 Antiochiae

308 1854 438 1883 contra
469 1841 556 1881 Deo
599 1839 864 1882 Amiciffimum
892 1871 904 1889 ‚
941 1845 1083 1900 inquit,

452 1898 647 1944 Melctium
692 1897 914 1959 Episcopum
932 1931 941 1939 .

251 2024 414 2079 ‘Piiffimis
434 2024 474 2064 &⁷
492 2029 719 2067 -Amatort'bus
739 2029 863 2075 Christi
886 2032 1128 2079 Imperatoribu
1131 2045 1146 2068 5

306 2083 446 2133 nostris,
480 2085 512 2125 F
514 2083 617 2121 lavas
642 2083 823 2133 Theodofio
843 2082 1120 2127 &Wilentiniano
1135 2113 1146 2132 2

275 2174 278 2188 1
308 2140 629 2191 Triumphatoribus
649 2167 662 2186 ‚
689 2139 880 2178 Vic'i'oribus
911 2167 925 2186 ,
954 2144 1146 2194 Augustis,

304 2197 487 2250 postulatio
518 2193 747 2244 &deprecatio
766 2195 789 2232 ὰ
808 2201 944 2244 Joanne
963 2202 1148 2241 Antioche-

310 2268 356 2294 nae
374 2258 438 2296 Dei
456 2250 600 2303 Ecclefiae
615 2254 646 2290 E
644 2246 778 2301 piftopo
789 2280 798 2292 .

355 2367 471 2404 Eneris
492 2364 602 2401 vestrae
619 2365 758 2399 Pietatis
780 2364 957 2411 Imperium
982 2367 1016 2403 in
1042 2368 1144 2403 excel-

378 2419 447 2453 sum
458 2416 558 2457 tulit,
585 2416 618 2450 &
632 2415 718 2449 hanc
734 2418 886 2460 provexit
907 2418 947 2452 ad
959 2419 1102 2464 gloriam
1113 2419 1145 2452 fi-

255 2471 311 2506 des
335 2471 369 2505 in
384 2470 496 2506 Deum
509 2493 517 2500 .
543 2466 620 2512 Q
631 2467 867 2504 Sanstiffimam
888 2469 922 2503 &
936 2469 1144 2504 Catholicarn

255 2524 379 2566 semper
390 2518 503 2564 augeri
525 2517 624 2553 vultis
637 2516 815 2552 Ecclesiam
830 2543 840 2559 ,
867 2519 901 2554 ὅς
911 2521 1026 2554 cuneta
1038 2545 1049 2561 ‚
1075 2531 1146 2564 quae

258 2574 295 2607 in
317 2583 355 2608 ea
380 2578 541 2614 exurgant
562 2591 574 2607 ‚
607 2567 734 2603 zizania
766 2567 1143 2604 defideratis.abscindi.

257 2624 351 2670 Qia
362 2623 462 2665 igitur
474 2618 540 2653 hoc
557 2617 692 2655 utimini
703 2617 776 2651 zelo
789 2642 800 2658 ,
810 2639 814 2641 Α
826 2618 848 2652 ὀ
860 2617 997 2654 Piisfimi
1020 2620 1054 2656 ὅ(
1066 2620 1144 2654 boni

257 2672 410 2708 Vistores
420 2667 682 2711 Imperatoria&
694 2678 751 2701 eos
764 2666 818 2711 qui
830 2666 1019 2705 oblitterare
1030 2672 1147 2705 volunt

258 2721 396 2758 Pagrum
410 2719 601 2754 Dominam
612 2741 624 2758 ‚
649 2716 773 2751 alienos
793 2719 810 2752 a
822 2718 1021 2754 sacerdotali
1032 2721 1147 2755 existe-

260 2783 296 2810 re
307 2771 471 2819 dignitate
481 2767 551 2812 post
564 2776 625 2800 nos
637 2790 648 2807 ‚
674 2766 790 2808 quibus
804 2769 960 2805 Canones
978 2770 1022 2804 de
1042 2770 1102 2806 hac
1116 2783 1148 2806 re

262 2820 454 2859 concedunt
465 2817 624 2862 judicium
635 2841 648 2858 ‚
672 2816 858 2853 decrevistis
870 2843 880 2860 ,
906 2821 1027 2864 expelli
1043 2822 1120 2856 vero
1131 2823 1148 2857 ὲ

262 2869 468 2908 sanetiffimis
493 2867 645 2903 Ecclefiis
664 2867 698 2903 δι
719 2865 851 2902 urbibus
871 2894 882 2910 ,
909 2870 944 2904 in
966 2870 1084 2915 quibus
1106 2873 1149 2907 vi-

265 2922 386 2958 dentur
404 2919 540 2955 existere
552 2943 563 2959 ‚
589 2917 622 2953 δε
633 2918 710 2952 talis
719 2916 759 2952 ad
768 2919 942 2955 Orientem
955 2923 1086 2957 Sanctio
1098 2935 1151 2957 ve-

265 2974 329 3008 stra
343 2970 487 3017 pervenit
500 2995 508 3002 .
535 2970 635 3004 Hanc
644 2969 921 3014 promulgavimus
932 2971 1148 3016 Magnificen-

268 3024 391 3057 tiffimo
413 3023 447 3058 &
469 3018 704 3055 Gloriofiffimo
727 3018 849 3054 Praefidi
875 3020 1041 3064 utriusque
1059 3023 1153 3058 Mili-

267 3074 320 3106 tiae
340 3096 349 3112 ‚
378 3073 412 3106 &
437 3069 641 3106 Ex-Consuli
668 3069 833 3113 Dionysio
855 3095 865 3103 .
904 3069 948 3104 Et
967 3073 1151 3109 consonans

268 3122 337 3165 ejus
359 3122 554 3164 accipientes
577 3120 776 3164 Praeceptum
798 3119 964 3164 praevalere
986 3123 1152 3164 potuimus

269 3171 469 3214 malignitati
503 3169 635 3204 Meletii
659 3194 671 3209 ‚
708 3170 765 3215 qui
793 3169 918 3215 pridem
944 3171 1152 3217 Mopsuestiae

270 3221 454 3263 Episcopus
477 3220 540 3253 fuit
560 3241 571 3258 ‚
597 3218 805 3262 subjicientes
834 3231 910 3255 eum
932 3219 1149 3264 depofitioni.

271 3267 518 3306 Introduximus
539 3277 650 3302 autern
672 3270 706 3303 δε
719 3270 916 3312 praefecimus
930 3270 984 3315 ipfi
998 3273 1122 3315 populo
1134 3273 1152 3308 ὲ

365 3318 436 3355 ibus
456 3316 579 3352 Christi
594 3316 809 3355 Chomatinm
826 3322 902 3355 Deo
924 3320 1151 3359 amiciffimum

271 3370 494 3417 Episcopum.
519 3366 675 3404 Praefatus
694 3368 772 3405 vero
792 3370 951 3408 Meterius
967 3372 1068 3418 major
1091 3376 1153 3410 effe

1230 881 1300 908 mus
1322 884 1381 917 pro
1412 876 1634 921 permansione
1654 876 1845 915 &Vistoria
1868 878 2019 924 Imperii.

1415 1029 1916 1078 Senomon.

1313 1170 1497 1211 Homatius
1520 1197 1532 1213 ,
1557 1183 1656 1215 quem
1678 1172 1714 1210 in
1740 1173 1832 1218 eiecti
1850 1175 1982 1211 Meletii
2004 1177 2115 1213 locum

1336 1222 1478 1268 joannes
1501 1222 1686 1258 patriarcha
1709 1225 1900 1266 ordinavit,
1928 1227 1961 1262 in
1993 1225 2115 1263 Antio-
2131 1220 2286 1269 Adanor.

1223 1268 1328 1308 chena
1349 1272 1480 1309 Domni
1504 1272 1698 1311 Patriarchae
1721 1287 1835 1310 contra
1861 1275 1951 1310 Ibam
1969 1276 2114 1312 AEdessae
2130 1265 2284 1334 ἓεῗὲῑζῖ

1224 1320 1476 1366 Metropolitam
1499 1323 1637 1370 Synodo
1649 1349 1660 1365 ,
1686 1337 1724 1360 ac
1744 1325 1779 1361 in
1793 1325 2034 1370 Mopsuestenae
2046 1328 2113 1363 Ec·-
2129 1321 2241 1380 synodi·
2280 1324 2288 1333 '

1221 1370 1318 1406 clefiae
1331 1372 1512 1419 Dyptichis
1525 1397 1536 1414 ,
1563 1386 1605 1411 ex
1627 1375 1803 1420 Justiniani
1816 1377 2021 1420 Imperatoris
2029 1377 2113 1419 juflu
2128 1380 2269 1414 chalced.

1221 1420 1354 1463 prolatis
1376 1423 1409 1457 in
1434 1423 1664 1467 Mopsuestena
1679 1426 1841 1469 synodo,
1866 1427 2050 1463 constanter
2061 1435 2114 1471 ap-

1220 1471 1357 1513 pellatur
1370 1471 1542 1509 Thomas.
1570 1473 1673 1511 Porro
1684 1476 1913 1511 admirandum
1925 1477 1970 1511 est
1984 1499 1995 1516 ,
2020 1476 2112 1520 quod

1220 1521 1363 1563 Ioannes
1374 1548 1384 1564 ‚
1411 1524 1490 1557 dum
1502 1524 1680 1561 Meletium
1704 1525 1722 1561 ὲ
1736 1526 1986 1571 Mopsuestienfi
2002 1527 2113 1562 Terri-

1218 1571 1304 1605 torio
1322 1572 1451 1617 rogavit
1470 1574 1546 1617 ejici
1568 1599 1579 1617 ,
1606 1586 1676 1612 non
1702 1575 1853 1620 allegarit
1879 1577 1985 1622 legem
2007 1602 2019 1619 ,
2045 1588 2111 1620 qua

1217 1619 1375 1659 Arcadius
1729 1635 1767 1661 ac
1777 1625 1988 1661 Theodosius
2005 1650 2016 1667 ,
2040 1627 2111 1660 Au-

1214 1671 1324 1715 gusti,
1350 1684 1419 1708 non
1444 1674 1490 1709 ita
1505 1673 1637 1718 ‘pridem
1658 1675 1889 1710 confirmarant
1902 1676 2110 1720 Imperatoris

1215 1721 1367 1758 Gratiani
1390 1723 1539 1768 Legem,
1565 1735 1635 1767 quae
1653 1724 1890 1768 degradatum,
1915 1737 1953 1762 ac
1979 1725 2110 1770 inquie-

1214 1782 1285 1806 tum
1309 1770 1417 1807 adhuc
1444 1773 1645 1819 Episcopum
1669 1774 1803 1810 mandat
1824 1774 1958 1822 relegari
1980 1777 2022 1811 ad
2032 1788 2105 1811 cen-

1214 1832 1286 1858 tum
1308 1823 1415 1861 millia
1437 1822 1478 1859 ab
1506 1823 1562 1860 illa
1593 1824 1740 1860 Civitate
1762 1850 1774 1866 ,
1805 1836 1905 1869 quam
1929 1826 2106 1871 inquietat.

1214 1872 1288 1907 Nec
1312 1873 1404 1908 illam
1425 1874 1520 1919 poffit
1542 1875 1727 1920 ignoraffe:
1754 1875 1862 1920 Ipsam
1882 1876 1972 1910 enim
1994 1875 2109 1913 laudat

1212 1922 1450 1961 Theodoretus
1460 1925 1494 1959 in
1508 1925 1626 1963 litteris
1637 1926 1678 1962 ad
1690 1926 1890 1961 Anatolium
1903 1927 2107 1965 Patricium„

1215 1974 1266 2007 Ex
1292 1971 1358 2009 hoc
1379 1975 1516 2017 Joannis
1538 1976 1672 2012 Libello
1692 1977 1795 2011 etiam
1806 1975 1962 2011 discimus
1974 2001 1988 2018 ,
2012 1977 2104 2021 quod

1213 2023 1402 2059 Patriarcha
1426 2025 1659 2061 Antiochenus
1677 2038 1793 2063 omnes
1802 2026 1958 2064 omnium·
1974 2028 2105 2063 suarum

1212 2070 1463 2107 Provinciarum
1488 2075 1669 2117 Episcopos
1693 2088 1762 2110 non
1773 2077 1947 2112 dumtaxat
1957 2077 2106 2111 debuerit

1178 2132 1182 2136 ’
1210 2119 1325 2163 Ρῐκνὶὲ
1346 2123 1541 2159 confirmare
1562 2147 1573 2164 ‚
1602 2123 1655 2156 sed
1679 2124 1778 2159 etiam
1799 2125 1943 2167 potuerit
1965 2125 2102 2168 propriis

1210 2170 1570 2208 manibusconsecrare.
1598 2171 1754 2207 Videnda
1775 2174 1821 2207 est
1843 2174 1978 2216 epistola
1992 2175 2101 2211 Sancti

1210 2219 1400 2254 iunocentii
1424 2221 1519 2264 primi
1543 2221 1718 2255 pontificis
1739 2222 1780 2258 ad
1792 2224 1945 2259 Sanctum
1962 2223 2102 2266 Patriac-

1210 2266 1306 2305 cham
1325 2270 1551 2307 Alexandrum
1563 2295 1571 2306 -.

1348 2479 1606 2529 CAPUT
1641 2481 1914 2529 CLXXVII.
1949 2492 2088 2542 —-265

1209 2618 1407 2689 Epistola,
1443 2620 1615 2684 inquit,
1651 2625 1730 2665 Deo
1745 2617 1977 2682 Amiciffimt'
1996 2621 2094 2687 Epl'-

1267 2686 1378 2756 fiopi
1402 2686 1557 2736 Meletii
1579 2685 1633 2734 ad
1662 2693 1741 2735 Deo
1780 2692 1910 2734 Amici
1944 2706 2094 2737 imum-‚2

1283 2756 1543 2806 Alexandrum
1553 2793 1567 2817 ,
1580 2775 1694 2823 quam
1695 2756 1854 2826 firipstt
1866 2795 1880 2818 ,
1896 2759 2095 2826 postquam

1274 2827 1443 2884 militum
1443 2825 1678 2897 fitpervemu
1690 2827 1868 2898 expulsas
1883 2830 1950 2896 est.

1291 2969 1329 3004 T
1348 2969 1403 3005 cui
1417 2969 1602 3014 priusquam
1622 2978 1686 3004 tuae
1697 2968 1867 3004 Sanaitai
1883 2993 1893 3010 ,
1919 2979 1988 3013 qum
2009 2968 2096 3005 circa

1317 3031 1378 3054 nos
1390 3031 1567 3065 geruntur,
1594 3021 1702 3055 referri
1714 3020 1916 3055 conveniens
1927 3020 1965 3053 lit
1978 3019 1996 3051 ἓ
2020 3020 2097 3066 Sive

1213 3073 1303 3108 enim
1326 3071 1532 3115 congaudere
1552 3081 1684 3115 oportet
1708 3068 1749 3105 de
1770 3069 1842 3110 his,
1868 3081 1940 3114 quae
1962 3068 2059 3104 nobis
2078 3068 2098 3103 ὲ

1215 3120 1346 3156 Christo
1356 3120 1477 3157 donata
1489 3122 1565 3156 sunt
1575 3144 1587 3161 ‚
1612 3122 1673 3156 five
1685 3122 1785 3156 etiam
1800 3132 1858 3163 pro
1869 3119 1919 3154 his
1930 3145 1943 3162 ,
1968 3131 2040 3165 quz
2051 3129 2099 3154 re-
2123 3166 2126 3167 ⁷

1214 3171 1302 3207 fidna
1314 3171 1409 3213 sunt,
1437 3183 1549 3211 orare,
1573 3170 1696 3206 adeam
1709 3171 1832 3206 necefl'e
1852 3171 1896 3204 est
1918 3180 1956 3204 ut
1972 3170 2013 3204 ad
2037 3168 2101 3215 Paf

1213 3234 1294 3258 trem
1307 3232 1364 3265 pro
1374 3223 1498 3257 cunetis
1509 3223 1652 3257 filiorum
1672 3222 1759 3257 bona
1772 3220 1878 3257 referri
1893 3245 1900 3254 .
1927 3220 2095 3265 Dignatus

1212 3274 1257 3308 est
1270 3272 1360 3307 enim
1372 3283 1433 3308 nos
1454 3273 1623 3308 Dominus
1647 3270 1796 3307 Christus
1807 3270 2011 3306 orationibus
2033 3276 2092 3322 tus

1212 3323 1394 3358 Sanstitatis
1407 3324 1632 3367 incorruptum
1651 3323 1710 3357 fibi
1720 3321 1823 3357 ovile
1843 3322 1945 3366 usque
1966 3319 2007 3355 ad
2028 3326 2093 3372 α]-

1213 3384 1286 3410 tum
1301 3373 1486 3417 custodire,
1510 3372 1603 3420 quod
1622 3372 1722 3410 nobis
1738 3371 1886 3419 indignis
1908 3371 1943 3406 ἅ
1959 3378 2023 3448 prot
2031 3375 2093 3407 V¹t·,

1788 3449 1792 3453 ,
1973 3424 2008 3450 tu
2024 3424 2044 3449 e
