2320 3730
593 180 1002 234 Scu011rs‚‘1=.1
1039 176 1229 221 Nous
1262 189 1648 223 urus-tuntas.

227 260 337 310 fugere
357 261 491 305 speravit
511 273 624 297 eorum
636 288 647 305 ,
673 275 742 307 quae
754 264 920 307 peccando
932 263 1100 297 commise-

222 326 292 353 rat,
317 310 477 346 ultionem
490 336 498 345 .
527 312 633 347 Unde
657 314 690 348 δε
702 315 843 356 quietern
856 314 954 348 nimis
971 313 1101 355 cupien-

222 372 288 401 tes,
313 361 348 395 &
358 360 392 394 in
403 361 536 406 reliquis
546 364 723 399 tenendam
735 363 928 408 patientiam
955 362 1099 405 judican-

219 421 286 451 tes,
311 411 398 445 circa
411 410 598 455 hujusmodi
610 424 719 451 tamen
732 413 876 458 quietem
891 412 1101 455 patientiam-

211 459 282 503 >que
292 483 305 501 ,
330 461 547 504 perditionem
559 462 635 497 fidei
645 462 827 506 reputando
840 485 853 502 ‚
875 462 916 494 ad
930 462 1016 495 solos
1029 471 1098 499 vos,

218 510 277 554 qui
298 522 374 545 cum
400 513 533 556 superna
548 514 667 548 virtute
678 511 799 547 Mundi
819 510 902 544 salus
911 510 1005 548 estis,
1029 511 1100 553 sup·

215 560 432 603 ·pli‘cationem
453 563 697 603 convertimus,
722 561 762 595 ad
786 572 845 594 vos
866 560 1042 602 specialiter
1054 569 1100 593 at·

219 610 325 647 'tinere
336 620 486 654 putantes
496 623 556 652 ea,
582 624 652 657 quae
670 612 755 649 fiunt
772 621 831 653 pro
846 609 898 652 pia
920 609 1100 654 Religione

218 660 419 701 certamina,
443 671 601 707 tanquam
618 661 787 705 quietim
810 670 898 693 nunc
921 660 1020 703 usque
1042 659 1101 693 ser-

219 709 314 744 vastis
325 721 398 745 eam
411 735 423 751 ,
446 712 481 746 δε
492 723 547 756 per
557 713 658 756 ipsam
670 710 764 745 valde
775 708 946 745 servamini
960 734 967 741 .
995 710 1097 743 Nunc

218 758 296 794 vero
305 760 496 795 adhibemus
511 759 801 804 supplicationem,
830 760 912 794 ficut
927 758 1040 803 utique
1063 758 1097 792 in

217 810 394 854 conspeetu
405 810 583 846 saufflffimi
595 811 661 848 Dei
673 810 816 847 futuram
836 810 1100 849 satisfactionem,

218 870 438 903 per-oraturam
450 871 508 904 pro
520 860 617 895 nobis
629 885 640 902 ‚
665 861 686 894 fi
700 859 785 899 nihil
796 871 911 895 eorum
928 883 939 899 ,
962 871 1033 902 quae
1041 869 1100 902 pro

217 909 398 954 Religione
409 910 516 945 facere
534 911 697 953 possumus
708 934 720 951 ,
748 922 802 956 per
815 910 986 955 segnitiem
1006 907 1103 943 ornit-

218 969 327 993 tamus
338 984 345 991 .
371 959 407 994 Si
432 959 468 993 ὅ(
479 960 684 1004 publicemus
694 971 753 1009 pro
766 971 804 995 ea
815 968 879 998 tuae
891 958 1029 994 Pietatis
1039 959 1098 993 ser·

216 1020 352 1043 mones.

267 1059 349 1093 Non
361 1057 407 1091 est
417 1057 506 1092 enim
518 1057 597 1103 quid
609 1058 748 1102 amplius
760 1068 884 1102 queant
895 1056 1099 1102 temporibus

216 1105 416 1140 Christianis
427 1117 522 1151 agere
531 1107 740 1151 Sacerdotes;
767 1119 866 1152 quam
886 1119 923 1143 ut
936 1118 1003 1143 tam
1024 1107 1103 1142 fide-

216 1154 284 1190 lem
294 1154 481 1203 ¹Principem
492 1158 708 1200 protestentur
720 1183 728 1191 .
755 1158 798 1193 Et
809 1158 903 1192 fimul
924 1158 1020 1193 toties
1033 1169 1103 1202 prou

217 1197 362 1240 misimus
372 1230 383 1247 ,
408 1216 445 1243 ut
458 1216 526 1242 tam
541 1209 641 1242 vitam
652 1209 796 1246 nostram
809 1232 821 1248 ,
846 1218 946 1251 quam
965 1218 1101 1250 corpora

215 1256 253 1290 in
266 1256 521 1299 certaminibus,
545 1269 615 1301 quar
635 1256 791 1295 habemus
812 1268 871 1300 pro
882 1256 948 1290 fide
961 1282 972 1298 ,
998 1267 1101 1300 pona-

217 1316 292 1340 mus
314 1330 321 1338 .
348 1305 484 1349 Propter
508 1305 598 1350 quod
622 1318 735 1342 coram
760 1306 839 1340 Deo
865 1330 877 1346 ‚
904 1306 960 1349 qui
986 1307 1101 1341 omnia

218 1354 403 1398 conspicit,
427 1356 460 1390 &
482 1356 637 1392 Domino
662 1356 735 1399 Jesu
754 1354 887 1391 Christo
909 1379 920 1396 ,
942 1356 1001 1399 qui
1025 1367 1102 1390 cum

219 1404 340 1449 justitia
354 1403 555 1447 judicaturus
573 1406 620 1440 est
641 1407 810 1441 universos
822 1429 834 1446 ‚
858 1405 1020 1441 &Sancto
1033 1405 1104 1449 Spi-

220 1455 285 1489 ritu
296 1478 308 1495 ‚
335 1454 428 1497 cujus
441 1456 546 1502 gratia
564 1455 756 1502 gubernatis
768 1455 943 1499 Imperium
958 1478 969 1495 ‚
993 1457 1028 1490 ἀ
1038 1455 1103 1490 ele-

219 1504 278 1538 ἂίε
296 1502 437 1548 Angelis
450 1527 461 1544 ,
487 1505 545 1549 qui
571 1516 630 1540 vos
651 1506 798 1546 servant,
822 1515 907 1547 quos
934 1505 1102 1542 &adstan-

219 1562 269 1587 tes
280 1552 430 1592 videbitis
450 1553 501 1592 illi
522 1554 661 1594 terribili
679 1552 826 1590 Throno
839 1578 850 1596 ‚
877 1553 996 1589 &illas
1016 1556 1103 1589 terri-

218 1602 301 1637 biles
319 1602 463 1638 aeciones
482 1626 494 1643 ‚
519 1616 599 1648 quas
622 1605 815 1643 inceffirnter
835 1604 979 1643 offerunt
1002 1605 1080 1638 Deo
1092 1628 1103 1644 ,

158 1667 161 1670 ¹
217 1658 299 1697 q'uas
309 1652 442 1697 quidam
456 1665 545 1692 nunc
563 1653 753 1692 oblitterare
774 1662 980 1697 pertentant:
1008 1655 1102 1702 Qae-

219 1703 352 1743 sumus,
378 1711 414 1737 ut
432 1703 624 1752 eam,'quae
648 1714 739 1738 nunc
759 1713 990 1750 expugnatur,
1016 1704 1102 1738 ulci-

219 1752 358 1787 scamini
381 1754 553 1800 pietatem.
581 1755 626 1792 Et
646 1754 807 1798 jubeatis,
834 1764 871 1788 ut
882 1752 1031 1789 haeretica
1046 1753 1102 1788 illa

217 1801 376 1846 Capitula
394 1827 405 1844 ,
431 1815 499 1847 quae
520 1803 794 1848 superintrodusta
815 1805 890 1838 sunt
915 1804 992 1838 fidei
1014 1828 1026 1844 ,
1050 1815 1104 1837 ex·

221 1852 402 1896 pellantur.
430 1854 519 1898 Qia
530 1855 603 1887 sunt
619 1852 811 1888 omnimode
832 1853 850 1888 ὲ
862 1854 953 1886 restis
968 1853 1104 1897 dogma-

221 1901 308 1935 tibus
318 1901 445 1943 aliena,
471 1904 506 1936 &
518 1902 672 1937 haereticis
683 1902 820 1937 vesaniis
838 1902 984 1937 consona
996 1927 1003 1934 .
1033 1901 1103 1935 Aut

220 1950 309 1986 certe
327 1952 434 1994 siquis
444 1963 558 1986 eorum
570 1977 581 1992 ‚
607 1952 663 1996 qui
674 1953 905 1987 consenserunt
926 1953 960 1985 &
973 1950 1104 1985 subscri-

220 2002 350 2045 pserunt
371 2001 441 2041 eis,
466 2001 584 2045 &post
607 2001 736 2037 veniam
749 2026 760 2042 ,
787 2012 856 2045 quae
877 2001 896 2035 a
914 2001 1013 2035 nobis
1035 2012 1104 2043 pro-

220 2051 312 2085 missa
331 2049 376 2084 est
389 2074 401 2091 ,
428 2052 501 2085 vult
523 2051 606 2086 ultra
629 2051 853 2090 contendere,
879 2049 969 2084 hunc
992 2050 1102 2083 venire

219 2100 263 2135 ad
273 2099 585 2144 mediumjubeatis‚
613 2099 828 2135 &manifeste
852 2099 947 2133 illurn
971 2098 1030 2133 sub
1043 2099 1105 2133 Ec·

220 2150 399 2186 elefiasticis
420 2151 699 2194 increpationibus
732 2159 795 2187 tuae
820 2148 954 2184 Pietatis
976 2149 1100 2193 judicio

221 2201 407 2236 vindicate.

275 2249 375 2283 Nihil
395 2259 534 2292 namque
553 2249 595 2285 ab
611 2247 672 2282 hac
695 2260 750 2291 re,
775 2249 798 2283 ὃ
821 2249 1022 2292 Imperator,
1047 2258 1105 2282 tuo

220 2297 354 2343 dignius
377 2301 452 2333 esset
475 2300 636 2343 Imperio.
665 2298 731 2336 Pro
741 2310 804 2344 qua
828 2299 985 2333 &contra
997 2298 1106 2332 Persas

223 2350 329 2389 olim,
356 2350 513 2384 &contra
533 2349 616 2386 alios
625 2349 784 2387 Barbaros
806 2348 893 2383 bello
903 2348 1103 2383 contendere

226 2399 405 2439 festinasti,
433 2396 565 2433 Christo
587 2399 648 2432 tibi
672 2399 835 2441 praeclaras
857 2399 1052 2431 retribuente
1065 2397 1108 2429 vi-

227 2447 344 2480 &orias
365 2470 376 2485 ,
402 2446 443 2479 eo
465 2447 555 2490 quod
585 2457 643 2488 pro
664 2457 706 2480 eo
732 2456 901 2490 promptus
926 2445 1086 2480 exstiteris
1100 2469 1107 2476 .

228 2497 315 2530 Fieri
327 2494 400 2529 vero
409 2506 520 2529 coram
534 2506 589 2532 tua
602 2494 727 2529 Pietate
736 2494 913 2538 quaesumus
926 2494 1107 2538 inquifitio·

226 2557 285 2580 nes
304 2546 338 2579 in
358 2546 484 2588 Scripto
505 2569 514 2580 .
544 2543 597 2578 Sic
617 2546 706 2580 enim
725 2545 838 2586 procul
858 2543 961 2579 dubio
980 2544 1109 2582 facilius

227 2594 456 2638 dignoscetur.
484 2594 528 2628 Et
549 2594 643 2627 omni
666 2595 778 2628 futuro
804 2604 949 2636 tempore
971 2594 1108 2628 convin-

226 2656 365 2685 centur,
390 2645 590 2690 quicumque
602 2643 814 2692 deliquerint.
842 2643 876 2678 Si
886 2644 942 2687 qui
962 2642 1038 2677 vero
1048 2652 1107 2686 pro

225 2694 278 2729 his
298 2721 309 2736 ‚
332 2706 401 2739 quae
421 2695 586 2738 peccando
617 2694 853 2730 commiserunt
877 2718 889 2734 ,
925 2691 1104 2727 haefitantes

227 2744 309 2779 ferre
334 2745 497 2779 sermones
514 2769 525 2785 ,
555 2746 608 2781 seu
630 2744 762 2780 reddere
787 2743 928 2778 rationes
951 2767 963 2783 ,
989 2745 1105 2780 rectam

228 2795 330 2829 fidem
349 2795 438 2828 velut
455 2805 497 2828 ex
518 2794 699 2830 donatione
719 2794 915 2837 imperantes
937 2792 1106 2838 subjugare

228 2844 394 2879 voluerint
405 2868 416 2884 ,
443 2844 491 2878 tui
502 2843 563 2879 erit
574 2842 647 2886 justi
664 2842 774 2886 judicii
785 2844 952 2888 providere
964 2866 975 2883 ,
1002 2844 1023 2876 fi
1038 2854 1106 2877 non

228 2894 377 2938 &ipsum
406 2893 604 2928 vocabulum
628 2893 824 2937 perdiderint
846 2893 1080 2938 Magisttorum
1094 2917 1105 2933 ,

229 2943 287 2988 qui
302 2943 477 2979 haefitantes
500 2954 620 2979 certare
632 2955 690 2989 pro
708 2941 759 2980 his
781 2943 1012 2988 dogmatibus,
1037 2954 1106 2987 quae

232 2993 414 3035 inducunt,
440 2994 475 3028 &
495 3005 565 3028 non
582 2994 795 3029 convolentes
815 2993 948 3038 probare
970 3004 1038 3038 qua:
1055 2993 1104 3027 di-

233 3052 406 3083 rexerunt,
431 3054 472 3078 ne
493 3044 601 3078 feciffe
622 3042 720 3088 impie
741 3045 1000 3079 convincantur.
1030 3043 1102 3077 Nec

233 3103 271 3127 ea
281 3092 439 3134 expellere
449 3092 628 3138 dignantur
639 3118 651 3134 ,
671 3105 713 3128 ne
725 3095 807 3132 forte
826 3093 1024 3130 infruetuosa
1033 3094 1080 3128 eis
1091 3117 1102 3135 ‚

233 3141 344 3177 habita
358 3142 440 3175 inter
452 3143 635 3184 semetipsos
645 3168 657 3186 ,
681 3143 878 3188 conspiratio
889 3144 946 3181 fiat
955 3170 962 3177 .

282 3193 353 3235 Jam
376 3190 529 3234 fiquidem
548 3193 768 3234 meditantur,
794 3203 830 3228 ut
851 3205 909 3238 pro
927 3193 1023 3238 hujus
1044 3192 1103 3228 irn-

232 3242 360 3286 pietatis
370 3243 505 3285 praemio
516 3243 647 3277 Sedium
658 3243 864 3279 restituantur
874 3244 1083 3288 principatus
1094 3269 1100 3275 .

232 3293 278 3326 Et
299 3291 379 3326 alias
394 3291 435 3325 ad
458 3292 700 3335 corruptionem
722 3293 900 3329 Canonum
921 3294 1102 3335 formulas,

222 3353 301 3386 quae
322 3343 356 3377 δε
377 3352 433 3386 per
452 3350 510 3384 ca,
537 3354 608 3387 qua:
627 3342 709 3377 olim
732 3344 805 3378 sunt
825 3344 867 3379 ab
888 3345 935 3379 eis
960 3352 1102 3384 tentata,

1848 196 1887 226 *21
1898 192 1958 238 ος

1162 260 1224 302 jam
1236 259 1369 304 proditae
1379 260 1473 299 sunt,
1496 260 1530 293 ὃ(
1541 258 1647 299 adhuc
1666 261 1948 303 demonstrabilius
1964 265 2028 302 elu-

1163 312 1310 350 cescent,
1337 311 1394 348 nifi
1416 320 1509 344 tuum
1536 309 1615 344 talia
1633 315 1813 354 compescat
1833 315 2030 358 Imperium.

1160 361 1250 393 Nam
1262 358 1380 395 videbit
1393 371 1450 394 eos
1465 371 1533 394 non
1546 358 1653 397 multo
1664 361 1734 404 post
1746 362 1843 399 etiam
1855 359 1963 399 Pietas
1973 375 2031 399 tua

1160 407 1254 452 hujus
1275 409 1468 453 proditionis
1490 410 1675 451 mercedes,
1701 420 1857 454 tanquam
1879 424 1971 455 capta
1992 414 2032 449 de

1160 459 1224 493 fide
1236 459 1360 498 Christi
1374 461 1519 497 volentes
1530 461 1632 504 spolia
1644 485 1655 506 ,
1682 460 1846 503 dispertire
1860 484 1867 492 .
1896 461 1970 495 Nos
1981 475 2032 497 ve-

1161 509 1197 542 ro
1210 510 1292 544 olim
1304 510 1436 554 quidem
1445 535 1456 551 ‚
1480 510 1560 544 dum
1572 509 1716 554 quaedam
1729 511 1917 555 praesumpta
1940 512 2002 544 smt
2013 512 2033 545 a

1161 559 1439 599 Reverendissimo
1459 560 1628 604 quondam
1651 558 2035 603 Hierosolymitanorum

1161 609 1329 652 Juvenali,
1354 605 1556 654 quievimus,
1580 609 1661 645 dum
1673 610 1759 649 certe
1772 621 1841 654 quae
1863 608 2035 645 debeamus

1161 657 1280 697 bellare
1304 670 1361 701 pro
1375 660 1535 704 Regulis,
1561 660 1759 696 videremus.

1210 707 1314 741 Tunc
1327 709 1478 752 quasdam
1489 710 1709 746 festinationes
1730 711 1766 745 &
1778 709 1957 755 phantasias
1967 708 2037 753 eius

1163 755 1350 800 hujusmodi
1365 767 1481 796 contra
1501 770 1670 806 utramque
1680 759 1888 796 Pboeniciam
1910 761 1944 796 &
1956 759 2038 794 Ara-

1163 806 1251 840 biam
1264 805 1403 844 minim&
1427 807 1633 851 ignoramus.
1661 811 1733 846 Nec
1743 820 1851 847 tamen
1866 810 1906 845 de
1927 809 2039 844 bisin-

1165 856 1259 890 terim
1279 855 1478 894 contendere
1501 858 1664 898 possumus
1688 885 1700 901 ,
1725 861 1782 904 qui
1797 859 1883 900 certe
1903 858 1943 894 de
1964 859 2038 902 ipsis

1164 917 1296 950 quoque
1326 904 1529 941 Civitatibus
1542 929 1554 946 ‚
1579 917 1715 950 quarum
1737 910 1834 945 nobis
1852 921 1928 945 cura
1948 919 2041 944 com-

1162 956 1253 994 missa
1263 955 1308 990 est
1319 981 1331 996 ‚
1357 956 1390 990 δε
1401 955 1442 990 ab
1454 956 1520 998 ipsa
1530 979 1542 996 ,
1569 956 1591 989 fi
1603 959 1785 999 oportuerit
1795 982 1806 997 ‚
1832 960 1898 995 vita
1909 957 2040 996 facilius

1161 1005 1371 1044 ,abscedemus
1380 1029 1391 1044 ,
1412 1017 1509 1048 quam
1522 1006 1748 1049 relinquamus
1757 1004 1970 1043 devotionem
1981 1018 2042 1051 pro

1165 1056 1229 1092 fide
1255 1055 1398 1093 bellandi
1419 1080 1427 1088 .
1455 1055 1518 1095 Sed
1542 1066 1657 1090 contra
1679 1054 1798 1090 horum
1821 1055 1952 1099 quidem
1974 1059 2042 1101 spes

1164 1116 1230 1145 tam
1241 1106 1306 1140 Dei
1329 1106 1513 1152 judicium,
1539 1115 1637 1147 quam
1660 1114 1723 1139 tuae
1739 1103 1876 1139 Pietatis
1903 1107 2045 1148 opponi-

1164 1167 1253 1196 mus.
1282 1156 1384 1195 Nunc
1405 1166 1516 1192 autem
1536 1156 1736 1200 quaesumus,
1763 1164 1800 1189 ut
1822 1152 1864 1189 de
1885 1155 1987 1199 prima
2008 1155 2043 1189 &

1165 1207 1232 1240 sola
1243 1205 1322 1241 fidei
1335 1207 1455 1250 pietate
1474 1206 1511 1241 fit
1521 1217 1614 1240 cura.
1645 1206 1688 1240 Et
1701 1216 1742 1241 ne
1762 1204 1857 1239 illum
1870 1229 1881 1246 ,
1908 1204 1964 1248 qui
1986 1202 2044 1238 sub

1166 1257 1277 1293 sanstae
1303 1255 1560 1291 conversationis
1581 1255 1806 1293 Constantino
1828 1255 1885 1289 vix
1911 1253 2045 1289 tandem

1164 1304 1317 1348 splendor
1338 1307 1383 1340 est
1409 1306 1510 1340 factus
1537 1305 1727 1351 Religionis
1748 1303 1954 1344 Orthodoxae
1973 1328 1985 1345 ‚
2013 1304 2047 1338 &

1165 1354 1311 1399 praeterea
1331 1355 1377 1390 est
1399 1357 1612 1395 confirmatus
1634 1368 1689 1400 per
1708 1356 1828 1394 Beatos
1850 1356 1964 1389 Avum
1983 1363 2048 1389 ωε

1165 1405 1301 1443 Pietatis
1320 1404 1494 1441 &Patrem
1508 1430 1520 1447 ‚
1547 1405 1565 1440 a
1585 1416 1646 1445 tuo
1668 1406 1746 1444 vero
1760 1404 1903 1450 Imperio
1926 1407 1961 1439 in
1972 1404 2049 1441 alte-

1166 1466 1214 1490 ras
1233 1466 1367 1500 quoque
1390 1454 1579 1492 Barbaricas
1598 1456 1745 1497 Gentes,
1771 1456 1806 1491 &
1820 1456 1854 1490 in
1876 1454 2048 1494 Persarum

1166 1505 1312 1539 firmatus
1332 1505 1378 1540 est
1390 1505 1546 1551 Regione
1562 1530 1573 1546 ‚
1597 1506 1796 1549 periclitetur
1816 1506 1851 1539 in
1863 1504 1934 1548 ipsis
1944 1504 2049 1547 Impe-

1165 1555 1298 1589 rialibus
1309 1554 1426 1598 Aulis,
1452 1555 1589 1599 &juxta
1604 1555 1741 1590 vestram
1764 1565 1930 1598 mergatur
1940 1554 2049 1586 Tran-

1167 1605 1382 1648 quillitatem.
1411 1606 1493 1640 Non
1518 1605 1607 1639 enlm
1629 1605 1778 1648 duplices
1801 1602 2049 1636 Christianismi

1165 1654 1328 1688 doctrinas
1351 1655 1384 1688 in
1397 1654 1560 1693 Persidem
1583 1652 1760 1688 directurus
1778 1651 1825 1687 est
1846 1651 2050 1695 Imperator,

1167 1715 1227 1738 nec
1239 1704 1363 1748 aliquid
1383 1704 1469 1748 apud
1485 1715 1543 1739 eos
1563 1713 1722 1748 magnum
1745 1702 1827 1737 fides
1841 1702 1949 1736 nostra
1961 1711 2052 1745 puta-

1167 1754 1274 1795 bitur,
1306 1754 1385 1788 dum
1411 1753 1691 1793 contendentibus
1711 1752 1809 1787 nobis
1831 1762 1931 1786 nemo
1951 1752 1988 1785 fit
1999 1751 2051 1794 Ju-

1166 1803 1253 1840 dex:
1282 1804 1355 1838 Nec
1365 1803 1552 1847 duplicibus
1564 1802 1870 1847 praedicationibus,
1897 1800 1960 1836 five
1973 1801 2052 1844 My-

1166 1852 1270 1890 steriis
1280 1853 1545 1887 communicatur
1569 1854 1643 1886 sana
1667 1862 1776 1886 mente
1787 1851 1947 1895 quilibet.
1976 1849 2051 1885 Nec

1167 1901 1245 1936 vero
1264 1901 1316 1944 pie
1336 1902 1381 1935 est
1406 1901 1477 1945 quis
1496 1901 1514 1935 a
1534 1902 1634 1936 tantis
1648 1900 1800 1936 Patribus
1828 1899 2048 1940 abscessurus,

1166 1952 1200 1990 δε
1212 1951 1355 1985 Sanctis:
1380 1951 1425 1984 Et
1439 1952 1495 1994 qui
1508 1949 1788 1993 reprehenduntur
1800 1950 1959 1984 in‘nullo.
1987 1950 2051 1984 Sed

1167 2012 1226 2034 nec
1237 1999 1343 2033 suavia
1353 2023 1374 2039 „
1393 2010 1464 2041 quae
1474 1999 1515 2033 ad
1529 2000 1705 2043 Imperium
1718 1999 1885 2043 pertinent
1900 2022 1911 2038 ,
1937 2009 2051 2033 eorum

1166 2050 1221 2092 qui
1248 2049 1289 2083 ad
1314 2049 1456 2083 invicem
1483 2049 1646 2084 contraria
1674 2049 1819 2094 sentiunt
1841 2072 1853 2089 ‚
1878 2048 2051 2084 ordinibus

1167 2098 1405 2134 adscribentur.

1218 2149 1291 2183 Nec
1313 2160 1428 2193 parum
1449 2149 1626 2185 ridiculum
1649 2148 1732 2191 erit,
1759 2148 1849 2194 quod
1871 2147 2053 2193 tribuemus

1170 2198 1317 2233 hostibus
1344 2223 1352 2231 .
1379 2200 1422 2233 Et
1443 2200 1523 2233 alias
1549 2224 1560 2240 ,
1586 2200 1690 2234 multa
1712 2199 1839 2239 millia,
1866 2200 1939 2243 quis
1961 2201 2053 2234 malae

1169 2249 1394 2283 contentionis
1404 2260 1518 2283 eorum
1529 2249 1741 2284 denumerare
1753 2249 1870 2292 poterit
1882 2249 2044 2283 laefiones?

1170 2300 1203 2334 Si
1215 2297 1290 2332 vero
1302 2298 1346 2333 est
1369 2299 1425 2342 qui
1441 2309 1574 2342 parvum
1587 2299 1768 2335 coelestium
1787 2309 1892 2333 rerum
1904 2308 1995 2343 putet
2008 2300 2054 2334 as-

1170 2351 1308 2393 festum,
1334 2349 1464 2383 facilius
1475 2347 1608 2393 quidem
1623 2349 1763 2394 quilibet
1773 2348 1901 2384 fitalius
1913 2373 1924 2390 ‚
1951 2350 2052 2393 quam

1169 2399 1223 2431 cui
1238 2399 1328 2431 Deus
1339 2408 1474 2431 omnem
1485 2399 1609 2437 Mundi
1621 2398 1738 2435 tribuit
1761 2399 1954 2442 potestatem
1967 2424 1974 2431 .
2003 2399 2053 2433 At

1170 2444 1246 2479 vero
1269 2444 1365 2478 nobis
1388 2446 1530 2479 omnino
1554 2447 1600 2481 est
1624 2449 1874 2495 suscipereatua
1886 2448 2052 2483 Potestate

1169 2495 1331 2538 judicium
1345 2520 1351 2526 .
1380 2494 1525 2529 Deducit
1537 2496 1680 2540 namque
1692 2503 1836 2531 mentem
1854 2507 1944 2531 tuam
1958 2497 2051 2532 Deus

1167 2544 1376 2588 adintegram
1385 2555 1497 2581 eorum
1511 2569 1521 2584 ,
1550 2545 1591 2579 de
1603 2545 1721 2587 quibus
1729 2546 1859 2587 quaestio
1870 2547 1915 2580 est
1929 2570 1940 2587 ‚
1962 2558 2052 2587 com·

1169 2593 1414 2638 prehenfionem
1426 2617 1433 2625 .
1461 2594 1495 2628 Si
1510 2594 1586 2628 vero
1595 2595 1641 2628 est
1653 2593 1779 2637 aliquid
1794 2619 1804 2635 ,
1832 2596 1921 2639 quod
1945 2597 2049 2632 modo

1167 2643 1357 2687 prohibeat,
1386 2654 1454 2677 non
1471 2644 1562 2679 enim
1586 2645 1773 2679 cunCtaill'a
1798 2645 1894 2680 nobis
1904 2646 2049 2682 effabilia

1166 2695 1239 2728 sunt
1253 2718 1264 2734 ,
1290 2704 1360 2737 quae
1377 2703 1438 2727 tuae
1449 2692 1568 2728 Pietati
1592 2693 1634 2729 de
1644 2694 1762 2735 rebus,
1788 2695 1842 2729 seu
1865 2695 1950 2729 circa
1964 2697 2049 2740 ipsas

1166 2755 1214 2778 res
1225 2744 1377 2779 constant
1392 2767 1404 2784 ‚
1431 2742 1518 2778 certe
1542 2744 1591 2778 vel
1604 2744 1645 2779 ad
1668 2746 1798 2790 propria
1820 2746 1975 2780 recessum
1989 2758 2049 2781 no·

1165 2792 1213 2828 bis
1224 2793 1376 2832 facilem,
1403 2794 1613 2838 securumque
1631 2795 1695 2830 effe
1716 2806 1735 2830 a
1759 2805 1814 2830 tua
1840 2794 2048 2838 Tranquilli-

1164 2852 1228 2879 tate
1244 2843 1447 2886 deposcimus
1459 2870 1466 2877 .
1493 2844 1690 2884 Commiffas
1708 2845 1800 2881 enim
1822 2843 1920 2878 nobis
1935 2844 2047 2881 Urbes

1165 2905 1234 2928 non
1257 2904 1370 2938 parum
1392 2894 1500 2928 noceri
1523 2906 1565 2928 ex
1593 2894 1653 2934 hac
1680 2906 1772 2930 mora
1797 2893 2018 2938 conspicimus
2034 2917 2046 2938 ,

1163 2943 1243 2978 dum
1266 2944 1351 2978 certe
1369 2942 1423 2977 hic
1450 2942 1534 2980 nihil
1558 2944 1624 2980 haec
1650 2945 1716 2988 ipsa
1738 2944 1887 2989 proficiat
1911 2954 2044 2988 propter

1162 3005 1238 3033 eos,
1265 2995 1321 3039 qui
1342 2994 1500 3029 &contra
1528 3005 1642 3036 tuam,
1668 2995 1747 3030 ficut
1767 2994 1889 3037 claret,
1914 2993 2043 3040 eligunt

1161 3045 1358 3082 contendere
1383 3044 1544 3079 Pietatem
1559 3070 1567 3078 .

1460 3203 1524 3286 εἷς
1680 3203 1749 3292 ’ἑὲ

1853 3391 1990 3426 scHo-
