2320 3730
347 198 449 253 176

663 191 1025 236 volumnum
1062 187 1313 231 Famem
1348 183 1708 252 EP13T02AE3'

258 280 369 314 litteris
391 279 410 308 ὰ
423 271 572 311 Berrhaea
589 274 730 310 directis.
758 273 903 309 Proinde
925 273 989 307 haec
999 270 1153 314 Synodus
1209 271 1350 314 quaefiert
1345 273 1449 312 'plane
1459 284 1517 307 non
1524 277 1605 315 poffi'e
1615 299 1627 315 ‚
1651 280 1685 311 20
1696 277 1775 321 quod
1782 270 1970 319 quaecumque
1984 270 2094 321 scrtpfi.

260 329 324 362 fuit
349 327 382 358 ὅ(
396 325 633 366 Antiochena,
660 324 935 361 &Berrhaeensis
964 319 1153 353 Antiochiae
1210 332 1297 360 mus,
1325 321 1402 355 reiis
1412 321 1631 365 scripserimus,
1641 333 1740 366 utpote
1748 328 1836 361 κᾶε
1848 340 1882 362 ac
1891 334 2013 372 mtegrae
2022 329 2095 371 fidei

258 387 367 419 coepta
377 400 389 416 ‚
415 375 563 410 Besrhaeae
576 378 640 410 fmt
651 376 835 418 completa.
864 373 948 427 Qae
970 370 1082 403 omnia
1110 371 1149 404 ad
1207 379 1307 414 patro
1305 377 1432 405 inantes
1442 395 1453 411 ,
1480 372 1610 415 nihilque
1616 374 1739 417 prorsus
1759 388 1799 409 etc
1811 385 1874 419 ets,
1899 391 1967 421 quae
1979 380 2000 410 ἃ
2012 379 2094 412 nobis

258 428 396 462 oculum
409 425 567 469 patebunt
590 424 745 459 inferius.

310 477 422 510 Etiam
435 477 476 510 ad
491 476 684 510 Mercatoris
697 473 817 514 verba,
844 474 940 505 Aliam
960 470 1148 511 Epistolam‚

1203 419 1317 462 scripta
1327 421 1430 465 essent,
1458 435 1567 467 negare
1591 435 1641 457 nos
1651 424 1744 468 posse.
1774 428 1908 468 AEquia'ts
1917 430 2010 462 multo
2019 428 2083 471 effe
2081 453 2093 470 ,

1206 479 1238 503 ut
1249 471 1485 517 ipfiambagibus
1498 475 1558 508 illis
1569 485 1603 506 ac
1615 473 1826 515 dilationibus,
1853 477 1959 518 quibus
1971 479 2094 513 uteban-

258 527 438 561 Garnerius
461 527 552 561 dedit
576 528 668 559 suum
681 522 862 558 Scholion:
888 520 1022 563 Epistola
1042 520 1105 554 baec
1117 526 1149 554 in
1207 530 1278 562 tur,
1305 523 1422 563 1111ζῶ1,
1450 526 1568 564 Piiffimi
1591 528 1711 558 Domini
1730 530 1921 568 Imperatoris
1945 550 1957 567 ,
1983 530 2094 563 311111ιὶ-

255 582 366 619 quinta
375 579 486 616 synodo
495 577 603 608 dicitur
610 574 726 618 scripta
734 573 794 616 post
816 580 921 612 pacem
931 570 1061 613 Eccleſsis
1081 573 1147 604 red-

254 628 324 660 dita
337 651 344 659 .
370 630 438 661 Alia
460 628 565 670 legitur
578 625 748 659 Theodoreti
770 623 815 654 ad
823 621 946 654 eundem
959 622 1035 656 data
1046 621 1146 663 Ephe-

249 676 297 719 fi,
324 680 378 720 quo
403 689 460 710 non
471 684 651 710 convenerat
673 673 828 712 Andreas,
854 671 952 705 morbo
964 673 1126 713 impeditus
1138 696 1147 711 ‚

252 728 314 770 post
327 729 468 766 cyrillum
478 738 513 759 ac
527 730 709 757 Memnonem
717 722 756 755 ab
769 722 972 756 Orientalibus
985 721 1122 764 depofitos
1135 747 1145 763 ‚

253 778 420 811 &asacra
431 776 539 819 synodo
563 773 709 812 restitutos
721 797 733 816 ‚
760 773 841 813 idest
854 797 865 813 ,
889 778 968 806 circa
984 772 1075 815 finem
1084 774 1114 816 J
1116 785 1145 806 u-

252 828 287 860 111
299 851 309 866 ,
334 830 408 858 1111111
423 822 861 868 quadringentefimivtrigefimi
870 829 966 866 primi
987 848 994 856 .
1023 822 1145 858 Denuo

252 875 369 909 labitur
381 875 416 908 in
430 872 560 908 duobus
572 897 580 905 .
607 870 720 908 Primo
730 898 742 914 ‚
767 873 858 918 quod
870 872 935 908 haec
949 873 1094 917 Epistola
1107 873 1144 907 sit

250 925 363 967 scripta
384 922 455 966 post
470 923 634 958 redditam
656 935 767 968 pacem
782 923 937 960 Ecclesiis
949 948 957 956 .
987 924 1046 958 Est
1055 924 1144 958 enim

249 975 364 1017 scripta
385 974 420 1007 in
445 973 584 1009 exordio
606 974 781 1012 Trastatus
813 974 855 1008 de
878 985 956 1018 pace
979 998 991 1015 ‚
1016 974 1142 1009 dudum

248 1024 323 1058 ante
334 1023 581 1062 conclusionem
594 1047 602 1056 .
630 1023 722 1058 Ante
733 1033 927 1068 conceptam
939 1024 1035 1059 Pauli
1049 1025 1145 1058 Eme-

246 1075 315 1110 seni
335 1073 491 1118 Episcopi
504 1075 706 1118 legationem
730 1074 771 1109 ad
786 1076 941 1110 Sanctum
954 1074 1119 1117 Cyrillum
1136 1098 1142 1104 .

246 1124 363 1158 Statim
375 1125 445 1169 post
459 1124 691 1167 CyrilliRescri
696 1135 790 1169 ptum
801 1125 842 1160 ad
854 1125 992 1167 primam
1004 1124 1045 1157 de
1057 1123 1144 1166 pacis

245 1175 390 1210 articulis
427 1175 685 1219 propositionem
710 1188 723 1215 ,·
758 1177 876 1208 factam
903 1173 921 1208 ὲ
949 1172 1142 1209 Berrhaeenfi

245 1224 373 1259 Acacio
386 1252 394 1260 .
422 1223 575 1265 Secundo
590 1249 601 1265 ,
629 1225 717 1269 quod
732 1225 818 1259 istud
830 1225 984 1259 asseratur
994 1224 1037 1259 ab
1050 1223 1143 1259 Astis

243 1276 366 1319 quintae
378 1276 505 1318 synodi
518 1301 525 1308 .
554 1275 665 1319 Hujus
676 1276 766 1309 enim
782 1274 936 1318 Epistolae
948 1275 1038 1308 nulla
1052 1274 1141 1317 peni·

243 1325 391 1360 t'us‘istic
420 1326 466 1360 est
490 1326 652 1360 memoria
676 1350 684 1357 .
714 1323 860 1359 Proinde
886 1325 972 1369 apud
994 1323 1138 1358 Marium

243 1375 467 1410 Mercatorem
488 1387 607 1416 vocer,
635 1376 733 1408 Aliam
758 1373 891 1418 scripfit,
921 1386 993 1409 non
1015 1375 1140 1417 imper-

243 1433 315 1460 tant
325 1427 500 1460 dumtaxat
512 1453 514 1455 .
526 1426 701 1460 secundam
715 1426 918 1468 Epistolam:
944 1424 1138 1458 Theodore—

242 1476 392 1509 tusenim
407 1477 527 1509 multas
538 1476 660 1518 scripsit
687 1475 728 1508 ad
740 1475 924 1509 Andream.
953 1471 1090 1508 Sensus·
1082 1473 1139 1518 igi-

242 1526 376 1559 tui-est.
404 1524 482 1559 Post
504 1525 611 1568 plures
632 1524 795 1567 Epistolas
821 1525 943 1568 scripsit
965 1525 999 1558 δε
1022 1525 1139 1558 aliam.

242 1575 326 1608 Non
339 1575 384 1608 est
395 1573 644 1614 dubitandum,
671 1574 753 1617 quin
766 1575 892 1608 Marius
905 1576 1073 1609 Mercator
1083 1583 1139 1609 aut

243 1636 360 1658 omnes
371 1625 509 1665 viderit,
535 1634 591 1658 aut
609 1625 748 1666 ipsarum
763 1626 885 1667 plures.

294 1675 566 1719 Hierapolitanus
604 1673 794 1707 Alexander
830 1675 866 1707 in
916 1675 1061 1711 addustis
1098 1675 1138 1709 ad

243 1722 500 1759 Theodoretum
521 1723 638 1758 litteris
654 1724 828 1768 ,insigniter
852 1727 989 1768 exponit
1011 1728 1137 1760 sensum

241 1773 404 1822 praesentis
417 1773 639 1819 Antiochenoe
656 1784 694 1808 ac
707 1773 916 1809 Berrhaeenfis
925 1777 1064 1819 Synodi:
1079 1781 1138 1810 Ve-

241 1834 412 1859 rumtamen
434 1835 503 1867 quae
526 1823 597 1857 tut'ic
619 1828 651 1855 in
661 1824 816 1857 Antiochia
838 1831 915 1857 inte-r
940 1837 993 1859 nos
1006 1827 1140 1861 collocuti

236 1874 343 1919 [11111111
365 1876 521 1916 dicentes,
547 1875 639 1918 ,Quod
653 1873 682 1916 fi
695 1875 819 1913 Cyrillus
840 1877 926 1909 illam
948 1878 1139 1910 conditionem

238 1925 397 1970 susceperit
409 1950 419 1966 ,
445 1926 639 1967 abjeceritque
648 1927 796 1967 capitula
811 1950 821 1965 ,
843 1935 949 1968 pacem
958 1928 1026 1969 fieri
1037 1939 1140 1961 conve-

242 1983 316 2017 nit,
338 1975 462 2018 scientes
474 1976 612 2008 videlicet
634 1977 712 2008 illud
724 1976 787 2008 baec
797 1978 931 2009 diximus
946 2001 957 2017 ‚
984 1979 1064 2020 quod
1074 1981 1138 2010 Hae-

242 2031 399 2065 reticorum
409 2027 616 2067 Capitulorum
627 2023 773 2065 eJ'ec‘liofit
795 2027 829 2058 (τ
840 2028 927 2059 redlae
947 2026 1020 2066 fidei
1029 2027 1138 2064 robur,

245 2078 280 2113 ό·
290 2075 389 2110 eorum
404 2100 414 2116 ,
427 2087 495 2118 quae
509 2086 609 2109 contra
621 2075 706 2106 illam
713 2072 870 2115 personam
876 2073 950 2116 sunt
957 2074 1039 2117 gesta
1054 2098 1064 2114 ,
1073 2073 1140 2116 sub—

245 2126 339 2174 versio
349 2150 361 2167 ,
387 2127 422 2159 (9·
429 2124 570 2169 scandali
575 2126 728 2168 generalis
733 2122 854 2166 solutio.
881 2123 1035 2158 Unicum
1047 2123 1140 2167 hujus

245 2172 414 2214 Fabi-ionis
438 2175 583 2209 studium
607 2184 677 2207 erat
701 2172 898 2230 Ephesinam
922 2173 1065 2207 Nestorii
1080 2174 1141 2208 da·-

247 2226 455 2263 mnationem
476 2223 670 2263 exsufflare,
692 2222 845 2265 atquei'ta
857 2223 1019 2267 gradatim
1044 2224 1142 2266 &per

246 2287 347 2326 gyros
370 2275 466 2309 illum
487 2285 638 2308 revocare
661 2273 696 2305 in
711 2271 893 2306 Thronum
907 2272 1143 2308 Constantino-

247 2327 406 2372 politanae
417 2325 581 2359 Ecclefiae
610 2323 653 2357 Et
665 2321 732 2356 haec
743 2324 858 2357 omnia
871 2323 1044 2358 censebant
1056 2334 1142 2358 com-

247 2375 428 2421 poehendi'
421 2387 455 2408 m
467 2375 650 2418 abjectione
661 2373 916 2416 Capitulorum.
944 2374 1038 2408 Hinc
1051 2373 1142 2407 illam

249 2427 338 2470 quasi
347 2427 450 2460 solam
463 2426 480 2459 a
491 2425 623 2467 Cyrillo
634 2423 838 2467 postularunt
852 2447 859 2454 .
891 2423 1025 2457 Etenim
1039 2423 1144 2458 Nicae-

248 2488 333 2512 num
356 2473 552 2519 Symbolum
566 2499 576 2514 ,
604 2485 642 2508 ac
663 2474 694 2507 S.
708 2472 880 2507 Athanasii
904 2473 944 2507 ad
957 2474 1143 2517 Epit‘tetum

252 2529 376 2562 litteras
392 2535 551 2560 noverant
570 2524 729 2558 facillime
748 2522 972 2557 admittenda.
1002 2526 1050 2557 At
1062 2523 1145 2559 diffi-

253 2578 317 2612 cile
336 2576 381 2611 est
394 2574 658 2611 beneoculatum
671 2572 840 2606 hominem
851 2572 1120 2608 circumscribere
1137 2599 1144 2606 .

254 2628 391 2662 Etenim
414 2624 577 2661 in'littetis
585 2622 625 2657 ad
638 2620 882 2656 Meiitinensem
895 2622 1057 2657 Acacium
1069 2625 1145 2658 San-

251 2679 327 2712 flus
345 2676 493 2719 Cyrillus
517 2673 724 2718 prosequitur⁴
743 2685 754 2706 .·
780 2676 846 2715 Ego
867 2675 938 2705 vero
960 2673 1005 2706 ad
1025 2673 1079 2714 ista
1101 2679 1146 2706 ita

256 2725 391 2770 rescripsi
408 2751 415 2758 .
443 2724 627 2767 Expofitioni
647 2722 721 2765 fidei
743 2746 754 2762 ,
780 2734 869 2764 quam
887 2728 1011 2756 Nicaeni
1035 2726 1144 2757 Patres

255 2778 417 2814 ediderunt
427 2801 438 2817 ‚
463 2775 651 2810 adbaeremus
662 2783 760 2806 omnes
773 2797 784 2812 ,
812 2772 892 2806 nihil
894 2771 1017 2816 prorsus
1027 2784 1123 2807 eorum
1135 2797 1146 2814 ‚

256 2838 327 2870 quae
348 2832 380 2861 in
390 2825 457 2870 ipsa
480 2832 690 2864 continentur,
718 2821 936 2864 labefaHantes
950 2847 957 2855 .
985 2826 1067 2868 ,Quae
1077 2826 1146 2858 vero

260 2877 337 2912 vecie
347 2886 450 2911 contra
461 2876 589 2917 Nestorii
608 2872 808 2918 blasphemias
818 2872 983 2917 scripfimus
993 2897 1004 2913 ‚
1029 2886 1066 2908 ea
1077 2871 1149 2918 ejus·

260 2929 341 2960 modi
354 2929 424 2970 ossis,
450 2936 485 2960 ut
506 2927 589 2960 nulla
606 2931 720 2959 ratione
749 2924 833 2958 nobis
851 2922 1028 2966 persuaderi
1045 2926 1150 2967 poffit‚

262 2986 296 3011 ut
309 2978 385 3011 reite
401 2976 517 3020 scripta
538 2978 589 3020 effe
614 2987 766 3020 negemus.
800 2979 885 3016 opus
901 2976 1032 3016 proinde
1051 2979 1149 3019 magIs

263 3027 314 3068 effi?
334 3053 345 3068 ,
371 3036 405 3060 ut
424 3027 480 3069 ipsi
494 3029 591 3069 juxta
615 3027 735 3067 Piifflmi
759 3028 951 3067 Imperatoris
974 3027 1127 3060 Decretum
1141 3050 1151 3066 ,

265 3080 352 3110 immo
364 3080 438 3111 vero
457 3079 553 3118 juxta
564 3076 724 3119 Epheltnae
735 3076 837 3115 synodi
842 3074 1022 3118 saumonem
1032 3098 1043 3114 ‚
1067 3077 1151 3109 illum

263 3131 320 3166 qui
336 3135 437 3159 eontra
459 3129 626 3163 Salvatoris
639 3127 748 3168 christi
753 3128 850 3170 gloria
868 3127 1024 3169 pugnavit
1032 3149 1043 3166 ,
1069 3128 1153 3166 ejice-

264 3181 359 3213 rent,
383 3175 546 3218 impiasque
564 3177 645 3210 illius
658 3176 856 3221 blasphemias
876 3176 1067 3210 anathemate
1078 3174 1154 3217 inse-

267 3222 423 3257 darentur
433 3247 443 3262 ‚
470 3224 591 3268 ejusque
601 3225 768 3267 depofitioni
791 3226 987 3270 consentirent
997 3250 1009 3267 ‚
1035 3227 1069 3259 o·
1079 3227 1152 3259 San—

267 3271 381 3312 ⁴Hiffimi
401 3272 540 3314 Episcopi
560 3278 743 3308 Maximiani
768 3278 995 3310 ordinationem
1008 3275 1155 3317 approba-

271 3324 360 3357 rent‘'.
387 3322 432 3356 Et
452 3321 567 3356 litteris
585 3322 626 3356 ad
645 3324 818 3359 Donatum·
838 3325 1038 3370 Nicopolios
1059 3323 1158 3359 Anti-

272 3371 383 3413 stitem
401 3384 409 3407 τ
422 3373 498 3418 Ego
508 3374 580 3408 veri
586 3374 635 3407 ad
645 3372 708 3411 bac
718 3372 854 3419 rescripfi
859 3375 993 3412 ran-illos
999 3374 1155 3418 postulare,

1200 584 1262 614 vque
1273 574 1377 611 synodi
1389 574 1515 607 Placitis
1539 574 1751 618 acquiescerent
1765 602 1776 618 ‚
1801 576 1930 616 Nestorii
1940 586 2037 618 nugas
2058 580 2094 612 δ’

1207 621 1406 665 blasphemias
1421 624 1713 660 anathematizarent
1723 652 1735 668 ,
1761 626 1929 668 depositioni
1941 628 2022 659 illius
2029 638 2095 661 cort*

1202 671 1372 715 sentirent,
1396 683 1485 717 atque
1506 677 1734 711 ordinationem
1759 677 1929 717 Sanc‘lifflmi
1951 675 2094 720 Episcopi

1208 726 1391 757 Maximiani
1410 726 1645 766 comprobarent.
1677 728 1721 761 Et
1744 728 1779 761 in
1802 727 1884 761 infra
1898 725 2095 761 adducendis

1206 772 1320 808 litteris
1333 774 1373 808 ad
1389 774 1577 810 Rabbulam
1590 778 1713 812 Edessae
1723 778 1920 820 Episcopum
1934 801 1945 818 ‚
1970 777 2096 812 Metro-

1207 822 1342 866 politam
1356 823 1534 859 Osrhoenae
1546 825 1728 862 Provinciae
1742 842 1753 861 .-
1780 826 1896 870 Scripfit
1909 828 1955 860 ad
1965 838 2011 860 me
2022 834 2094 869 opti-

1206 885 1273 906 mus
1291 872 1385 916 senex
1396 874 1563 918 Episcopus
1589 881 1709 910 Aeacius
1726 884 1915 922 incongruam
1929 878 2094 920 quamdam

1203 923 1443 965 propositionem,
1469 925 1555 968 9111111
1568 927 1606 960 ab
1626 932 1759 962 Orientis
1784 927 1940 975 Episcopis
1960 954 1970 969 ,
1997 932 2095 972 magls

1205 981 1302 1010 autem
1322 999 1333 1016 ,
1352 975 1385 1016 st
1389 984 1499 1018 oportet
1520 978 1614 1011 dicere
1624 985 1782 1011 veritatem
1795 1003 1806 1019 ,
1834 979 1872 1010 ab
1882 984 1925 1011 eis
1937 1002 1948 1018 ‚
1974 983 2092 1020 quiea,

1205 1034 1271 1064 quae
1282 1023 1355 1067 sunt
1367 1026 1496 1066 Nestorii
1510 1051 1520 1067 ,
1530 1025 1655 1070 sapiunt
1670 1053 1677 1060 .
1706 1033 1795 1060 Nam
1806 1030 1878 1060 dum
1891 1040 1941 1061 eos
1949 1035 2095 1069 oporteret

1202 1072 1286 1115 sequi
1307 1076 1387 1116 quod
1408 1082 1541 1119 congruis
1562 1102 1572 1117 ,
1598 1080 1632 1111 cb·
1648 1080 1748 1117 juxta
1769 1083 1958 1111 intentionem
1976 1079 2095 1119 piiffimi

1208 1125 1358 1164 PrincipIs
1381 1147 1394 1164 ,
1418 1131 1603 1167 omniumque
1629 1126 1866 1160 orthodoxorum
1891 1126 2096 1161 anathemati-

1205 1175 1275 1206 zare
1278 1171 1304 1215 s
1298 1172 1397 1212 eclesia
1408 1174 1540 1215 Nestorii
1550 1176 1689 1219 dogmata
1700 1200 1711 1216 ‚
1739 1178 1755 1210 ἑ
1767 1182 1911 1210 contrario
1918 1185 2028 1218 petunt
2038 1189 2095 1210 va·

1203 1233 1268 1255 care
1288 1223 1449 1266 universa,
1480 1236 1548 1267 91111ι
1571 1227 1592 1257 ἃ
1616 1225 1700 1259 nobis
1716 1226 1834 1269 scripta
1851 1225 1926 1270 sunt
1947 1251 1958 1268 ‚
1978 1225 2043 1268 five
2060 1231 2093 1260 itt

1203 1275 1302 1304 Tomis
1314 1297 1325 1312 ,
1344 1272 1407 1314 five
1427 1280 1460 1306 in
1483 1273 1764 1317 conscriptionibus:
1791 1275 1903 1318 Etfic‚
1930 1275 2092 1319 inquiunt,

1205 1322 1338 1364 Ecclefiae
1348 1325 1601 1358 communicabunt
1622 1327 1669 1358 ad
1678 1331 1808 1360 invicem
1818 1351 1826 1358 .
1855 1334 1915 1363 Hoc
1926 1335 2023 1360 autem
2034 1329 2097 1360 cia·

1204 1374 1235 1406 re
1256 1374 1352 1406 dicere
1370 1373 1436 1412 est,
1462 1375 1543 1415 quod
1566 1382 1696 1415 oporteat
1718 1387 1770 1408 nos
1790 1376 1899 1408 reblam
1905 1378 2006 1419 fidem
2009 1378 2097 1410 dene·

1198 1434 1293 1466 gare,
1321 1424 1355 1455 (9⁴
1379 1422 1508 1462 Nestorii
1529 1423 1689 1467 consentire
1711 1424 1902 1468 blasphemiis
1926 1450 1933 1457 .
1960 1427 2002 1459 si·
2015 1431 2097 1459 enim

1203 1473 1298 1513 nostra
1321 1479 1564 1507 exterminamus
1581 1499 1592 1516 ‚
1618 1487 1686 1517 quae
1700 1474 1734 1517 se
1745 1475 1816 1509 benc
1826 1476 1962 1516 habent,
1987 1482 2096 1519 appross

1201 1523 1343 1555 bavimus
1363 1534 1398 1556 ea
1416 1548 1427 1564 ‚
1454 1535 1509 1565 que
1525 1523 1598 1567 sunt
1619 1525 1785 1567 Nestorii,
1811 1528 1846 1560 t&
1867 1531 1975 1560 erimus
1997 1528 2098 1560 admi-

1201 1581 1301 1606 rantes
1319 1574 1380 1613 ey'us
1398 1571 1571 1615 insaniam.
1600 1576 1781 1609 sedulorum
1793 1577 1913 1618 quidem
1928 1575 2097 1621 propofitio·

1202 1634 1268 1656 nem
1278 1623 1480 1656 intelleximus
1492 1648 1498 1655 .
1528 1625 1657 1658 Omnes
1668 1636 1731 1659 tres
1745 1626 1899 1669 Epistolae
1909 1627 2095 1667 affirmasse,

1201 1672 1289 1716 quod
1301 1673 1446 1717 Cyrillus
1455 1675 1473 1708 a
1485 1674 1656 1718 propositis
1671 1687 1728 1719 per
1751 1675 1937 1719 Principem
1948 1675 2095 1723 articulis

1203 1723 1348 1758 recedere
1361 1748 1371 1764 ,
1397 1724 1431 1757 ὃ(
1459 1735 1513 1767 per
1537 1724 1702 1759 Acacium
1725 1726 1904 1770 propositos
1924 1724 2097 1761 admittere

1202 1771 1458 1808 constantissime
1481 1774 1644 1809 noluerit.
1671 1775 1790 1810 Tertia
1809 1776 1979 1821 adjungit,
2004 1775 2096 1820 quod

1202 1825 1328 1858 fontem
1338 1845 1349 1862 ‚
1375 1835 1416 1858 ex
1429 1834 1496 1867 quo
1509 1823 1650 1858 Aeacius
1675 1826 1711 1859 &
1726 1825 1980 1862 aliiOriehtales
1988 1825 2098 1868 postri-

1203 1873 1313 1908 labant
1340 1874 1499 1918 proscribi
1520 1873 1697 1917 Capitula,
1722 1876 1821 1918 usque
1842 1875 1883 1909 ad
1894 1868 2096 1910 fundamini·

1210 1925 1423 1968 trospexerit.
1455 1925 1538 1959 Item
1548 1925 1706 1965 affirmat,
1733 1925 1823 1968 quod
1848 1924 1906 1960 ista
1917 1922 2098 1979 propositio

1204 1987 1272 2010 non
1283 1986 1338 2018 per
1352 1973 1600 2009 Antiochenam
1612 1974 1786 2017 Synodum
1797 1975 1895 2009 fuerit
1905 1976 2014 2030 faistai,
2027 1973 2097 2009 sled

1204 2036 1259 2067 per
1279 2025 1386 2057 solum
1411 2024 1592 2059 Acacium

1252 2071 1346 2119 Qid
1369 2072 1466 2114 porro
1487 2074 1621 2107 Sanetus
1635 2076 1781 2117 Cyrillus
1804 2077 1845 2111 de
1855 2077 1976 2122 Magni
1990 2040 2098 2111 Atha·

1205 2122 1283 2155 nasii
1297 2121 1338 2156 ad
1352 2121 1537 2165 Epistetutn
1551 2123 1696 2167 Epistola
1709 2126 1863 2165 senserit,
1876 2127 1961 2161 lucet
1972 2138 2011 2160 ex
2023 2122 2092 2169 ejus

1205 2172 1322 2206 litteris
1332 2195 1343 2212 ,
1358 2182 1436 2215 quas
1447 2173 1529 2216 Joan
1536 2183 1569 2207 111
1585 2172 1803 2208 Antiocheno
1817 2177 1926 2218 postea
1940 2175 2099 2240 rescripsit

1206 2233 1261 2266 per
1269 2221 1410 2256 Paulum
1423 2221 1646 2257 Emesenum.·
1639 2225 1751 2267 ·,Quod
1758 2224 1932 2258 samiorum
1944 2222 2089 2258 Parrum

1204 2272 1336 2306 maxime
1355 2274 1448 2306 Beati
1466 2273 1500 2306 6
1532 2273 1710 2307 celeberrimi
1733 2274 1820 2315 nostri
1834 2277 1942 2308 Patris
1965 2249 2099 2308 14ιόιηί

1198 2321 1257 2363 111,
1277 2321 1447 2365 sententias
1478 2322 1582 2365 ubique
1603 2322 1762 2365 sequamur
1786 2349 1797 2365 ‚
1824 2326 1859 2358 (θ’
1877 2331 2038 2358 caveamus
2060 2328 2098 2359 tie

1205 2373 1256 2406 vel
1265 2378 1390 2405 minima
1410 2378 1447 2405 in
1456 2383 1493 2405 re.
1503 2374 1682 2407 declinemus
1694 2398 1705 2414 ,
1731 2375 1770 2406 td
1787 2375 1908 2415 quidem
1921 2368 2097 2408 111αέ111181-

1203 2430 1252 2454 tas
1263 2420 1402 2463 certofibi
1410 2419 1593 2464 persuadeat
1604 2447 1614 2463 ‚
1641 2433 1735 2465 neque
1746 2424 1821 2455 alius
1831 2422 1989 2466 quisquam
2001 2423 2097 2456 ambs-

1201 2481 1263 2517 gat.
1277 2474 1364 2515 ,Quia
1376 2474 1447 2504 vero
1459 2472 1614 2504 didicimus
1639 2470 1784 2515 quosdam
1797 2473 2002 2506 Orthodoxam
2010 2481 2099 2515 prae·-

1205 2523 1348 2562 clariffimi
1361 2524 1466 2566 Patris
1482 2521 1644 2563 Epistolam
1658 2545 1678 2561 ‚v
1693 2533 1784 2563 quam
1795 2523 1840 2554 ad
1848 2523 2019 2563 EpiHetum
2025 2521 2100 2565 scri·

1201 2572 1278 2615 psit,
1303 2571 1510 2604 adulteratam
1534 2581 1569 2602 ac
1591 2571 1796 2610 depravatam
1817 2573 1954 2614 edidtffe‚
1980 2570 2101 2616 multos*-

1205 2632 1261 2664 que
1273 2625 1419 2664 graviter
1442 2618 1511 2650 hinc
1520 2619 1583 2658 ledi
1596 2642 1607 2658 ,
1633 2625 1695 2652 rati
1717 2619 1769 2653 boc
1785 2622 1856 2654 utile
1866 2631 1902 2654 ac
1913 2622 2099 2664 neceffarium

1207 2669 1367 2703 Fratribus
1385 2667 1476 2710 fore,
1504 2678 1542 2701 ex
1568 2669 1692 2709 vetustis
1712 2668 1932 2712 exemplaribus
1945 2695 1955 2712 ‚
1982 2668 2101 2714 9119111-

1205 2732 1271 2755 cera
1290 2721 1324 2754 Gt
1345 2722 1513 2759 incorrupta
1535 2720 1620 2760 apud
1644 2730 1697 2752 nos
1717 2719 1837 2760 exstant
1857 2744 1867 2760 ‚
1893 2722 2102 2763 exempla-ait

1207 2770 1403 2804 sanctitatem
1423 2776 1506 2800 tuam
1527 2767 1759 2811 transmittimus
1771 2794 1779 2801 .
1807 2771 1851 2804 Et
1870 2770 1906 2805 in
1918 2770 2035 2806 litteris
2053 2766 2097 2807 acl
2137 2800 2139 2804 ,

1209 2819 1457 2855 Melitinensem
1484 2819 1644 2852 Acacium
1668 2843 1676 2851 .
1707 2823 1796 2853 Venit
1831 2822 1876 2854 ad
1899 2832 1945 2855 me
1965 2823 2101 2864 Paulus,

1210 2868 1363 2915 Religios
1327 2869 1364 2909 ff
1365 2879 1430 2902 mus
1452 2867 1616 2911 Episcopus
1635 2869 1821 2912 Emefienus‚
1856 2876 1909 2913 qui
1930 2876 2066 2921 rogavit
2059 2882 2099 2905 ex

1208 2933 1279 2962 me,
1303 2919 1471 2961 &quidem
1493 2918 1652 2960 instanter,
1677 2918 1756 2963 eisne
1783 2919 1966 2963 adsentirer,
1992 2928 2101 2964 quece-

1209 2971 1299 3007 leb'ris
1308 2975 1445 3011 memorie
1456 2970 1575 3009 Beattff
1575 2981 1639 3002 mus
1655 2973 1752 3004 Pater
1762 2969 1852 3008 noster
1867 2967 2103 3013 Athanafiusud

1211 3020 1381 3064 EpiHetum
1400 3019 1626 3058 ‚Corinthiorum
1648 3019 1829 3063 Episcopum
1861 3019 2021 3063 quondam
2019 3016 2100 3064 scri-

1207 3070 1313 3116 pserat
1326 3095 1335 3103 .
1361 3073 1427 3114 Ego
1449 3073 1519 3103 vero
1539 3069 1678 3114 respondi
1688 3082 1734 3104 me
1741 3069 1864 3114 prorsus
1889 3072 1923 3105 &
1931 3079 1987 3113 per
1997 3074 2099 3105 omnia

1211 3128 1254 3156 eis
1265 3119 1428 3165 adsentiri,
1454 3122 1536 3153 modo
1556 3131 1660 3155 tamen
1677 3120 1822 3163 scriptum
1850 3122 1927 3153 illud
1939 3124 2025 3163 apud
2042 3132 2099 3155 vos

1212 3170 1510 3212 exstatincorruptum
1522 3195 1529 3203 .
1559 3173 1656 3205 Multa
1666 3178 1744 3205 enim
1754 3172 1793 3204 ab
1806 3176 1933 3204 inimicis
1953 3176 2098 3205 veritatis

1213 3228 1246 3257 In
1265 3223 1304 3263 eov—
1311 3222 1484 3263 depravata
1504 3224 1570 3264 effe.
1596 3224 1678 3255 Tunc
1697 3222 1746 3256 ille
1764 3220 1797 3264 se
1809 3233 1920 3263 quoque
1934 3220 2096 3263 Epistolam

1215 3273 1299 3306 illam
1308 3272 1393 3314 apud
1397 3269 1431 3313 se
1442 3271 1549 3304 babere
1559 3271 1661 3313 aJebat
1675 3284 1685 3314 3
1711 3272 1786 3306 velle
1792 3281 1890 3304 autem
1900 3282 1938 3303 ex
1950 3278 1992 3305 eis
2006 3297 2016 3311 ,
2040 3281 2096 3312 que

1215 3324 1300 3366 apud
1309 3333 1360 3354 nos
1369 3331 1459 3355 erant
1469 3347 1479 3362 ,
1490 3322 1706 3365 exemplaribus
1716 3319 1875 3365 cognoscere
1887 3341 1905 3362 ,·
1921 3331 1962 3355 an
1972 3316 2096 3363 ipsorum

1216 3373 1285 3410 libri
1293 3378 1423 3415 corrupti
1427 3371 1510 3414 fint,
1535 3383 1576 3407 an
1581 3371 1687 3416 secus.
1715 3374 1806 3406 Porro
1817 3381 1916 3407 autem
1940 3382 2005 3406 cum
2015 3377 2097 3401 veta-

2002 3418 2050 3461 sta
