2320 3730
595 183 905 239 Sotionis,
944 196 1006 225 ετ
1041 180 1233 226 Notis
1270 193 1657 229 utusrRArAE.

1874 199 1973 250 267

220 272 267 308 let
287 297 299 315 ,
324 269 377 306 sed
398 279 496 314 quem
518 267 601 303 boni
623 269 748 304 detinet
770 282 883 311 amor,
908 269 941 302 δε
964 268 1020 312 qui
1048 265 1102 300 bo-
1145 266 1276 312 idium.
1304 265 1397 300 Hinc
1417 265 1515 301 etiam
1525 267 1659 303 Sanetus
1677 270 2041 312 OptatusMilevitanus

221 334 301 357 num
314 328 442 364 propter
453 319 557 363 ipsum
568 321 809 365 compleetitur.
838 321 883 356 Et
894 319 1024 353 testatur
1038 316 1102 351 hoc

41 379 144 420 joanni
159 390 203 419 ¹4·
220 371 407 410 Dominus,
433 370 546 405 dicens
567 371 612 404 ita
632 382 640 401 :
667 373 733 415 ,ραι
755 371 855 415 diligit
874 380 941 409 me,
969 366 1101 410 implebit

219 422 370 457 Mandata
382 432 465 454 mea.
495 421 539 455 Et
551 433 620 455 non
642 420 707 455 ait:
734 423 800 463 ,Qui
821 418 962 460 defiderat
971 421 1103 461 Regnum

218 470 380 504 celorum.
410 469 471 505 Sed
484 496 494 511 ‚
523 473 588 515 ,Qui
598 471 695 513 diligit
708 481 754 503 me
767 494 775 504 2
801 470 834 504 Si
845 469 922 503 vero
948 468 979 501 ὅ(
991 467 1101 503 memi-

219 521 270 556 nit
280 520 402 565 ubique
413 523 618 560 mercedum,
646 519 822 563 aliquando
835 518 965 562 quidem
976 516 1103 556 dicens,

220 574 373 615 ,Quoniam
384 569 510 614 ipsorum
523 571 561 610 est
579 574 713 614 Regnum
727 572 875 603 Coelorum
886 592 897 609 ,
924 566 1102 608 aliquando

219 621 320 663 vero,
348 624 431 665 ,Quia
451 618 505 663 ipsi
524 618 885 663 baereditatepqffidebunt
905 627 1017 653 terram
1033 641 1044 657 ‚
1070 617 1103 651 &

220 681 431 716 quaecumque
444 672 628 712 sunttalia,
655 670 720 705 hoc
739 670 817 704 facit
837 667 1011 702 ostendens
1034 677 1103 709 pro-

220 722 323 765 priam
335 721 519 767 largitatem
533 746 543 762 ,
563 722 597 755 &
608 721 732 755 animas
743 718 984 754 fastidiosorum
995 716 1035 752 ad
1047 716 1103 751 bo·

219 781 262 806 na
273 771 444 806 sustollens
455 785 465 815 ·‚
477 772 691 815 perfectorum
703 768 780 804 vero
795 769 839 804 est
855 770 1021 813 proprium
1034 777 1104 811 pro-

44 834 201 875 pffilipp„
219 821 375 856 clamare:
406 821 484 854 Mihi
496 826 599 856 vivere
614 820 748 861 Christus
758 820 797 860 eli
808 844 819 860 ,
846 822 880 854 (ν
892 825 965 852 mori
974 820 1101 852 lucrum.

42 875 145 907 Astor.
157 889 170 906 2
180 888 201 907 ι.
218 874 265 904 Et
274 882 323 915 ego
332 876 410 905 enim
421 882 478 904 non
490 872 609 904 tantum
620 873 710 914 ligari
722 895 732 911 ,
754 868 813 913 sed
837 872 871 904 (u
882 874 955 903 mori
971 873 1103 911 paratus

216 918 284 964 fiam
292 929 350 963 pro
362 926 478 955 nomine
489 924 608 954 Domini
619 921 705 961 nostri
709 918 791 967 Jesu
802 918 912 958 Christi
925 943 932 950 .
960 921 990 950 E
993 926 1007 950 t
1030 928 1104 950 com·

214 972 318 1014 placeo
329 970 402 1004 mibi
412 977 445 1004 in
456 970 684 1013 infirmitatibus
694 994 706 1010 ‚
731 976 764 1002 in
771 967 1022 1012 persecutionibus
1032 992 1044 1009 ‚
1070 972 1103 1000 in

215 1019 416 1064 seditionibus
430 1044 442 1060 ‚
463 1028 519 1060 pro
539 1018 653 1058 christo
667 1043 675 1051 .
700 1020 835 1062 ,Quando
852 1017 986 1061 infirmor
999 1041 1011 1058 ‚
1037 1026 1107 1051 tunc

46 1066 199 1098 2.Cor-¹2·
217 1078 324 1112 potens
338 1067 428 1112 sum.
455 1067 518 1102 Sed
537 1067 596 1102 iste
609 1067 829 1103 Orthodoxiae
852 1067 1000 1102 Affertor
1016 1092 1028 1108 ‚
1053 1068 1105 1101 seu

218 1119 400 1162 Praeceptor
409 1118 561 1163 egregius
572 1142 583 1158 ,
610 1117 791 1152 mercedem
802 1117 1007 1154 otthodoxae
1030 1117 1106 1151 fidei

217 1169 429 1211 expoposcit.
455 1169 499 1202 Et
521 1167 703 1202 mercedem
728 1167 894 1203 scelestam
908 1191 919 1207 ‚
948 1167 1108 1203 &bestiis

218 1219 413 1262 sanguinem
444 1218 636 1261 potantibus
648 1218 902 1252 condecentem.

269 1267 395 1302 Verum
408 1267 588 1302 clamemus
600 1268 651 1302 ei:
679 1270 765 1312 ‚Quia
787 1271 858 1301 Diis
879 1271 940 1300 tuis
960 1268 1107 1301 culturam

219 1324 276 1353 non
291 1317 481 1352 exhibemus.
512 1321 558 1351 Et
574 1323 756 1362 imaginem,
782 1329 873 1361 quam
877 1317 1028 1359 statuisti,
1057 1328 1105 1350 au-

219 1379 301 1402 ream
312 1378 368 1402 non
381 1368 582 1401 adorabimus.
603 1368 725 1403 Talem
739 1378 889 1403 tenemus
900 1369 1108 1408 sententiam,

218 1419 296 1452 Deo
321 1417 527 1452 Amiciffime
548 1418 698 1452 Domine
721 1443 728 1450 .
769 1418 893 1451 Nullus
919 1418 1019 1461 igitur
1045 1429 1106 1452 nos

218 1467 306 1511 apud
319 1478 379 1502 vos
392 1467 528 1511 impetat
543 1490 553 1506 ,
579 1467 670 1501 velut
682 1467 744 1501 alia
759 1467 932 1510 sapiamus.
963 1467 1026 1502 Sed
1037 1478 1108 1502 ora-

219 1528 254 1551 te
278 1528 317 1552 ac
326 1515 548 1561 deprecamini
560 1516 668 1552 Deum
681 1541 694 1557 ‚
718 1518 752 1551 &
771 1517 915 1551 animam
936 1517 1082 1551 nostram
1096 1541 1107 1556 ,

220 1577 291 1611 quae
304 1566 431 1600 infirma
441 1567 486 1600 est
500 1591 511 1606 ,
537 1564 689 1600 roborare
699 1588 711 1605 ,
736 1565 770 1599 &
780 1576 898 1609 corpus
908 1590 920 1605 ‚
934 1567 1023 1608 quod
1035 1578 1105 1611 gra·

219 1616 302 1650 viter
315 1614 360 1649 est
372 1615 562 1658 dispositum
574 1639 582 1646 .
610 1615 738 1648 Dexter
748 1615 838 1648 enim
851 1626 906 1657 pes
929 1626 1020 1649 meus
1043 1625 1108 1650 tor-

220 1676 301 1710 pore
312 1664 463 1700 detentus
475 1664 558 1699 lecto
569 1675 630 1698 nos
641 1662 749 1699 rursus
775 1664 882 1709 affixit
894 1689 901 1696 .
926 1665 989 1700 Sed
1003 1666 1106 1710 novi,

221 1713 312 1759 quod
336 1713 448 1750 &hoc
459 1715 583 1749 utiliter
607 1724 704 1759 atque
717 1714 886 1750 salubriter
906 1714 1108 1760 dispensave-

220 1765 266 1800 rit
290 1765 504 1801 univerfitatis
525 1765 707 1808 Inspcttor.
1070 1788 1073 1790 ,

424 1920 903 1967 SenotioN.

333 2063 481 2099 Elladius
493 2065 661 2099 Tarsensis
675 2067 856 2109 Episcopus
865 2090 878 2106 ,
906 2064 1015 2107 primae
1027 2062 1112 2097 Cili·

354 2114 411 2147 ciae
433 2114 659 2157 metropolita,
684 2124 751 2149 erat
773 2125 857 2149 unus
878 2115 1014 2149 istorum
1035 2124 1112 2158 qua-

220 2173 318 2204 tuor,
346 2174 429 2207 quos
439 2164 485 2199 ob
496 2165 635 2200 nimiam
659 2165 877 2208 pertinaciam
891 2164 1023 2198 Sanctus
1038 2164 1112 2206 Cy·-

220 2212 314 2247 rillus
334 2213 353 2245 ὲ
365 2224 443 2256 pace
464 2212 643 2247 excluserat
655 2235 663 2245 .
693 2213 804 2259 Qare
815 2214 950 2256 praesens
962 2212 1111 2255 Epistola

221 2262 319 2296 docet
332 2261 438 2305 primo
452 2287 463 2303 ,
489 2263 580 2306 quod
591 2260 826 2296 Theodoretus
851 2262 946 2295 istam
955 2260 1111 2294 exclusio-

221 2322 297 2346 nem
310 2312 400 2356 parvi
422 2313 554 2348 fecerit:
583 2310 675 2357 quod
696 2312 891 2346 familiarem
913 2322 989 2346 cum
1001 2309 1113 2344 Hella-

220 2362 279 2396 dio
304 2363 576 2397 communionem
609 2374 680 2397 non
704 2362 883 2396 deseruerit
901 2386 908 2393 .
937 2359 1112 2400 Secundo,

220 2411 311 2453 quod
326 2423 438 2454 pacem
451 2411 619 2445 admittere
630 2411 794 2451 noluerit,
818 2411 875 2445 nisi
885 2411 973 2452 quasi
986 2410 1026 2444 de
1036 2420 1115 2443 con·

220 2460 317 2498 filio,
341 2460 375 2494 &
396 2461 551 2494 consensu
571 2460 725 2495 Helladii
750 2485 758 2491 .
785 2461 882 2493 Hinc
904 2471 959 2504 per
981 2460 1111 2494 iteratas

220 2509 344 2544 litteras
367 2510 585 2553 expostulavit
610 2510 697 2545 istud
731 2510 907 2544 confilium
933 2535 941 2542 .
968 2507 1113 2553 Tertio,

220 2559 311 2600 quod
323 2559 496 2594 Helladius
521 2560 595 2593 istas
616 2560 850 2603 propositiones
866 2557 949 2593 adeo
972 2559 1113 2604 indigne

219 2608 330 2643 tulerit
341 2632 353 2648 ,
379 2619 415 2643 ut
435 2620 497 2642 nec
510 2609 684 2651 Responso
706 2609 806 2643 fuerit
819 2608 975 2652 dignatus
990 2634 998 2641 .
1025 2609 1115 2652 Judi-

219 2658 314 2694 cabat
325 2658 415 2693 enim
428 2656 683 2693 Theodoretum
693 2682 704 2699 ‚
732 2658 814 2693 dum
829 2658 870 2692 de
894 2656 1040 2693 ineunda
1053 2669 1114 2702 pa·-

221 2720 282 2749 ce,
308 2708 435 2742 &citra
446 2708 679 2752 Capitulorum
701 2705 873 2743 anathema
898 2707 1113 2743 admittendis

222 2757 344 2801 Cyrilli
357 2756 472 2792 litteris
491 2757 540 2791 vel
548 2758 734 2802 cogitaret,
760 2758 823 2794 effe
843 2758 990 2792 servilem
1003 2758 1110 2794 relista

222 2808 295 2842 acie
318 2806 508 2842 dedititium
538 2831 550 2849 ,
575 2808 791 2852 multipedem
811 2808 1088 2844 Chamaleontem
1102 2834 1109 2842 .

222 2858 268 2892 Et
280 2857 358 2901 quia
374 2856 610 2892 Theodoretus
624 2857 692 2892 haec
713 2859 770 2902 ipfi
785 2859 880 2894 timet
896 2859 1039 2894 revelata
1065 2860 1111 2893 fa-

225 2908 277 2943 eie
299 2907 452 2943 intimare
467 2931 478 2948 ,
511 2909 608 2943 refert
630 2909 665 2942 in
687 2908 870 2944 susurrones
892 2936 898 2943 .
929 2911 1030 2955 Super
1059 2907 1109 2943 his

220 2957 461 2993 Theodoretus
471 2959 500 2992 se
509 2967 645 3004 purgat,
674 2956 777 2993 studet
796 2959 898 2994 redire
922 2961 956 2994 in
970 2960 1107 3006 gratiam

224 3006 375 3042 Helladii
390 3032 401 3049 ,
425 3008 586 3052 &quarto
605 3008 712 3051 dicit,
741 3010 830 3052 quod
851 3011 1106 3054 pacificatoriam

223 3055 345 3099 Cyrilli
367 3057 550 3100 Epistolam
569 3058 724 3102 judicarit
738 3057 993 3102 Orthodoxam‚
1019 3060 1107 3096 ideo-

228 3116 293 3151 que
317 3106 351 3141 δε
374 3117 441 3140 non
463 3107 602 3152 potuerit
625 3118 694 3143 non
716 3109 887 3145 admittere
913 3137 920 3145 .
946 3111 1082 3159 Qinto
1096 3136 1106 3152 ,

223 3155 314 3200 quod
328 3166 437 3190 tamen
459 3169 528 3192 non
540 3158 703 3193 admiserit
728 3160 889 3196 mercedes
900 3186 911 3203 ‚
941 3173 1020 3204 quas
1032 3162 1104 3204 Cy-

222 3205 316 3241 rillus
328 3207 440 3251 exegit
460 3218 518 3250 pro
542 3207 600 3242 ista
613 3208 776 3251 Epistola:
802 3210 903 3258 Qod
923 3212 1005 3256 ipsas
1027 3211 1106 3246 abo-

224 3255 399 3290 minandas
423 3255 571 3292 duxerit.
600 3257 731 3302 Nempe
752 3259 1017 3305 degradationem
1040 3263 1104 3296 Ne-

228 3305 317 3340 storii
333 3331 340 3338 .
368 3305 410 3340 Et
421 3305 521 3350 ipsam
542 3307 685 3352 appellat
707 3306 940 3346 homicidium.
969 3313 1102 3347 Etenim

222 3354 338 3402 iniqua
352 3355 505 3401 Episcopi
529 3357 720 3404 degradatio
739 3359 785 3394 est
805 3360 946 3398 omnino
966 3361 1103 3398 homici-

323 3404 432 3454 Christ.
443 3411 523 3452 Lupi
534 3411 634 3454 Opera
643 3411 749 3444 RVH.

1148 314 1150 322 v

1148 338 1152 473 l

1149 484 1153 702 l

1168 317 1348 360 Episcopus
1359 315 1550 352 Donatistas
1560 317 1683 351 cunctis
1700 319 1877 357 Catholicae
1889 323 2041 358 Ecclefiae

1167 367 1361 410 Episcopis,
1388 378 1454 409 quo
1475 366 1664 412 irregulares
1686 379 1724 402 ac
1747 369 1960 412 irreparabiles
1972 373 2041 408 red·

1166 417 1278 450 derent
1305 442 1316 458 ,
1351 417 1614 460 poenitentialem
1649 428 1783 453 manum
1819 419 2042 466 imponentes,

1166 467 1350 510 frequenter
1367 467 1507 512 appellat
1526 465 1710 504 homicidas
1726 492 1734 500 .
1762 467 1853 516 Qia
1869 480 1987 514 nempe
2006 472 2042 505 in

1167 516 1232 550 illis
1252 517 1329 551 licet
1349 529 1417 552 non
1441 518 1564 560 vitam,
1590 527 1701 554 tamen
1729 517 1924 554 occidebant
1941 519 2045 553 hono-

1165 577 1253 600 rem.
1280 567 1379 601 Sexto
1402 567 1637 603 Theodoretus
1658 569 1821 610 affirmat,
1846 569 1935 613 quod
1951 569 2046 603 istam

1166 616 1411 651 damnationem
1432 630 1603 663 nunquam
1629 620 1671 654 fit
1686 618 1878 654 admissurus
1896 642 1907 659 ,
1932 618 2048 662 utpote

1167 667 1346 700 mercedem
1361 668 1541 704 sceleratam
1551 692 1562 709 ‚
1588 670 1621 704 δε
1631 681 1813 716 congruam
1825 670 1934 705 bestiis
1946 670 2050 703 sitien-

1167 715 1254 749 tibus
1265 715 1446 751 humanum
1465 720 1674 764 sanguinem.
1702 720 1855 756 Affirmat
1879 718 2049 764 Cyrillum

1165 767 1227 799 effe
1241 765 1423 801 istiusmodi
1435 766 1606 804 hominem
1618 796 1625 803 .
1656 769 1804 816 Septimo
1815 795 1826 811 ‚
1837 769 1926 815 quod
1939 769 2051 812 potius

1166 815 1388 851 idololatriam
1412 825 1591 861 patraturus
1619 820 1657 854 fit
1688 845 1701 861 ,
1735 830 1835 863 quam
1857 820 2050 855 admissurus

1167 865 1259 899 istam
1271 866 1534 902 damnationem.
1562 869 1692 912 Nempe
1703 870 1889 906 nullatenus
1899 868 2051 905 credebat

1165 913 1361 951 Nestorium
1374 918 1510 961 sapuiffe
1521 927 1576 952 aut
1588 918 1732 953 docuisse
1753 918 1900 955 haeretica
1915 945 1923 952 ·

1217 966 1256 1000 In
1279 966 1654 1014 Constantinopolitana
1686 968 1866 1005 collatione
1889 968 2055 1006 Severiani

1168 1016 1323 1062 Episcopi
1344 1016 1492 1051 adversus
1513 1016 1767 1053 Theodoretum
1780 1043 1791 1060 ,
1815 1019 1864 1054 uti
1885 1020 2054 1055 Nestoria·

1169 1077 1270 1107 num,
1299 1067 1403 1101 multa
1425 1067 1631 1103 declararunt
1652 1081 1660 1100 ε
1688 1068 1772 1102 inter
1793 1079 1903 1103 caetera
1925 1094 1936 1110 ,
1962 1069 2055 1114 quod

1170 1118 1302 1152 Sanetus
1315 1116 1579 1162 Cyrillus'ipsum
1590 1117 1770 1153 exclusisset
1788 1118 1807 1153 a
1820 1128 1897 1162 pace
1908 1143 1915 1150 .
1943 1118 1991 1153 At
2004 1130 2057 1154 ve-

1170 1167 1206 1201 ro
1232 1168 1402 1211 Hypatius
1423 1166 1637 1211 Ephesiorum
1663 1168 1845 1212 Episcopus
1864 1167 2056 1213 respondit:

1170 1221 1238 1250 Nos
1261 1219 1308 1250 ad
1329 1216 1577 1253 omne'oriemaie
1598 1218 1760 1253 concilium
1782 1217 1948 1261 Epistolam
1959 1217 2059 1262 ipsam

1170 1267 1321 1311 aSansto
1332 1268 1466 1311 Cyrillo
1485 1268 1631 1312 scriptam
1655 1293 1667 1310 ‚
1692 1273 1880 1303 invenimus.
1908 1268 2060 1310 ostendite

1170 1325 1292 1358 autem,
1319 1328 1399 1358 vos,
1424 1320 1507 1361 quod
1527 1323 1561 1353 in
1571 1324 1704 1354 unitione
1714 1318 1793 1354 bunc
1808 1331 1847 1354 ex
1859 1318 1914 1352 illa
1931 1317 2062 1361 pacifica

1173 1369 1407 1402 &coadunante
1419 1368 1746 1413 Epistolasubstraxit.
1773 1371 1865 1414 ,Quid
1884 1377 1985 1404 autem
1995 1382 2061 1403 am-

1167 1418 1251 1459 plius
1274 1443 1287 1459 ‚
1314 1418 1416 1452 verbis
1437 1419 1595 1454 detrahere
1615 1445 1627 1461 ,
1651 1432 1693 1454 an
1707 1428 1767 1463 per
1787 1422 2061 1455 condemnationem

1171 1466 1286 1508 inferre
1298 1471 1530 1504 contumeliam?
1554 1472 1603 1504 sic
1612 1473 1679 1514 erga
1701 1469 1997 1515 ipfibeatoJoanni,
2024 1472 2063 1504 ὦ·

1171 1515 1308 1550 omnibus
1331 1523 1383 1560 qui
1405 1530 1469 1552 cum
1490 1530 1521 1552 eo
1536 1519 1667 1560 fuerant
1687 1519 1818 1562 prefi‚
1844 1524 1879 1557 et
1884 1528 1940 1562 per
1957 1520 2065 1554 conde-

1172 1571 1356 1599 mnationem
1368 1570 1553 1608 injuriantes
1566 1569 1645 1602 illud
1652 1568 1770 1609 indulfit
1778 1572 1897 1602 Beatus
1912 1570 2037 1607 cyrillus
2049 1593 2064 1611 ‚

1181 1617 1273 1649 multo
1287 1622 1385 1660 magis
1395 1623 1446 1660 qui
1456 1619 1661 1651 tantummodo
1682 1617 1774 1652 verbo
1785 1623 1818 1651 in
1826 1628 1892 1651 eum
1910 1626 2067 1660 peccave-

1176 1673 1246 1698 runt
1259 1690 1270 1705 ,
1296 1668 1514 1710 indulgentiam
1528 1667 1671 1709 praestitit
1682 1692 1689 1699 .
1716 1668 1779 1700 sed
1795 1669 2011 1702 &invenimus
2029 1672 2066 1701 in

1173 1715 1342 1750 Theodoreti
1363 1718 1473 1751 litteris
1486 1742 1497 1758 ,
1524 1729 1602 1760 quas
1627 1718 1673 1751 ad
1680 1715 1850 1760 Dioscorum
1863 1718 1965 1760 fecit,
1990 1723 2061 1761 quia

1104 1789 1107 1791 -
1174 1767 1209 1800 6·
1226 1764 1355 1809 sedendo
1376 1772 1410 1799 in
1431 1766 1479 1800 bis
1508 1792 1519 1808 ,
1546 1778 1611 1810 quae
1630 1777 1733 1801 contra
1758 1768 1928 1809 Nestorium
1943 1767 2062 1811 seripta

1171 1814 1266 1858 sunt,
1287 1814 1442 1858 scripserit
1460 1841 1467 1847 .
1496 1820 1544 1849 Et
1563 1818 1683 1859 quando
1705 1825 1806 1851 contra
1820 1819 1991 1864 Julianum
2011 1819 2066 1852 vel

1176 1869 1339 1907 Apompeos
1351 1863 1514 1908 confi-ripfit
1527 1890 1538 1906 ‚
1563 1867 1655 1900 libros
1676 1866 1754 1910 ¹'Pfi'5
1775 1868 1937 1909 destinavit
1959 1874 1994 1902 in
2004 1869 2068 1901 An·

1175 1913 1314 1948 tiocbiam
1325 1916 1441 1949 Beatus
1461 1917 1611 1956 cyrillus,
1638 1917 1803 1961 &rogavit
1821 1920 2065 1964 BeatumJoan-

1176 1976 1244 1998 nem
1256 1964 1399 2005 ostendere
1409 1966 1470 1998 illos
1479 1966 1637 2006 praeclaris
1648 1966 1852 1999 Orientalibus
1865 1967 2040 2000 Dodloribus
2053 1994 2062 2001 .

1175 2017 1223 2046 Et
1234 2020 1307 2055 quia
1329 2013 1438 2054 ostenfis
1463 2012 1629 2056 eisscripfit
1647 2014 1693 2048 ilii
1714 2013 1912 2049 Theodoretus
1926 2040 1937 2056 ,
1964 2017 2000 2050 et
2022 2026 2066 2050 re-

1171 2059 1286 2104 scripfit
1312 2067 1339 2095 ei
1350 2063 1467 2096 Beatus
1488 2064 1618 2101 cyrillus
1631 2086 1644 2103 ‚
1671 2065 1860 2108 diligentiam
1881 2065 2066 2106 &afficiam

1174 2116 1200 2144 ei
1212 2109 1370 2152 testificans
1383 2137 1391 2144 .
1419 2113 1464 2144 Et
1473 2116 1546 2155 quia
1566 2113 1646 2147 duas
1659 2112 1699 2146 ab
1722 2113 1784 2158 ipso
1800 2114 1930 2159 suscepit
1951 2116 2069 2160 Episto-

1174 2163 1248 2201 las,
1272 2173 1341 2203 quae
1362 2163 1396 2195 <u
1413 2161 1613 2201 custodiuntur
1628 2164 1714 2204 apud
1719 2164 1822 2206 illum,
1850 2167 1965 2200 nullam
1986 2167 2025 2202 de
2033 2177 2068 2201 eo

1175 2211 1382 2243 contumeliam
1403 2208 1607 2251 defignantes.
1631 2212 1717 2256 Qae
1738 2214 1853 2247 omnia
1876 2215 2068 2261 suntionge

1177 2256 1334 2292 verissima
1345 2281 1352 2288 .
1380 2255 1615 2293 Nihilominus
1626 2260 1761 2303 praesens
1771 2260 1919 2306 Epistola
1930 2263 2067 2299 demon-

1177 2307 1253 2341 strat
1268 2305 1361 2342 istam
1376 2306 1556 2343 amicitiam
1570 2319 1640 2344 non
1650 2309 1746 2345 fuisse
1757 2323 1801 2347 ex
1813 2312 1944 2359 integro
1955 2314 2065 2350 frater-

1176 2368 1253 2391 nam
1267 2382 1274 2389 .

1226 2407 1384 2442 Notanda
1405 2418 1442 2443 ac
1455 2411 1636 2446 veneranda
1658 2411 1734 2449 sunt
1755 2411 1822 2450 haic
1853 2414 2065 2450 Theodoreti

1176 2456 1291 2491 verba:
1320 2460 1401 2501 ‚Qun
1410 2471 1544 2494 veracem
1554 2463 1682 2504 appellet
1702 2475 1790 2506 eum,
1816 2465 1934 2508 quifine
1955 2476 2067 2501 merce·

1177 2507 1214 2540 de
1235 2506 1376 2541 honorare
1398 2509 1522 2543 noluerit
1545 2517 1708 2547 veritatem
1727 2514 1745 2546 ἒ
1770 2514 1845 2548 mibi
1868 2516 1990 2550 videtur·
2009 2527 2066 2550 nec

1175 2557 1259 2590 illum
1270 2562 1421 2591 nominare
1438 2559 1608 2600 persedum
1624 2586 1636 2601 ‚
1660 2567 1713 2604 qui
1719 2571 1843 2607 propter
1864 2577 1987 2609 regnum
1995 2570 2063 2599 (ἴω-

1174 2609 1267 2641 lorum
1280 2612 1394 2641 virtute
1415 2612 1510 2641 animi
1526 2611 1640 2651 pellet,
1660 2610 1719 2653 sed
1739 2625 1826 2656 quem
1847 2616 1914 2649 boni
1936 2616 2066 2650 delectat

1174 2668 1256 2691 amor
1273 2682 1281 2690 .
1308 2659 1353 2690 Et
1376 2663 1429 2700 qui
1446 2658 1554 2692 bonum
1572 2668 1697 2703 propter·
1725 2662 1821 2707 ipsum
1843 2666 2062 2708 compatiatur.

1174 2707 1313 2752 Largius
1332 2719 1370 2742 ac
1390 2708 1532 2743 lucidius
1555 2711 1609 2746 sua
1632 2712 1721 2747 sensa
1745 2715 1885 2758 exponit
1906 2716 1942 2750 in
1959 2715 2063 2750 Com·

1174 2758 1336 2792 mentario
1348 2759 1441 2802 super
1452 2770 1550 2804 caput
1563 2763 1715 2797 ottavum
1727 2762 1928 2808 Apostolicae
1937 2766 1978 2800 ad
1991 2766 2061 2801 Ro-

1174 2819 1291 2842 manos
1313 2808 1490 2851 Epistolae:
1516 2814 1591 2845 Non
1610 2812 1648 2853 est
1669 2816 1817 2847 amandus
1835 2819 1917 2848 Deus
1934 2823 2059 2857 propter·

1173 2858 1250 2891 bona
1257 2858 1395 2902 promiffa
1405 2882 1416 2899 ‚
1439 2858 1499 2903 fied
1519 2862 1574 2895 illa
1579 2870 1707 2905 propter
1726 2861 1821 2905 ipfiim
1833 2863 1908 2907 sunt
1915 2873 2059 2907 expeten-

1173 2909 1216 2941 da
1225 2933 1232 2940 .
1263 2912 1372 2952 Neque
1385 2914 1463 2942 enim
1476 2916 1528 2952 qui
1531 2910 1640 2953 fincere
1661 2918 1694 2945 in
1705 2913 1835 2955 aliquem
1847 2915 1974 2948 divitem
1984 2914 2057 2956 affi-

1172 2958 1236 2991 dus
1249 2958 1288 2999 est
1297 2983 1309 3001 ,
1336 2969 1405 2993 eum
1415 2967 1541 3003 propter
1550 2970 1617 3003 opes
1640 2961 1846 3003 &facultates
1858 2965 1957 3009 diligit
1966 2990 1977 3006 ,
2000 2964 2060 3009 sed

1168 3014 1289 3051 propter
1303 3006 1393 3052 suum
1415 3015 1448 3044 in
1473 3021 1537 3045 eum
1558 3010 1695 3052 affbHum
1716 3035 1727 3051 ,
1751 3014 1851 3058 diligit
1870 3020 1961 3048 etiam
1983 3027 2058 3056 res,

1172 3070 1240 3102 quae
1250 3058 1396 3103 adipsum
1403 3066 1557 3103 pertinent
1569 3087 1575 3093 .
1602 3066 1654 3095 Ita
1665 3067 1755 3096 etiam
1766 3063 1893 3097 divinus
1906 3064 2055 3108 Apostolus

1172 3114 1272 3152 inquit
1294 3123 1301 3143 ι
1329 3111 1435 3145 nollem
1453 3109 1560 3145 babere
1582 3123 1707 3156 regnum
1734 3114 1880 3148 calorum
1899 3115 1933 3148 Θ
1954 3120 2054 3149 omnia

1174 3171 1241 3202 quae
1261 3160 1405 3195 videntur
1425 3183 1438 3200 ,
1463 3162 1498 3195 ὁ·
1518 3171 1586 3203 quae
1611 3163 1810 3206 intelligentia
1825 3169 2029 3208 percipiuntur
2041 3191 2053 3208 ,

1172 3211 1206 3244 (5
1217 3217 1260 3243 tot
1272 3222 1309 3244 ac
1327 3219 1415 3244 tanta
1425 3211 1486 3244 alia
1496 3209 1543 3244 bis
1552 3222 1586 3244 ac
1601 3221 1645 3246 ter
1656 3236 1668 3254 ‚
1687 3212 1752 3255 fine
1760 3214 1912 3249 dilec‘i‘ione
1919 3220 1953 3249 in
1965 3215 2054 3250 Chri-

1164 3258 1242 3300 stum
1256 3285 1263 3293 .
1291 3262 1324 3294 si
1335 3266 1402 3304 quis
1412 3269 1512 3294 autem
1532 3260 1606 3296 mibi
1626 3271 1692 3296 tum
1709 3262 1895 3309 prasentia,
1920 3275 1986 3299 tum
1999 3265 2052 3307 su-

1171 3318 1240 3343 tura
1263 3311 1379 3352 molesta
1402 3309 1554 3354 &aspera
1573 3311 1781 3356 proposuerit,
1806 3316 1844 3350 Θ·
1863 3317 2051 3359 temporalem

1171 3368 1257 3403 atque
1280 3369 1423 3397 aternam
1447 3370 1590 3406 mortem,
1617 3363 1848 3408 &longiffimum
1864 3372 1897 3400 in
1910 3364 2050 3410 gebenna

1635 3414 1666 3448 Z
1714 3426 1738 3452 2
1917 3411 2003 3461 —supt
