2320 3730
663 162 850 208 Innnx
885 162 1129 220 RERUM,
1164 172 1227 204 er
1261 160 1620 206 VERBoRuM.
1876 179 1980 224 «μς

283 249 376 284 suum
396 243 564 290 quondam
585 268 597 284 ,
629 244 782 280 Sanstum
806 245 972 289 Cyrillum
996 254 1112 280 monet

279 294 489 332 constantiae.
517 295 641 340 2464.
668 297 703 330 ὰ
716 294 799 339 seqq.
824 297 1022 331 Honoratur
1044 296 1063 330 ὲ
1080 297 1109 331 S.
1568 295 1650 380 L

280 343 413 388 Cyrillo
431 355 599 389 tamqnam
622 345 737 381 Pater.
768 357 822 393 27.
849 355 877 382 1.
918 346 997 388 Ejus
1020 346 1090 380 laus
1105 370 1112 378 .

278 393 354 428 ibid.
389 394 467 429 Post
490 395 642 430 toleratas
666 397 702 431 δε
721 398 855 431 τενὶᾶαε
874 397 892 431 a
913 394 1112 440 Theophilo

279 444 512 481 Alexandrino
522 445 672 488 injurias,
700 447 784 481 redit
793 447 958 481 Pelusium
969 444 1010 481 ad
1021 448 1114 480 suum
1259 452 1350 491 Ampe
1360 443 1549 481 Monachus
1562 468 1573 484 ‚
1598 442 1770 487 Presbyter
1781 470 1791 486 ,
1815 448 2005 485 Nestorii&
2016 453 2047 486 s,

279 493 538 530 Monasterium:
565 496 668 541 fitque
679 496 804 531 ibidem
827 496 941 532 Abbas
950 522 958 528 .
1011 508 1066 543 27·
1081 507 1113 532 2·

281 543 412 590 Scripsit
422 546 536 581 decem
555 546 661 580 millia
672 547 892 590 Epistolarum
902 571 910 579 .
1013 557 1068 593 27.
1086 555 1116 580 1.

228 593 400 637 Iudicium
420 596 709 632 contradictorium
733 597 812 642 saepe
825 606 939 641 petunt
951 596 1115 631 Nestoria-

283 644 344 679 ni.
379 676 381 678 ,
795 659 965 685 111·1·2·
995 658 1072 684 112·
1090 658 1116 682 1.

227 696 383 740 Julianus
393 696 571 742 Episcopus
582 697 772 733 Eclanensis
783 723 795 739 ,
821 698 1006 743 Pelagianae
1017 699 1119 740 super-

285 744 346 782 biae
358 747 499 783 Goliath
510 773 523 790 ‚
547 748 565 782 a
580 748 751 783 Caelestino
763 747 852 792 Papa
863 747 979 792 ejectus
1004 759 1046 781 ex
1058 747 1118 780 lta·

281 795 328 832 lia
339 823 349 831 .
382 807 460 844 142.
472 810 505 835 2.
534 797 700 844 Confugit
721 798 762 833 ad
775 797 998 833 Theodorum
1021 797 1121 840 Mop-

1285 497 1407 541 Cyrili‘t
1416 504 1544 531 mutuas
1554 493 1678 530 litteras
1690 496 1848 537 transfert,
1856 501 1942 543 pacis
1951 500 2032 546 erg&
2041 526 2049 533 .

1230 559 1271 596 13
1275 559 1306 594 4·
1323 559 1337 584 Ῑ

1179 599 1293 634 Latini
1318 574 1430 633 Patres
1461 596 1480 630 ὲ
1501 597 1691 631 Graecorum
1713 595 1984 641 propositionibus
2019 601 2055 634 δε

1230 648 1462 693 quaestionibus
1484 646 1592 698 studio
1611 646 1790 682 abstinent.
1817 657 1939 695 231.2.
1967 649 2058 684 Uni·

1230 711 1288 734 cus
1299 700 1330 732 se
1344 698 1519 732 immiscuit
1530 696 1692 731 Martinus
1710 696 1866 731 Pontifex
1876 722 1884 729 .
1935 707 2014 744 232.
2028 709 2057 734 1.

1181 748 1300 795 Legati
1323 746 1478 792 Ephefini
1500 772 1512 790 ,
1539 747 1647 783 vocati
1667 746 1845 789 aliquando
1867 746 2061 783 Concilium

1232 798 1427 844 Ephesinum
1442 823 1450 830 .
1950 798 2062 846 ¹⁶7⁴·

284 847 501 883 suestiensem.
529 849 674 883 Manens
684 848 752 883 illic
764 850 867 892 usque
877 847 918 883 ad
932 847 1028 891 hujus
1038 857 1120 881 mor·
1184 850 1300 894 Legati
1314 849 1396 883 miffi
1409 849 1428 882 a
1442 847 1646 883 Nestorianis
1658 859 1732 882 cum
1743 848 1917 883 numeroso
1943 847 1978 881 &
1989 847 2065 882 vali-

283 906 352 931 tem
364 923 373 930 .
398 897 474 931 ibid.
500 897 571 933 Hic
585 899 706 943 scripsit
715 900 789 933 octo
808 899 885 933 illos
895 897 996 932 libros
1005 905 1120 931 contra

285 957 370 992 quos
381 948 501 992 scripsit
513 948 649 984 Sanctus
660 948 866 994 Augustinus
877 950 950 982 suos
962 945 1122 980 Posterio-

285 1007 335 1031 res
345 1022 354 1029 .
380 997 455 1031 ibid.
483 998 576 1033 Dum
588 998 736 1041 Julianus
745 999 825 1033 citat
837 996 1043 1034 Orientalem
1056 996 1123 1030 Ec-

285 1047 414 1081 clesiam
422 1071 434 1087 ,
461 1047 622 1090 intelligit
632 1047 926 1090 Mopsuestiensem
939 1044 1120 1080 Theodori.

284 1094 360 1177 3213.
369 1095 447 1129 Post
462 1093 559 1139 hujus
570 1106 709 1131 mortem
720 1096 856 1131 divertit
866 1096 907 1131 ad
921 1096 1123 1131 Nestorium.

286 1149 299 1177 i
317 1149 329 1176 i
353 1168 361 1176 .

1191 1147 1330 1194 Legatio
1346 1145 1551 1181 fraudulenta
1565 1170 1572 1177 .

1234 899 1278 933 do
1292 899 1465 933 famulatu.
1497 906 1614 945 103.1.
1642 898 1695 931 Ex
1716 899 1756 933 iis
1766 899 1889 942 semper
1916 896 2065 932 unusde-

1234 950 1315 984 fuit.
1345 958 1410 994 114
1422 958 1454 982 2.
1481 947 1634 992 Negatur
1654 949 1701 982 eis
1726 947 1867 983 Ecclesia
1887 946 1907 981 ὲ
1926 946 2068 982 Chalce-

1235 998 1371 1033 donenfi
1383 998 1557 1041 Episcopo.
1584 1008 1684 1036 102·2-
1712 997 1824 1040 jurant
1834 995 2065 1033 coramTheo-

1236 1047 1329 1083 dosio
1350 1057 1534 1103 numquam
1554 1049 1586 1080 se
1608 1056 1792 1107 recepturos
1810 1049 1841 1083 S.
1851 1047 2019 1092 Cyrillum
2030 1047 2068 1081 in

1237 1105 1508 1133 communionem
1518 1119 1527 1127 .
1696 1110 1699 1113 >
1954 1109 2029 1135 102-
2045 1109 2066 1132 1.

1973 1158 2030 1192 32.
2039 1158 2068 1193 χ.

238 1195 385 1238 Julianus
414 1197 567 1238 Magnus,
593 1193 784 1230 Monachus
800 1218 812 1235 ,
836 1195 937 1231 traxit
961 1195 1126 1231 Acacium
1192 1199 1261 1232 Lex
1271 1195 1480 1240 Imperatoria
1498 1194 1563 1229 lata
1575 1202 1690 1229 contra
1700 1193 1931 1229 NestorIanos.
1960 1196 2069 1243 13⁶⁴·

290 1241 527 1279 Berrhaeensem
538 1242 577 1278 ad
589 1243 829 1280 Monasterium
841 1271 849 1278 .
1005 1244 1081 1282 182.
1093 1259 1126 1284 2.

240 1294 471 1338 Juramentum
483 1294 715 1330 Herodianum
726 1321 734 1327 .
886 1306 940 1342 95-
953 1307 988 1333 2.
1017 1306 1128 1343 1041.

246 1345 474 1388 §uramentum
494 1355 666 1380 nautarum
692 1346 726 1380 &
739 1346 925 1391 aurigarum
935 1370 947 1387 ‚
975 1347 1128 1391 punitum

296 1392 489 1429 Antiochiae
501 1405 555 1438 per
574 1395 735 1439 jejunium
748 1421 755 1428 .
1034 1407 1088 1445 95.
1098 1409 1128 1434 2.

243 1444 471 1488 Jurameutum
483 1443 688 1481 interdicitur
700 1445 893 1492 Episcopis,
918 1446 1055 1492 antiquo
1069 1447 1130 1482 Ca-

298 1505 388 1530 noue
397 1520 406 1528 .
1031 1508 1087 1546 95.
1100 1509 1131 1535 2-

246 1544 348 1588 Juffio
361 1546 447 1580 sacra
457 1570 468 1578 .
868 1545 926 1585 28.
945 1558 975 1582 2.
1007 1558 1085 1596 304.
1106 1559 1133 1583 1-

246 1595 448 1637 Juffionibus
458 1596 554 1631 sacris
565 1595 670 1632 tribus
683 1596 815 1642 cogitur
825 1596 1039 1640 Ephesinum.
1058 1595 1133 1644 36-1.

295 1644 359 1679 Illa
367 1656 436 1689 quae
446 1646 645 1681 convocavit
657 1645 723 1685 hoc
731 1671 744 1688 ‚
769 1645 816 1682 est
829 1646 905 1682 data
926 1656 977 1692 19.
991 1647 1135 1682 Novem-

298 1694 367 1728 bris
375 1706 466 1728 anno
473 1706 552 1743 430.
1052 1708 1136 1735 22-2

245 1744 388 1788 Juffioni
402 1745 495 1779 sacrae
506 1769 518 1786 ,
543 1755 640 1788 quam
653 1745 736 1780 misit
747 1744 960 1781 Theodosius
970 1758 1027 1791 per
1039 1748 1135 1791 Joan-

297 1805 374 1829 nem
387 1794 556 1831 Comitem
567 1820 578 1837 ‚
605 1796 771 1841 praefixum
782 1805 849 1832 erat
862 1807 983 1831 nomen
998 1798 1132 1832 Caelesti-

297 1844 458 1888 niPapae.
638 1840 654 1852 χ
1021 1857 1089 1894 ¹13·
1106 1859 1135 1884 1.

242 1894 348 1939 quffio
369 1897 455 1930 sacra
478 1906 543 1939 qua
557 1894 709 1940 Ephesini
726 1897 839 1932 Patres
860 1897 1072 1932 remittuntur
1094 1898 1134 1932 ad

296 1946 426 1990 propria
436 1968 447 1985 ‚
473 1945 636 1981 damnatis
657 1947 709 1982 SS.
722 1947 854 1991 Cyrillo
877 1959 916 1982 ac
927 1948 1113 1983 Memnone
1124 1972 1131 1980 .

295 2005 395 2043 99-1.
422 1994 503 2031 Huc
514 1996 745 2041 usquelatuitq
769 2008 825 2046 99.
838 2009 872 2034 2.
898 1998 981 2032 Non
1006 1998 1052 2034 est
1074 1999 1137 2032 sor-

295 2048 358 2080 tita
369 2046 518 2080 effessum
538 2047 652 2082 suum.
1011 2057 1087 2084 100-
1107 2059 1135 2084 1·

247 2095 349 2139 Juffio
381 2098 468 2131 sacra
498 2096 615 2131 ultima
649 2108 715 2140 qua
745 2097 883 2135 solvitur
915 2095 1114 2140 Ephefinum
1127 2119 1135 2127 ·

246 2153 598 2238 Ῐυίὶξίἓρὲαίἓαιὲτὲἠὲο
623 2193 810 2226 fomentum
842 2194 907 2226 fuit
930 2193 1136 2228 Nestorianae

300 2241 458 2286 perfidiae.
1036 2243 1091 2288 56.
1108 2253 1135 2278 1.

247 2293 349 2337 Juffio
361 2293 446 2325 sacra
457 2300 639 2332 numquam
652 2289 784 2324 extensa
795 2289 840 2323 est
852 2290 893 2325 ad
906 2293 1115 2325 Sacramenta
1126 2315 1138 2330 ,

300 2352 356 2377 aut
366 2340 631 2375 sacramentalia.
837 2350 947 2376 101.1.
976 2342 1010 2377 (ν’
1027 2351 1135 2377 1022-

248 2389 452 2436 Juffionibus
462 2389 556 2425 sacris
569 2414 581 2430 ,
605 2390 671 2424 Dei
686 2390 749 2434 legi
761 2390 988 2425 conformibus
1007 2391 1052 2425 est
1064 2390 1140 2425 obe·

298 2441 477 2476 diendum:
503 2439 711 2475 difformibus
735 2440 962 2474 resistendum.
1040 2438 1093 2476 86.
1105 2453 1137 2477 2.

248 2492 389 2538 Juffioni
402 2493 496 2526 sacrae
508 2501 578 2524 non
588 2490 792 2534 obtemperat
811 2490 842 2524 S.
854 2491 1019 2533 Cyrillus.
1048 2499 1103 2538 33.
1117 2503 1136 2525 ι.

249 2543 432 2587 Juffionem
465 2542 587 2576 sacram
609 2551 779 2585 procurare
803 2564 815 2581 ‚
843 2541 928 2574 inter
957 2541 1138 2584 Epistopos

301 2593 456 2629 odiosum
485 2601 573 2626 erat.
1026 2589 1105 2628 286.
1118 2604 1138 2626 ι.

247 2642 448 2689 justinianus
462 2642 625 2685 praefectus
636 2640 796 2685 simplices
806 2640 839 2675 δε
851 2640 945 2675 rudes
960 2641 1140 2685 Episcopos

302 2692 443 2736 praemiis
465 2690 656 2733 &precibus
677 2690 806 2725 inducit
825 2690 867 2725 ad
891 2690 1139 2735 subscriptiones

304 2741 438 2783 iniquas
449 2764 456 2771 .
1052 2740 1136 2790 981.

252 2791 418 2837 Iustitiam
430 2788 548 2823 habere
558 2789 593 2822 in
605 2787 770 2824 intellectu
781 2789 868 2825 aliud
878 2790 923 2825 est
935 2815 946 2832 ‚
972 2803 1069 2836 quam
1085 2791 1137 2826 ha-

303 2841 379 2876 bere
402 2840 438 2874 in
450 2838 620 2874 voluntate
632 2863 639 2871 .
1012 2842 1090 2888 306.
1105 2853 1136 2880 2.

250 2890 420 2936 Justorum
446 2888 590 2934 paucitas
612 2900 681 2923 non
701 2889 788 2925 cedit
799 2890 1002 2926 multitudini
1022 2892 1138 2937 impio-

304 2952 398 2976 rum.
426 2948 504 2987 335.
519 2950 548 2975 1.
575 2939 685 2975 Variis
712 2939 798 2975 illius
810 2942 969 2986 exemplis
990 2942 1137 2977 abutitur

303 2990 481 3025 Meletius.
504 3031 507 3035 .
1064 2993 1136 3027 ibid.

245 3040 423 3087 ⁴,Iuvenalis
445 3037 599 3084 Episcopi
622 3039 921 3086 Hierosolymitani
944 3042 1079 3078 rebellio
1102 3045 1136 3078 in

307 3087 559 3133 Metropolitam
571 3091 684 3125 suurn.
714 3101 831 3139 1052.
863 3095 983 3131 108.1.
1010 3096 1044 3128 et
1052 3093 1135 3138 seqq.

305 3139 387 3183 Ejus
405 3138 528 3174 invasio
548 3140 582 3174 in
605 3139 686 3175 duas
708 3140 910 3178 Phoenicias.
936 3141 990 3181 68.
1015 3155 1041 3180 ι.
1080 3145 1135 3178 Est

303 3190 499 3224 confirmata
511 3190 531 3223 ὲ
542 3188 806 3227 Chalcedonensi
821 3217 829 3224 .
854 3194 934 3240 358.
947 3204 977 3230 2.
1004 3193 1074 3229 Cur
1084 3195 1136 3229 ad-

304 3238 430 3274 haeserit
441 3240 606 3275 Dioscoro
618 3240 866 3277 Alexandrino?
895 3244 1001 3280 108.1.
1014 3246 1048 3279 Θ
1054 3243 1136 3288 seqq.

257 3290 392 3335 Iuvenis
402 3288 589 3325 patriarcha
600 3290 681 3326 lenit
692 3292 852 3330 seniorem
863 3294 1114 3340 Metropolitam
1126 3320 1136 3336 ‚

306 3339 365 3375 sibi
377 3349 488 3375 tamen
512 3339 687 3385 subjectum
701 3367 709 3376 .
1009 3355 1088 3384 220-
1105 3357 1133 3383 1·

355 3389 468 3431 chrisi.
482 3393 561 3435 Lupi
569 3395 668 3436 Opera
679 3395 780 3429 Tyn

1193 1242 1297 1292 Leges
1320 1247 1512 1290 Principum
1535 1244 1678 1288 poenales
1705 1244 1850 1279 adversus
1880 1243 2049 1280 haereticos
2061 1271 2074 1286 ‚

1245 1300 1318 1332 sunt
1330 1297 1464 1331 initium
1482 1294 1644 1339 sapientiae
1654 1320 1662 1327 .
1687 1303 1769 1341 309.
1779 1306 1810 1331 2·
1835 1295 2003 1329 Sententia
2014 1309 2016 1313 >
2026 1296 2072 1330 est

1239 1348 1271 1382 S.
1292 1346 1494 1392 Augustini.
2001 1345 2074 1378 ibid.

1196 1397 1314 1433 Libelli
1326 1396 1511 1431 recusatorii
1524 1397 1600 1430 sunt
1610 1394 1773 1431 necessarii
1795 1394 1836 1429 ad
1855 1394 2077 1430 renunciatio·

1243 1449 1294 1483 nis
1307 1446 1508 1492 Episcopalis
1520 1446 1664 1481 valorem
1680 1472 1687 1479 .
1714 1442 1823 1492 2981.
1853 1444 1901 1479 Vi
1921 1444 1974 1479 vel
1985 1453 2076 1479 metu

1243 1498 1429 1543 extorqueri
1447 1507 1517 1531 non
1530 1504 1679 1541 poterant
1690 1521 1698 1528 .
1999 1495 2074 1529 ibid.

1197 1550 1353 1583 Liberatus
1366 1547 1559 1586 Diaconus,
1584 1544 1759 1581 Theodori
1771 1544 1952 1584 Patronus,
1977 1545 2079 1589 cespi-

1244 1608 1291 1633 tat
1303 1625 1311 1631 .
1339 1609 1406 1645 ¹55·
1420 1607 1452 1632 2.
1479 1597 1592 1632 Errat.
1623 1596 1700 1643 165.
1715 1607 1744 1633 1.
1770 1594 1828 1628 Est
1839 1596 1959 1641 quintae
1971 1596 2078 1639 Syno-

1242 1649 1279 1684 di
1299 1648 1492 1683 adversarius
1504 1672 1512 1679 .
1959 1655 2032 1693 149.
2043 1653 2076 1679 2.

1197 1699 1296 1734 Liber
1306 1697 1510 1733 Pontificalis
1519 1694 1603 1732 male
1610 1696 1629 1731 a
1639 1696 1835 1741 quibusdam
1844 1696 1989 1740 arguitur
2015 1696 2078 1729 im·

1246 1749 1367 1793 petitiae
1377 1774 1388 1781 .
1990 1755 2079 1793 774.

1198 1799 1291 1834 Libri
1305 1799 1361 1841 qui
1372 1799 1457 1832 inter
1469 1805 1566 1842 opera
1578 1798 1608 1833 S.
1623 1794 1795 1831 Athanasii
1805 1804 1919 1831 extant
1943 1795 2081 1829 nomine

1246 1848 1454 1883 Theodoreti
1466 1872 1477 1890 ,
1490 1850 1564 1883 sunt
1575 1847 1725 1887 Eutherii
1736 1844 1962 1890 Thyanensis.
1982 1843 2016 1881 18
2021 1856 2079 1891 5-1·

1199 1899 1289 1935 Libri
1302 1899 1447 1934 Nestorii
1471 1898 1630 1942 prohibiti
1647 1896 1808 1941 Imperiali
1821 1897 1911 1941 Lege
1921 1920 1928 1928 .
1981 1904 2036 1941 70.
2050 1905 2079 1928 2.

1247 1949 1331 1984 Non
1342 1949 1474 1984 fuerunt
1483 1948 1595 1984 statim
1605 1947 1710 1982 exusti
1721 1973 1730 1981 .
1757 1945 1777 1984 8
1782 1956 1844 1994 3.2.
1871 1947 2081 1980 Damnantur

1249 1999 1290 2034 ad
1301 2000 1410 2045 ignes.
1688 2001 1692 2006 '
1812 2006 1927 2051 13332.
1951 1992 2030 2041 348.
2047 2004 2081 2031 2·

1201 2049 1355 2084 Litaniae.
1381 2059 1462 2097 270.
1477 2059 1509 2084 2.
1537 2049 1620 2084 Vox
1631 2047 1744 2081 Graeca
1755 2045 1967 2084 est,ant1qua.
1997 2054 2081 2090 941.

1249 2107 1318 2131 102.
1331 2108 1365 2131 2.
1391 2097 1590 2136 Antiquitus
1602 2106 1680 2129 cum
1691 2093 1881 2129 candelis&
1891 2094 1991 2126 cereis
2002 2094 2085 2126 cele-

1250 2146 1346 2179 bratae
1369 2144 1404 2178 in
1426 2145 1561 2186 plateis.
1939 2170 1941 2173 .
1959 2151 2040 2186 270
2054 2153 2084 2177 1.

1200 2196 1330 2230 Litterae
1340 2192 1469 2234 piorum
1485 2192 1739 2236 qualescumque
1748 2189 1908 2235 gaudium
1919 2192 2063 2226 excitant
2073 2215 2082 2223 .

1249 2251 1329 2284 217.
1343 2250 1374 2276 2.
1574 2288 1687 2375 M

1320 2442 1477 2477 Acedonius
1487 2443 1506 2477 a
1519 2442 1550 2476 S.
1561 2441 1720 2476 Flaviano
1731 2440 1901 2478 ordinatur
1910 2467 1921 2483 ,
1948 2454 2018 2479 non
2035 2445 2087 2479 in·

1343 2494 1428 2528 vitus
1440 2518 1450 2533 ‚
1477 2493 1530 2527 sed
1543 2493 1720 2537 ignorans,
1744 2493 1853 2536 estque
1863 2494 1930 2537 ejus
1942 2494 2085 2530 Ordina-

1251 2543 1301 2577 tio
1308 2543 1461 2589 ambigua
1472 2544 1507 2578 ἀ
1518 2543 1659 2586 Γυίρεὲὶα,
1667 2567 1676 2576 .
1877 2553 1907 2589 ¹5
1915 2540 1966 2581 8·1-
1977 2545 2011 2578 <5
2018 2543 2085 2587 seq.

1202 2595 1368 2627 Macedomz·
1405 2593 1525 2628 haerefis
1559 2604 1683 2638 negans
1703 2591 1923 2629 Divinitatem
1949 2588 2086 2638 Spiritus

1253 2644 1360 2677 Sansti
1376 2669 1387 2685 ,
1412 2644 1474 2678 fuit
1489 2652 1622 2688 potens.
1973 2655 2041 2693 3¹9·
2052 2656 2084 2680 2.

1201 2692 1389 2738 Magistrum
1400 2695 1473 2728 sunt
1497 2693 1594 2737 bajuli
1608 2693 1791 2731 litterarum
1807 2695 1842 2730 ἀ
1852 2693 2086 2730 mandatorum

1252 2744 1487 2788 Imperatorum
1497 2769 1505 2776 .
1966 2746 2043 2789 289·
2053 2755 2086 2780 2·

1202 2793 1465 2838 Magnanimitas
1476 2805 1533 2838 pro
1546 2792 1668 2828 Christi
1681 2794 1746 2827 fide
1755 2817 1763 2826 .
1966 2800 2082 2839 3042.

1202 2847 1333 2877 Marcion
1354 2844 1466 2879 Deum
1486 2844 1608 2888 passum
1634 2853 1782 2888 neganS,
1806 2840 1928 2876 Christi
1949 2853 2082 2878 carnem

1252 2894 1415 2929 affirmans
1425 2895 1650 2939 imaginariam
1663 2917 1676 2934 ‚
1701 2893 1858 2927 refutatur
1867 2893 1886 2926 a
1897 2892 2083 2927 Tertullia-

1252 2956 1298 2979 no
1311 2970 1320 2979 .
1965 2944 2083 2980 2083.-

1200 2995 1228 3028 5.
1240 2998 1340 3029 Marta
1350 2993 1503 3030 definitur
1516 2993 1588 3030 vere
1601 2994 1635 3029 δε
1647 2993 1775 3038 proprie
1788 2993 1898 3027 Mater
1907 2993 1983 3028 Dei.
1998 3004 2080 3040 70⁴·

1253 3044 1499 3090 Exponendum
1510 3047 1572 3080 esse
1585 3044 1649 3080 hoc
1660 3045 1764 3079 censet
1775 3042 1949 3080 Nestorius
1960 3069 1971 3085 ‚
1992 3042 2083 3088 quod

1251 3096 1376 3130 dicatur
1390 3095 1457 3129 Dei
1474 3094 1646 3129 Genitrix.
1996 3105 2040 3140 19.
2051 3104 2084 3129 2.

1199 3147 1227 3179 5.
1242 3149 1366 3187 Maria,
1392 3146 1457 3180 Dei
1480 3145 1634 3179 Genitrix
1650 3156 1784 3181 vocatur
1804 3145 1822 3181 ὲ
1843 3144 1996 3180 Patribus
2022 3155 2084 3178 ειη-

1249 3194 1445 3240 tiquioribus
1466 3206 1564 3240 quam
1601 3197 1676 3230 sunt
1712 3195 1867 3240 Ephesini
1884 3221 1891 3227 .
1944 3206 1962 3243 3
1970 3206 2024 3242 59.
2052 3205 2082 3230 2.

1247 3245 1431 3281 Carnaliter
1443 3245 1558 3290 genuit
1576 3242 1765 3281 Christum.
1793 3245 1837 3282 16.
1853 3256 1887 3282 2·
1913 3243 2083 3289 &203122

1247 3294 1397 3330 Verbum
1406 3307 1536 3329 carnem
1549 3295 1666 3329 factum
1680 3320 1687 3328 .
1715 3296 1760 3332 16.
1772 3306 1804 3332 2.
1834 3296 1946 3333 Deum
1962 3294 2083 3328 aduna-

1247 3353 1319 3384 tum
1336 3346 1423 3382 carni
1438 3344 1614 3381 secundum
1631 3345 1871 3388 ‘subsistentiam
1883 3369 1892 3378 ·
1990 3340 2036 3376 ¹6·
2050 3350 2083 3386 1.

1545 3395 1586 3430 M
1611 3406 1646 3431 m
1692 3389 1722 3443 4'
1912 3394 1943 3427 s.
1958 3393 2023 3426 Ma·
