2320 3730
631 195 933 249 Senotrls,
971 204 1035 236 ετ
1067 184 1265 235 Nor1s
1300 202 1688 236 utusrnmrffi.

246 278 351 320 ‘Firmi
365 276 569 312 Caesareenfis
581 276 723 312 Exarchi
738 301 749 317 ‚
774 288 812 311 ac
822 276 993 320 praesertirn
1005 273 1130 308 Meliti-

247 327 355 364 nenfis
365 326 484 361 Aeacii
496 352 503 359 .
531 328 574 362 Et
587 325 653 361 haic
665 327 777 363 omnia
788 325 1014 361 Alexandrum
1025 323 1129 358 obdu-

246 376 362 412 rabant
375 378 411 411 in
424 378 479 411 sua
499 378 692 420 pertinacia.
719 378 773 412 Ex
789 377 902 411 iisdem
924 376 1057 410 interim
1078 374 1129 406 vi·-

245 428 365 462 demus
382 427 471 471 quod
494 427 602 462 Sansti
624 427 742 469 Cyrilli
755 427 918 470 Capitulis
938 426 1129 460 etiamtunc

247 478 350 512 essent
372 488 520 520 potentes
539 489 578 512 ac
600 476 761 512 numerofi
782 475 981 510 defensores.

299 527 381 562 Haec
393 527 554 574 AEgyptii
576 527 731 571 Episcopi
752 527 866 570 scripta
888 522 1132 560 adTheodore·

250 586 326 612 tum
344 578 462 617 verba,
487 577 639 611 Rabbulas
650 579 688 610 de
698 577 783 610 vobis
793 578 911 620 quidem
925 574 1029 619 sapit,
1054 573 1135 616 quod

253 634 401 670 pictatem
422 633 634 672 cognoveritis;
660 628 697 660 de
719 626 801 659 nobis
822 637 892 660 vero
917 625 1023 667 ubique
1029 622 1133 667 scribit

250 680 405 713 evidenter
428 689 479 711 nos
499 681 654 711 Haereticos
667 682 824 710 nominans
837 700 848 716 ,
875 676 949 710 sunt
959 674 1114 718 ambigua
1126 697 1133 704 .

248 727 381 763 Eodem
393 728 496 763 modo
506 727 678 771 respondet
689 727 729 760 ad
741 726 915 761 secundam
932 724 1082 760 Helladii
1090 734 1134 757 ra·

251 780 380 814 tionem
396 804 403 811 .
429 776 672 821 Mansuetiffimus
683 781 850 819 imperator
860 775 974 817 noster,
999 776 1070 808 dum
1079 784 1134 808 cer-

253 829 362 871 tificut
383 837 484 863 contra
505 832 667 861 Haereti'cos
676 828 721 860 ad
729 838 796 861 eum
805 825 983 870 accusatores
994 824 1081 866 nostri
1090 833 1133 856 re-

252 881 375 913 tulerint
385 901 396 917 ,
421 877 499 911 nibil
512 877 594 910 nobis
602 876 754 920 proposuit
767 878 870 918 aliud,
894 875 987 921 nifiut
998 882 1050 909 aut
1060 883 1133 906 com·

253 934 434 963 mum'cemus
457 926 648 961 orthodoxia
671 926 876 961 Proditor-ibus
898 949 911 966 ,
937 934 990 958 aut
1004 922 1132 967 segrege·

253 990 319 1012 mur
338 979 377 1012 ab
398 984 440 1012 ets
456 1003 462 1009 .
490 976 674 1011 Theodofii
694 978 789 1010 Sacra
809 974 987 1009 mandabat
1008 974 1133 1007 cunctis

251 1028 344 1061 istius
365 1026 529 1060 Fastionis
542 1024 712 1068 Episcopis
721 1046 732 1063 ‚
757 1034 795 1058 ut
806 1033 863 1059 aut
874 1023 1133 1067 JoanniPatriar-

250 1077 319 1111 chae
347 1074 629 1110 communicarent
652 1096 663 1113 ‚
687 1083 744 1108 aut
775 1075 903 1109 exirent
933 1074 996 1108 suis
1021 1074 1135 1108 Eccle-

252 1127 326 1160 fiis.
354 1123 544 1160 Alexander
565 1125 703 1158 affirmat
723 1124 786 1158 effe
804 1124 932 1158 Sacram
954 1125 1138 1168 praevarica-

249 1177 371 1211 toriam
391 1199 403 1215 ‚
438 1186 475 1208 ac
500 1183 649 1218 patenter
671 1173 838 1208 adversam
870 1174 1004 1208 Divinis
1041 1165 1158 1218 Legi-¹

250 1226 330 1260 bus:
359 1225 494 1268 Utpote
517 1235 586 1268 quae
596 1224 753 1263 mandet,
777 1234 814 1259 ut
825 1222 1042 1259 Orthodoxiae
1061 1224 1135 1258 Pro-

249 1274 412 1310 ditoribus
437 1274 705 1315 communicent,
734 1284 771 1311 ut
797 1274 841 1308 ab
863 1274 910 1309 eis
933 1275 1134 1318 separentur.

249 1324 357 1359 Addit
378 1324 679 1360 Praevaricationem
707 1336 776 1358 non
796 1324 943 1368 Principi
976 1325 1136 1368 imputan-

250 1375 327 1410 dam
339 1399 350 1415 ‚
375 1375 429 1408 sed
441 1375 526 1415 suis,
552 1375 609 1418 qni
622 1376 677 1418 ipsi
690 1375 888 1409 calumniosa
900 1377 1137 1419 impresserunt,

250 1424 527 1459 Accusatoribus.
553 1423 598 1458 Et
620 1437 661 1460 ex
687 1424 756 1459 istis
775 1425 1025 1459 concluditnon
1038 1426 1137 1469 priori

249 1475 303 1510 sed
329 1474 498 1518 posteriori
517 1474 616 1508 Sacrae
638 1474 769 1518 juffioni
788 1475 875 1518 pacis
898 1475 961 1509 effe
983 1475 1138 1510 obedien-

249 1525 331 1559 dum
343 1550 350 1557 .
378 1524 463 1559 Eam
477 1535 531 1567 per
545 1525 749 1558 sarcasmum
762 1524 901 1569 appellat
911 1524 1138 1568 manfiietam&

249 1576 419 1609 clementem
447 1572 684 1615 Propofitienem.

299 1623 406 1658 Porro
427 1621 636 1663 Alexander,
661 1630 697 1656 ut
722 1622 880 1658 Helladio
901 1624 1085 1668 persuadeat
1101 1637 1139 1659 ac

247 1673 385 1708 firmiter
397 1672 562 1716 imprimat
573 1671 641 1706 haec
652 1673 766 1713 omnia
779 1685 986 1718 nequaquam
1007 1677 1068 1710 effe
1079 1675 1140 1710 dis-

246 1721 466 1767 pensatoriam
492 1721 820 1764 condescensionem,
846 1724 900 1759 sed
922 1725 1140 1768 praevaricato-

247 1774 333 1808 riam
354 1783 431 1806 cum
452 1772 624 1806 Haereticis
636 1773 884 1814 confusionem,
910 1786 949 1809 ac
969 1775 1139 1818 omnisju-

247 1823 344 1859 ssitiae
365 1823 579 1857 violationem
593 1847 604 1863 ‚
630 1823 790 1866 Ioannem
814 1822 1035 1860 patriarcham
1048 1836 1138 1859 accu-

246 1873 350 1908 sarde
361 1872 464 1907 tribus
475 1886 486 1905 .·
513 1876 558 1906 De
575 1879 769 1907 communione
790 1885 855 1907 cum
867 1881 1011 1910 Haeretico
1023 1899 1034 1915 ,
1061 1875 1139 1909 San·

249 1925 305 1958 fio
319 1934 436 1966 nempe
448 1922 580 1965 Cyrillo
593 1946 604 1963 ,
624 1924 662 1956 de
682 1923 769 1958 redae
775 1923 851 1966 fidei
861 1923 1115 1967 Anatbematismo
1125 1949 1136 1965 ,

248 1984 368 2016 nempe
391 1973 433 2008 de
453 1972 594 2007 admiffis
613 1972 681 2016 ejus
703 1974 825 2017 Cyrilli
844 1974 1006 2019 Capitulis
1019 1999 1030 2016 ,
1055 1976 1136 2008 &de

246 2022 416 2056 ottbodoxi·
435 2023 586 2063 hominis,
613 2024 726 2066 utique
749 2023 919 2066 Nestorii,
944 2025 1133 2067 depositione.

245 2073 402 2108 Eundem
414 2075 542 2107 accusat
552 2072 593 2105 de
603 2073 675 2106 aliis
686 2075 816 2116 insuper
828 2096 839 2112 ‚
865 2074 1133 2118 degradationem

245 2122 524 2167 promerentibus,
550 2121 694 2156 delictis.
722 2121 856 2163 Primo,
881 2123 971 2166 quod
993 2123 1133 2168 singula-

243 2183 315 2207 rem
329 2173 458 2207 Sacram
471 2196 481 2211 ‚
506 2183 575 2214 quae
586 2171 690 2213 ipsum
701 2171 834 2213 jubebat
846 2173 964 2215 expelli
975 2172 994 2204 a
1009 2171 1132 2205 Princi-

246 2233 289 2266 pe
301 2244 312 2261 ,
339 2220 519 2263 impetrarit
531 2243 538 2250 .
566 2219 718 2253 Secundo
729 2243 741 2259 ,
767 2221 857 2262 quod
870 2221 911 2253 ad
929 2221 1017 2253 illius
1029 2222 1132 2253 Saerae

245 2270 431 2305 violentam
453 2270 683 2303 executionem
706 2268 836 2302 armarit
856 2268 1006 2302 Militum
1025 2268 1130 2312 Magi·

245 2321 329 2356 stros
348 2344 359 2361 ‚
385 2330 423 2354 ac
445 2318 649 2362 Reipublicae
670 2316 797 2361 Judices
821 2342 832 2359 ‚
859 2318 892 2351 id
913 2317 957 2352 est
984 2318 1131 2352 Praetorii

246 2370 435 2405 Praefectum
464 2381 501 2403 ac
537 2369 716 2402 Provinciae
750 2367 919 2403 Praefidem
941 2394 948 2400 .
987 2367 1109 2402 Tertio
1121 2392 1131 2407 ,

248 2419 340 2463 quod
352 2417 610 2461 Hierapolitanae
628 2418 779 2451 Ecclefiae
786 2417 951 2452 abstulerit
961 2418 1131 2460 Oppidum

248 2481 288 2503 ac
312 2468 490 2503 Ecclesiam
504 2466 919 2512 SanstiSergiiMartyris,
946 2478 982 2501 ac
1007 2467 1051 2501 ibi
1073 2478 1131 2501 no·

248 2529 329 2553 vum
339 2518 574 2562 Episcopatum
585 2517 723 2551 erexerit
734 2542 742 2550 .
768 2517 946 2552 Ecclesiam
960 2541 971 2558 ,
985 2517 1019 2551 in
1033 2528 1131 2561 quarn

245 2567 489 2602 instaurandam
502 2578 539 2601 ac
549 2566 732 2601 ornandam
743 2567 865 2602 nonita
878 2567 1004 2611 pridem
1015 2578 1131 2610 expen-

245 2619 286 2652 [τε
307 2628 398 2651 erant
418 2627 568 2651 trecentae
589 2614 676 2651 librae
688 2616 777 2651 auri.
805 2616 953 2662 Qarrd,
981 2617 1070 2661 quod
1083 2616 1132 2650 illi

247 2665 413 2701 abstulerit
424 2665 504 2700 alias
515 2666 643 2709 insuper
662 2664 856 2699 Parochias:
883 2667 1013 2710 Nempe
1023 2667 1064 2701 ad
1075 2677 1132 2700 no-

246 2728 291 2750 vo
317 2717 369 2750 isti
392 2716 557 2759 Episcopo
576 2715 723 2750 dandum
746 2714 881 2749 Clerum
894 2728 930 2750 ac
942 2716 1109 2760 Populum
1121 2742 1129 2749 .

248 2765 317 2800 Vel
339 2764 424 2800 certe
445 2765 535 2810 quod
559 2765 593 2798 in
617 2764 691 2798 aliis
715 2764 931 2810 Euphratefiae
949 2765 1131 2801 Provinciae

248 2814 498 2860 Episcopalibus
521 2811 692 2850 Parochiis
709 2817 919 2851 consecrasset
931 2817 1128 2860 Episcopos,

245 2877 286 2902 nc
296 2865 488 2900 exercuisset
500 2865 582 2899 alios
592 2864 826 2907 Jurisdifflonis
837 2867 955 2901 Actus.
985 2867 1128 2914 Qinffl,

246 2914 338 2962 quod
350 2913 521 2949 Abbibum
535 2938 546 2954 ,
574 2911 821 2950 Dolichiensem
839 2916 1037 2961 Episcopum
1048 2941 1059 2958 ‚
1086 2918 1129 2951 se-

247 2976 327 3000 nem
350 2976 388 2999 ac
400 2966 565 2999 infirmum
577 2989 588 3005 ‚
614 2975 670 3007 per
679 2964 852 2999 militarem
864 2967 1052 3002 violentiam
1070 2966 1128 3010 eje·

247 3015 339 3049 cisset
362 3025 399 3048 ac
421 3014 475 3058 ipfi
487 3014 767 3058 super-ordinasset
788 3016 1004 3063 Sacrilegum.
1034 3017 1128 3051 Licet

246 3074 317 3099 non
331 3074 387 3106 per
397 3075 502 3098 mores
513 3074 570 3099 aut
592 3062 790 3099 contrariam
808 3066 907 3101 vitam
919 3092 932 3108 ‚
956 3077 1065 3102 tamen
1077 3068 1129 3102 Sa-

249 3112 411 3157 crilegum
431 3123 560 3158 propter
581 3111 646 3148 hoc
657 3113 975 3158 Superordinationis
993 3117 1129 3151 Adulte-

247 3162 352 3198 rium.
381 3161 504 3204 Sexto,
531 3162 618 3207 quod
630 3163 820 3199 foediffimos
840 3164 991 3201 homines
1020 3167 1127 3201 conse-

246 3213 359 3247 crasset
380 3212 415 3246 in
439 3212 620 3256 Episcopos
641 3226 653 3246 .-
682 3213 815 3258 Utique
841 3215 1064 3252 Marinianum
1092 3227 1128 3250 ac

246 3260 484 3297 Athanasium.
511 3261 648 3306 Propter
669 3261 737 3298 baec
759 3274 903 3308 patenter
929 3267 1127 3312 indignum,

248 3322 379 3356 propter
400 3313 460 3345 tria
479 3312 586 3355 priora
604 3311 741 3347 crimina
752 3314 886 3349 affirmat
897 3318 1056 3361 Joannem
1067 3317 1128 3351 effe

246 3362 435 3407 incapacem
457 3361 654 3396 Christianae
678 3386 690 3402 ,
716 3363 915 3412 Episcopalis
936 3366 1124 3413 praesertim,

352 3409 544 3457 Gbrss.Lupi
554 3415 652 3455 opera
662 3414 688 3443 T
690 3416 732 3449 .V
730 3416 769 3449 11„

1908 207 2003 253 329

1188 273 1450 309 communionis.
1478 273 1522 308 Et
1544 273 1646 307 muita
1655 274 1748 316 jactat
1760 276 1800 311 de
1810 279 1867 312 suo
1878 277 2064 321 Martyria.

1189 323 1358 358 Gloriatur
1369 325 1400 357 se
1413 323 1555 367 antiquis
1566 322 1768 366 Martyribus
1778 337 1845 360 non
1857 327 2044 362 inferiorem
2056 349 2066 359 .

1189 372 1292 407 Porro
1314 373 1455 417 superius
1477 374 1603 408 exstant
1623 374 1728 416 plures
1748 373 1842 416 hujus
1854 376 2013 411 Faciionis
2022 387 2064 411 ex

1190 422 1318 466 Epheso
1340 424 1382 458 ad
1403 425 1476 457 suos
1508 422 1693 458 Orientales
1722 421 1877 467 collegas
1907 426 2064 468 epistola:

1190 473 1301 520 Qam
1313 471 1367 510 hic
1380 472 1488 508 laudet
1507 470 1716 513 Alexander,
1734 473 1870 518 ignoro.

1241 522 1448 568 Ambiguum
1466 524 1512 558 est
1533 523 1666 568 quinam
1690 522 1916 568 intelligantur
1938 535 1992 567 per
2012 536 2067 559 vo·

1191 584 1261 614 ces,
1290 576 1328 607 de
1347 574 1451 614 nobis,
1476 586 1518 608 an
1541 573 1755 617 Metropolita
1777 572 1964 608 Alexander
1993 585 2069 608 cum

1192 623 1255 657 suis
1264 647 1275 663 ,
1300 635 1340 657 an
1354 624 1431 658 vero
1442 624 1611 668 AEgyptii.
1637 621 1732 658 Certe
1743 623 1927 668 AEgyptius
1939 623 2071 667 Episco-

1194 684 1252 715 pus
1271 674 1396 708 videtur
1416 674 1457 708 de
1469 673 1641 720 AEgyptiis
1650 674 1800 718 scripfiffe
1810 685 1848 708 ac
1858 673 2053 708 intellexisse
2065 697 2072 703 -

1194 723 1237 757 Et
1258 733 1338 757 tunc
1361 725 1467 758 sensus
1486 727 1548 760 effe
1568 724 1717 766 videtur,
1743 724 1833 769 quod
1844 723 2013 759 Rabbulas
2029 733 2075 758 et·

1194 772 1258 806 iam
1269 773 1364 807 fuerit
1386 784 1555 809 execratus
1572 774 1748 818 Capitula‚
1775 774 1934 809 &omnes
1945 782 2076 819 propter

1195 822 1261 865 ipsa
1281 822 1466 868 AEgyptios
1484 823 1646 859 dixerit&
1658 823 1786 859 duxerit
1798 823 2000 859 Haereticos.
2028 823 2074 857 Et

1196 872 1274 906 hinc
1295 874 1437 908 nascitur
1454 874 1519 908 alia
1539 874 1672 916 quaestio
1692 874 1862 918 quomodo
1873 874 1974 920 igitur
1987 873 2076 908 Rab-

1196 923 1286 957 bulas
1305 948 1317 964 ‚
1342 923 1422 958 dum
1443 922 1663 959 Theodorum
1686 925 1982 968 Mopsuestiensem
1997 934 2075 959 ana·

1196 972 1440 1013 thematizavit,
1466 973 1621 1016 Capitula
1631 974 1858 1009 canonizavit.
1877 974 2076 1018 Respondeo

1195 1020 1424 1068 distinguenda
1448 1031 1595 1065 tempora
1609 1047 1617 1055 .
1644 1021 1749 1070 Qod
1765 1023 1932 1058 Rabbulas
1942 1025 2078 1068 Capitu-

1197 1073 1227 1107 la
1247 1072 1427 1116 aliquando
1450 1071 1613 1107 damnarit
1632 1096 1644 1113 ‚
1671 1074 1742 1105 non
1768 1073 1815 1106 est
1839 1073 2080 1112 dubitandum,
2141 1093 2144 1096 -

1196 1124 1294 1157 etiam
1307 1121 1351 1156 ob
1371 1121 1437 1165 ipsa
1450 1121 1567 1165 Ephefi
1588 1120 1776 1165 degradavit
1797 1122 1951 1156 Sanctum
1972 1123 2081 1165 Cyril-
2122 1154 2125 1155 ⁷

1199 1174 1266 1207 lum
1287 1172 1321 1206 δε
1342 1172 1560 1206 Memnonem
1573 1195 1581 1204 .
1609 1170 1793 1207 Postmodo
1818 1180 1930 1206 tamen
1944 1173 2082 1206 mutavit

1198 1224 1286 1257 sensa
1297 1222 1331 1255 δε
1340 1222 1422 1255 Asta
1436 1247 1442 1254 .
1471 1221 1524 1255 Ex
1534 1222 1653 1266 quibus
1664 1221 1837 1265 praesertim
1846 1222 2082 1262 fundamentis,

1197 1274 1231 1309 &
1253 1284 1320 1316 quo
1332 1271 1480 1306 distincte
1500 1281 1668 1317 tempore,
1695 1272 1834 1317 ignoro.

1249 1322 1394 1367 Epistola
1421 1322 1548 1356 videtur
1571 1322 1687 1366 scripta
1712 1323 1782 1365 post
1798 1321 1959 1356 inflictum
1969 1322 2084 1358 Theo-

1199 1374 1283 1408 doro
1310 1370 1499 1410 Anaffhema
1519 1397 1526 1406 .
1553 1370 1740 1409 Alexander
1767 1372 1894 1411 videtur
1926 1373 2087 1407 affirmare

1200 1421 1360 1459 Rabbulae
1379 1423 1598 1458 mutationem
1620 1423 1684 1457 effe
1703 1422 1790 1466 parvi
1810 1422 1984 1466 ponderis:
2013 1422 2087 1456 Effe

1202 1487 1270 1509 non
1292 1474 1560 1514 converfionem,
1586 1474 1639 1507 sed
1661 1473 1947 1516 praevaricatoriam
1960 1483 2091 1515 praever-

1201 1526 1342 1559 fionem.
1369 1522 1555 1558 Rabbulam
1575 1525 1638 1558 effe
1658 1521 1902 1561 Vertumnum,
1930 1522 1988 1566 qui
2006 1524 2088 1559 vante

1203 1573 1357 1617 scripserit
1379 1585 1495 1607 omnes
1517 1573 1703 1618 AEgyptios
1714 1584 1843 1615 propter
1860 1572 2014 1614 Capitula
2026 1573 2089 1606 effe

1203 1623 1402 1659 Haereticos.
1432 1622 1489 1657 Est
1512 1633 1621 1657 tamen
1644 1633 1692 1656 res
1703 1623 1843 1656 incerta.
1871 1621 1980 1655 Etiam
1990 1621 2089 1655 ratio-

1203 1685 1259 1710 nes
1280 1673 1424 1718 quaedam
1446 1673 1581 1707 suadent
1601 1671 1786 1715 Epistolam
1799 1671 1863 1705 effe
1874 1671 2013 1714 priorem
2024 1671 2089 1705 isto

1201 1723 1423 1760 anathemate.
1452 1722 1629 1770 Qidquid
1649 1722 1688 1756 fit
1706 1719 1894 1755 Alexander
1903 1722 2088 1759 affirmat&

1203 1776 1312 1820 prima:
1333 1775 1367 1808 &
1392 1773 1540 1807 secundae
1560 1771 1686 1806 Ciliciae
1710 1771 1889 1814 Episcopos
1906 1772 2087 1806 esseistius-

1202 1825 1292 1859 modi
1311 1822 1571 1867 praevari-catores
1590 1822 1625 1855 δε
1647 1820 1870 1855 Vertumnos:
1896 1821 1942 1855 Et
1952 1819 2088 1855 demon-

1203 1875 1277 1909 strat
1287 1885 1329 1908 ex
1338 1872 1456 1908 lucidis
1466 1871 1676 1907 documentis
1687 1895 1694 1902 .
1722 1869 1876 1905 Affirmat
1888 1871 1950 1905 ess'e
1960 1871 2091 1910 exiliis,

1201 1935 1341 1970 quorum
1356 1923 1508 1958 meminit
1521 1923 1655 1958 Sanetus
1665 1921 1806 1959 Paulus.
1819 1920 1997 1966 Utiquein
2011 1922 2090 1967 Epi-

1200 1975 1283 2010 stola
1308 1973 1348 2009 ad
1371 1975 1506 2009 Galatas
1525 1999 1532 2006 .
1561 1976 1592 2007 St
1610 1979 1688 2008 enim
1710 1983 1779 2016 quae
1799 1973 1951 2013 destruxi,
1980 1978 2088 2008 iterum

1201 2024 1264 2058 baec
1285 2025 1398 2066 aedifico
1422 2037 1430 2056 ε
1458 2027 1727 2058 Praevaricatorem
1753 2033 1799 2056 me
1817 2021 1953 2062 constituo
1975 2048 1982 2055 .
2009 2023 2090 2057 Ma-

1202 2084 1306 2117 gnum
1328 2071 1418 2106 hisce
1440 2072 1579 2115 pessimis
1602 2072 1715 2107 litibus
1734 2072 1991 2107 fundamentum
2003 2074 2089 2115 fuit,

1200 2122 1289 2166 quod
1300 2123 1406 2157 Sancti
1428 2122 1547 2164 Cyrilli
1559 2122 1712 2166 Capitula
1725 2122 1761 2156 in
1771 2123 1859 2166 pacis
1872 2123 2027 2158 Tradiatu
2040 2125 2090 2158 in-

1199 2173 1306 2205 decisa
1339 2172 1494 2204 manserit
1517 2184 1525 2202 :
1552 2172 1626 2204 Nec
1659 2171 1794 2212 probata
1811 2195 1823 2210 ‚
1849 2183 1911 2206 nee
1945 2174 2085 2216 abjesta-

1204 2221 1298 2252 Hinc
1322 2219 1457 2260 quisque
1473 2218 1514 2251 de
1534 2218 1599 2250 illis
1619 2219 1757 2260 perrexit
1777 2219 1943 2255 abundare
1969 2223 2001 2254 in
2028 2226 2087 2257 suo

1202 2267 1426 2311 phantasmate
1438 2291 1445 2297 .
1472 2266 1558 2314 Qae
1582 2265 1772 2302 Alexander
1790 2268 1882 2303 addit
1892 2270 1932 2304 de
1945 2271 2089 2314 Iuliani,

1202 2315 1443 2360 Apollinaristae
1454 2315 1617 2351 Monachi
1630 2341 1640 2356 ,
1666 2318 1804 2353 recitato
1825 2318 1865 2356 ad
1883 2319 2088 2357 oblationem

1199 2367 1357 2407 nomine,
1383 2366 1559 2401 ostendunt
1583 2366 1666 2401 duo.
1697 2366 1829 2409 Primo,
1855 2371 1944 2412 quod
1966 2371 2090 2408 Mona.

1198 2416 1252 2451 chi
1263 2428 1306 2451 ex
1317 2427 1396 2450 tunc
1409 2414 1582 2451 habuerint
1593 2418 1737 2460 proprias
1752 2418 1909 2453 Ecclefias
1922 2445 1929 2452 .
1957 2422 2085 2456 Secun-

1199 2465 1264 2507 do,
1290 2465 1379 2509 quod
1391 2465 1494 2501 claros
1505 2467 1566 2500 suae
1589 2466 1793 2508 profeffionis
1813 2469 1898 2503 viros
1910 2472 2083 2505 recitarent

1198 2517 1238 2551 ad
1260 2517 1313 2550 sua
1335 2515 1517 2551 Sacrificia.
1547 2516 1657 2550 Etiam
1682 2517 1791 2552 vivos.
1821 2517 1909 2555 Nam
1932 2521 2083 2566 Julianus

1197 2566 1338 2602 omnino
1351 2566 1477 2603 videtur
1488 2575 1567 2601 tunc
1579 2566 1690 2602 vixiffe
1700 2591 1708 2601 .

1336 2771 1596 2821 CAPUT
1632 2774 1884 2820 chvm.
1934 2787 2080 2833 --256'

1196 2914 1227 2950 E
1223 2910 1366 2963 pistola,
1397 2912 1540 2965 inquit,
1569 2912 1768 2950 Theodoreti·
1796 2911 1841 2948 ad
1868 2917 1936 2950 Deo
1964 2917 2076 2953 Ami-

1250 2965 1411 3020 ciffimum
1452 2965 1653 3019 Episcopum
1691 2967 1939 3009 Alexandrum
1958 2996 1970 3014 ,
2010 2985 2073 3022 qua

1244 3022 1449 3077 fignificavit
1466 3052 1479 3071 ,
1507 3025 1594 3077 quod
1622 3026 1738 3064 Cilices
1777 3024 1814 3062 ἀ
1843 3022 1954 3076 Ifimri
1988 3024 2072 3078 fith-

1243 3079 1379 3133 scriptis
1406 3081 1642 3122 conditionibus
1663 3083 1871 3123 Antiocheno
1882 3084 1957 3135 fint
1985 3084 2071 3127 adu-

1249 3150 1338 3180 nall-

1255 3267 1306 3301 Eu
1318 3266 1466 3310 suscipiat
1477 3291 1487 3307 ‚
1513 3265 1611 3308 quaea
1624 3265 1720 3302 nobis
1731 3267 1780 3302 vel
1792 3267 1877 3311 apud
1893 3279 1954 3303 nos
1965 3280 2067 3314 agun-

1278 3326 1331 3352 tur
1350 3343 1361 3360 ,
1387 3316 1541 3351 Sandiitas
1562 3327 1618 3351 tua
1641 3341 1652 3358 ‚
1676 3318 1738 3351 slve
1758 3318 1858 3353 etiam
1879 3330 1948 3353 non
1968 3343 1979 3359 ‚
2006 3328 2066 3351 nos

1193 3377 1262 3402 non
1272 3367 1466 3413 quiescimus
1478 3391 1489 3408 ‚
1515 3366 1569 3402 illa
1582 3368 1736 3402 facientes
1748 3378 1817 3404 tota
1832 3368 1949 3403 virtute
1961 3389 1973 3405 ‚
1997 3377 2066 3409 quaa

1565 3416 1594 3453 E
1619 3428 1637 3451 e
1687 3428 1706 3466 3
1906 3424 2016 3452 coram
