2320 3730
571 160 886 215 Sericum,
926 172 991 202 ET
1026 154 1219 202 Norts
1256 167 1656 205 urus-rnarae.

213 247 308 284 suam
326 243 484 292 exponit,
509 244 591 279 ficut
613 245 649 280 ὃς
668 245 704 279 in
727 243 839 279 multis
861 242 926 277 suis
949 240 1099 277 Conscri-

195 312 197 315 ’
241 308 301 334 trs.

216 309 241 344 P
266 349 301 383 Si
311 345 411 390 igitur
424 344 565 388 persistat
578 346 613 379 in
623 344 737 381 iisdem
749 345 935 391 AEgyptius
945 369 956 386 ‚
981 344 1017 379 &
1030 353 1100 378 non

216 405 316 442 negat
324 394 459 440 quidem
473 395 626 439 Capitula
637 420 648 436 ‚
663 407 716 431 nec
727 398 905 431 confitetur
916 394 993 429 vero
1007 392 1101 429 Chri·

217 447 303 482 stum
313 469 326 486 ,
351 457 391 479 ex
404 457 473 489 quo
495 446 733 491 evangelizavit
753 447 873 482 Sanctae
885 444 1020 489 Virgini
1033 444 1102 478 An-

215 497 309 542 gelus
320 518 331 535 ,
355 496 466 531 Deum
480 496 543 531 effe
553 497 587 530 δε
598 496 770 531 hominem
780 521 792 538 ,
816 492 957 531 eundem
970 495 1034 527 fine
1046 493 1103 526 du-

216 546 276 582 bio
295 547 444 580 &filium
466 545 612 581 hominis
625 555 755 591 propter
778 555 947 586 naturam,
975 555 1045 588 quae
1057 542 1102 576 est

216 607 259 632 ex
279 597 402 631 semine
416 595 584 632 Abraham
607 595 785 638 &David,
812 597 966 640 &ipsum
989 591 1104 638 procul

215 645 323 681 dubio
350 646 538 681 Dominum
564 647 674 682 David
703 656 833 691 propter
854 645 1105 684 Divinitatem‚

215 697 296 731 Deo
306 695 419 731 Verbo
439 698 597 742 ternplum
620 696 785 733 amortuis
799 695 973 732 suscitante
997 696 1105 729 secun-

217 745 301 780 dnm
318 746 513 782 sententiam
525 747 668 782 Domini
681 744 829 788 Christi,
854 746 935 782 &in
956 744 1106 781 saeculum

217 794 389 831 infinitum
411 797 492 832 duas
504 806 635 831 naturas
654 797 691 831 in
711 808 781 832 uno
793 797 882 832 Filio
894 821 906 839 ,
933 794 1107 836 Domino,

217 846 254 880 δε
276 843 413 881 Christo
435 845 608 882 inconfuse
634 847 820 882 &indivise
842 844 1108 893 cognoscendas,

218 904 282 930 nos
291 895 418 930 nullam
429 898 702 932 communionem
712 909 788 933 cum
797 909 839 933 eo
858 896 1016 932 habemus
1026 919 1038 936 s
1053 903 1108 927 ¹²0·

218 955 283 988 que
292 956 370 980 cum
381 944 443 987 his,
453 947 510 991 qui
522 948 770 984 communicent
781 950 812 982 ei
825 946 944 989 absque
955 944 1019 979 hac
1032 953 1108 979 con-

218 995 354 1029 feffione
367 1020 375 1028 .
406 996 462 1030 Ut
480 997 570 1031 enim
592 994 836 1039 &Prophetas‚
860 996 895 1030 &
908 994 1111 1039 Apostolos,

218 1044 256 1077 ἀ
267 1044 514 1087 Evangefistas,
539 1043 750 1087 &Martyres
773 1054 902 1081 taceam
915 1069 927 1087 ,
954 1057 1045 1081 nunc
1056 1044 1110 1079 vel

220 1092 357 1127 Beatam
377 1092 559 1129 Susannam
576 1094 666 1139 sequi
690 1095 805 1130 studeo
826 1119 839 1136 ,
864 1096 978 1130 dicens
1001 1109 1010 1128 ε
1037 1095 1111 1129 Sive

218 1143 311 1177 enim
321 1140 386 1176 hoc
396 1141 523 1184 fecero,
551 1153 621 1178 non
631 1145 790 1189 effugiam
799 1155 915 1180 manus
929 1145 1090 1191 AEgyptii
1098 1169 1109 1185 ‚

221 1192 600 1227 &Communicantium
613 1192 643 1228 ei
659 1206 675 1236 ;
699 1194 814 1229 omnia
836 1195 915 1229 vere
931 1195 1113 1239 eligibilius

221 1240 267 1276 est
288 1241 387 1276 nobis
406 1241 561 1277 sustinere
579 1242 622 1277 ab
638 1243 892 1288 Imperatoribus
904 1268 916 1285 ,
942 1245 977 1279 ὅ(
989 1245 1112 1289 Judici-

220 1291 303 1331 bus,
328 1290 446 1326 &aliis
471 1291 687 1335 hominibus,
712 1305 811 1337 quam
830 1295 920 1339 piam
939 1294 1114 1330 confeffio·

219 1352 300 1376 nem
309 1340 344 1375 &
355 1341 465 1376 sanam
476 1342 613 1386 prodere
630 1343 728 1379 fidem
745 1372 752 1378 .
779 1343 845 1380 Vel
857 1345 878 1379 fi
890 1344 994 1380 multa
1006 1345 1112 1380 millia

222 1393 323 1426 essent
335 1389 606 1428 subsannantium
626 1405 688 1428 nos
701 1419 708 1426 .
737 1394 846 1430 Unde
865 1394 1048 1439 Epistolam
1066 1396 1115 1430 su·

221 1452 369 1486 premam
379 1439 421 1476 de
432 1444 526 1477 causa
538 1443 699 1487 propofita
709 1444 856 1490 dirigens
866 1452 930 1480 tuae
942 1445 1111 1490 Religiosi-

223 1492 286 1526 tati
307 1516 320 1533 ,
347 1491 553 1527 manifestam
572 1494 737 1529 rationem
764 1496 882 1530 sentiat
900 1495 967 1539 jam
988 1505 1111 1530 meam.

224 1541 302 1586 Ego
325 1541 417 1575 enim
437 1543 678 1578 Sanstiffimum
697 1543 900 1588 Episcopum
922 1545 1114 1579 Nestorium

222 1591 294 1624 scio
315 1591 350 1624 in
373 1591 576 1625 sermonibus
597 1593 662 1626 suis
682 1602 743 1632 ea,
769 1602 839 1634 quae
861 1592 1055 1637 Propheta,
1079 1595 1116 1629 &

222 1639 380 1684 Apostoli
407 1663 418 1680 ,
445 1641 479 1675 ὅ(
506 1639 722 1686 Evangelistae
745 1665 756 1683 ‚
783 1642 1012 1687 praedicantem
1036 1668 1042 1676 .
1070 1643 1115 1679 Et

224 1689 397 1735 oportebat
406 1689 558 1726 obturare
580 1702 644 1726 nos
655 1702 745 1727 aures
758 1714 770 1731 ‚
796 1703 1003 1737 proponente
1017 1694 1116 1729 nobis

221 1739 331 1784 impio
345 1740 477 1783 Cyrillo
489 1766 500 1782 ‚
529 1750 566 1775 ut
585 1739 932 1778 anathematizaremus
955 1743 1116 1790 dogmata

223 1790 297 1834 ejus
307 1790 396 1825 velut
414 1790 514 1834 impia
527 1800 626 1835 atque
643 1791 789 1836 polluta.
817 1792 854 1827 In
868 1793 1002 1829 Tharso
1021 1794 1116 1839 quin-

225 1851 292 1885 que
314 1852 357 1875 ex
379 1838 431 1874 his
452 1839 626 1885 deposuisti
646 1840 826 1877 haereticis:
853 1843 898 1878 Et
921 1845 1116 1879 consonavi-

226 1901 302 1926 mus
312 1889 406 1924 vobis
415 1915 422 1922 .
450 1889 487 1924 N
490 1902 553 1925 unc
565 1900 674 1927 autem
684 1892 846 1938 promittit
858 1893 1025 1937 cyrillus,
1037 1894 1117 1939 quia

227 1939 254 1973 fi
266 1939 339 1974 fasti
362 1939 519 1978 fuerimus
540 1940 704 1986 haeretici,
728 1941 821 1979 dabit
841 1943 938 1981 nobis
950 1944 1016 1988 ipse
1027 1956 1115 1982 com-

228 1998 426 2027 munionem
438 2017 448 2026 .

413 2143 917 2195 Senotlou.

337 2288 406 2322 AEc
429 2287 567 2333 epistola
589 2300 658 2324 non
680 2289 725 2324 est
759 2290 859 2334 pofita
885 2291 945 2325 suo
975 2287 1113 2323 ordine.

361 2339 416 2373 Est
428 2339 518 2374 enim
540 2340 656 2384 scripta
668 2349 744 2374 ante
758 2341 876 2384 primas
886 2341 904 2375 ὲ
917 2340 1037 2376 Sansto
1049 2339 1114 2382 Cy-

221 2389 297 2424 rillo
307 2390 348 2424 ad
362 2389 523 2423 Acacium
543 2388 778 2424 Berrhaeensem
790 2391 956 2433 rescriptas
968 2389 1091 2424 litteras
1104 2402 1114 2422 :

221 2440 315 2473 Dum
338 2439 479 2481 Ioannes
500 2437 687 2472 Patriarcha
700 2438 839 2473 Paulum
854 2440 1054 2474 Emesenum
1068 2437 1113 2472 A·

220 2486 424 2522 lexandriam
446 2487 555 2532 legare
576 2499 791 2532 conceperat,
817 2499 995 2533 antequam
1028 2489 1115 2534 lega-

221 2548 270 2572 ret
280 2562 287 2570 .
314 2538 464 2572 Praefaras
476 2537 596 2580 Cyrilli
610 2538 733 2573 litteras
745 2538 937 2574 Alexandro
950 2564 962 2581 ,
988 2549 1113 2584 magno

220 2597 303 2622 tunc
316 2588 468 2622 veraciter
483 2586 648 2632 Episcopo
660 2613 671 2629 ‚
695 2589 954 2624 communicavit
964 2614 975 2630 ,
995 2601 1033 2624 ac
1044 2589 1114 2633 ejus

222 2638 316 2682 super
331 2637 404 2681 ipsis
415 2637 458 2671 de
470 2647 627 2680 concepta
642 2638 827 2682 Legatione
840 2663 851 2679 ‚
877 2649 914 2674 ac
937 2639 1030 2683 super
1042 2650 1113 2674 om·

221 2687 260 2722 ni
272 2687 360 2731 pacis
373 2687 509 2731 negotio
524 2686 697 2730 postulavit
714 2686 894 2730 judicium.
924 2687 969 2723 Et
989 2688 1031 2723 ad
1056 2690 1112 2723 res-

223 2736 438 2782 pondendum
451 2732 641 2771 Alexander
650 2748 719 2772 non
743 2738 876 2782 quidem
902 2739 991 2772 suam
1004 2740 1112 2782 Syno-

225 2787 307 2822 dum
319 2810 331 2827 ,
357 2785 410 2820 sed
423 2796 534 2820 tamen
557 2785 707 2821 Ecclefiae
723 2788 782 2822 suae
794 2788 928 2823 Clerum
950 2799 1111 2824 convoca-

222 2837 296 2877 vit,
323 2836 356 2869 &
376 2836 537 2880 quosdam
563 2836 743 2881 Episcopos
764 2839 823 2873 suas
836 2838 1037 2874 Provinciae.
1065 2840 1110 2874 Et

223 2898 267 2923 ex
277 2887 448 2922 communi
462 2885 580 2921 horum
593 2885 717 2929 judicio
730 2889 896 2932 respondit
909 2891 994 2924 varia
1007 2915 1015 2922 .
1043 2888 1110 2923 Pri-

224 2935 304 2977 me,
331 2936 737 2981 graviffimeinvehiturin
750 2939 987 2984 SanctiCyrim
1010 2939 1110 2983 Capi-

224 2986 294 3020 tula
307 3009 319 3025 ‚
345 2987 379 3020 &
400 2987 434 3020 in
447 2988 560 3022 omnia
571 2988 639 3031 ejus
650 2987 716 3022 illis
731 2989 875 3024 consona
886 2991 1009 3035 Scripta
1024 3015 1031 3022 .
1058 2990 1110 3024 Se·

225 3034 359 3076 eunde,
385 3037 476 3079 quod
498 3037 566 3080 ejus
588 3035 628 3071 ad
653 3036 815 3074 Acacium
835 3041 971 3085 epistola
993 3051 1109 3083 nequa-

226 3095 326 3128 quam
353 3087 483 3122 recedat
504 3087 545 3122 ab
566 3086 654 3129 illis,
681 3086 736 3123 sed
756 3088 824 3133 ipsa
844 3091 927 3126 varie
946 3092 1052 3126 firmet
1073 3103 1109 3125 ac

227 3133 359 3168 laudet.-
393 3134 515 3171 Afferit
533 3136 624 3171 enim
642 3162 653 3179 ,
678 3138 769 3183 quod
792 3138 844 3183 pie
871 3142 904 3176 δε
923 3139 1110 3177 orthodoxe

227 3186 260 3219 se
282 3183 422 3221 habeant
435 3200 446 3220 .-
475 3186 579 3233 Quod
599 3187 733 3222 Divinis
754 3190 926 3235 Scripturis
954 3192 1016 3227 fint
1035 3202 1110 3226 con·

227 3236 325 3276 sona,
350 3236 442 3278 quod
462 3246 609 3272 evertant
632 3237 734 3282 impia
765 3240 800 3274 δε
819 3242 944 3286 polluta
965 3242 1109 3277 Nestorii

227 3284 386 3330 dogmata
402 3311 409 3319 .
435 3286 530 3321 Hinc
545 3299 603 3332 pro
626 3288 700 3332 ipfis
712 3288 871 3327 decertare
884 3293 1042 3338 spondet,
1068 3293 1111 3326 as·

228 3336 375 3372 severans
397 3348 578 3381 numquam
597 3338 616 3372 a
633 3339 665 3372 se
676 3339 893 3383 projicienda.
921 3342 1110 3379 Alexander

330 3385 444 3426 christ.
460 3390 540 3432 Lupi
548 3392 647 3434 opera
657 3391 758 3424 Tyn

1876 177 1934 220 30
1946 176 1973 208 1'

1158 239 1318 274 affirmati
1325 239 1379 282 psa
1395 237 1549 283 Capitula
1570 242 1632 275 effe
1649 242 1787 285 pollutas
1806 255 1927 281 vocum
1949 246 2047 280 novi-

1159 300 1262 329 tates,
1286 288 1484 332 obJeAEiiones
1501 289 1570 324 falfi
1603 292 1748 326 nominis
1769 296 1928 338 scientiae,
1953 295 2044 341 cogi-

1160 341 1324 375 tationum
1336 339 1578 381 tortuofitates,
1604 339 1760 384 dogmata
1778 344 1877 386 impia
1889 370 1899 386 ‚
1925 358 1964 381 ac
1982 345 2044 381 fibi

1161 389 1303 425 invicem
1322 388 1484 425 contraria
1505 415 1511 421 .
1537 390 1582 423 Et
1603 390 1736 434 scriptas
1756 391 1797 424 ad
1812 392 1971 430 Acacium
1991 395 2045 430 lit.

1162 450 1244 475 teras
1265 441 1328 475 effe
1347 438 1492 483 ejusdem
1513 437 1642 474 farinae.
1670 439 1715 474 Et
1736 439 1953 476 demonstrare
1980 443 2045 479 hoc

1165 491 1280 525 nititur
1307 502 1349 525 ex
1379 490 1648 534 interpretatione
1665 513 1676 530 ‚
1700 501 1798 534 quam
1831 490 1965 534 epistola
1990 491 2047 526 dat

1163 541 1246 575 circa
1279 540 1515 576 duodecimum
1539 564 1552 582 ‚
1587 540 1621 575 δε
1653 540 1738 575 circa
1773 540 1915 587 primum
1951 541 2048 586 Capi-

1165 591 1272 625 tulum
1286 616 1293 624 .

1215 638 1336 676 Tertio
1351 666 1362 683 ,
1388 640 1576 676 Alexander
1594 642 1733 677 affirmat
1750 666 1761 684 ‚
1788 640 1877 687 quod
1909 642 1977 686 ipse
1999 640 2050 684 Jo-

1167 701 1267 725 annes
1279 690 1347 726 haec
1359 692 1472 727 omnia
1493 691 1621 736 optime
1634 693 1743 730 norim
1771 692 1909 729 Etenim
1919 693 1986 735 ipse
1997 701 2053 725 an-

1167 750 1199 774 te
1211 740 1406 784 Ephefinam
1419 742 1612 785 Synodum,
1637 743 1746 777 statim
1763 742 1799 777 in
1822 744 1893 786 ipso
1916 742 2055 786 Capitu-

1169 790 1275 824 lorum
1304 800 1422 826 exortu
1445 816 1456 832 ,
1483 801 1598 826 contra
1619 793 1685 835 ipsa
1710 793 1904 836 Encyclicas
1931 792 2055 827 litteras

1169 841 1287 884 scripsit
1298 852 1354 885 per
1368 841 1472 885 plures
1485 840 1690 876 Provincias:
1722 843 1784 878 Per
1796 839 2056 887 Cappadociam,

1170 890 1337 925 Galatiam
1361 916 1373 933 ‚
1398 902 1534 926 omnem
1557 892 1750 927 Orientem.
1778 893 1823 928 Et
1846 901 2058 935 quocumque

1171 942 1279 985 potuit
1299 940 1502 975 conscribere
1525 967 1532 974 .
1567 941 1697 990 Qarte
1719 966 1730 982 .
1757 944 1828 985 post
1850 943 1991 978 reditum
2014 952 2058 974 ex

1173 991 1302 1035 Epheso
1322 990 1442 1024 ssmiles
1465 991 1588 1025 litteras
1609 991 1731 1035 scripsit
1751 992 1792 1025 ad
1807 989 2060 1036 Appinianum‚

1173 1040 1421 1084 Mesopotamiae
1444 1040 1574 1074 Ducem
1598 1065 1609 1081 ‚
1644 1041 1854 1085 integerrime
1883 1042 2060 1085 explanans

1173 1090 1428 1126 abominabilem
1443 1089 1674 1133 capitulorum
1701 1089 1736 1123 δε
1749 1089 1988 1133 Conscriptoris
2000 1090 2062 1124 hae-

1174 1142 1287 1182 refim,
1315 1151 1377 1174 nec
1393 1151 1463 1174 non
1488 1139 1745 1184 &iniquitatem
1766 1140 1808 1174 ab
1824 1139 1884 1174 illo
1905 1137 2065 1174 Ariorum

1175 1191 1261 1236 apud
1274 1188 1461 1235 Ephesum.
1488 1190 1622 1238 Qinte
1643 1214 1654 1231 ,
1680 1190 1758 1235 quia
1772 1191 1916 1234 Ioannes
1936 1187 2066 1233 Epheso

1178 1241 1397 1276 Antiochiam
1409 1239 1535 1276 rediens
1547 1265 1559 1282 ,
1584 1240 1656 1285 ipso
1669 1241 1705 1275 iu
1720 1241 1837 1276 itinere
1861 1240 1947 1285 apud
1959 1237 2066 1274 Thar-

1178 1293 1248 1325 sum
1264 1290 1442 1326 celebravit
1455 1290 1629 1335 Synodum
1640 1317 1652 1334 ‚
1678 1291 1712 1326 ἃς
1723 1291 1794 1327 istic
1806 1291 1975 1327 damnavit
1997 1300 2068 1324 nou

1176 1341 1282 1376 solum
1296 1340 1470 1385 Capitula,
1497 1341 1552 1376 sed
1578 1343 1612 1377 ὅ(
1626 1343 1808 1387 Episcopos
1827 1351 1958 1387 propter
1978 1341 2068 1385 ipsa:
2110 1386 2114 1391 ,

1177 1393 1332 1439 Qorum
1343 1391 1457 1436 Caput
1469 1390 1558 1427 haud
1570 1391 1671 1428 dubie
1682 1393 1746 1428 fuit
1756 1393 1891 1428 Sanetus
1904 1391 2053 1436 Cyrillus
2062 1414 2070 1422 .
2086 1385 2147 1416 ἰὼ·
2173 1395 2204 1420 7·

1179 1442 1276 1476 Alios
1296 1442 1380 1477 infra
1402 1442 1564 1477 discemus
1592 1469 1599 1475 .
1641 1443 1742 1479 Hanc
1761 1444 1849 1478 enim
1870 1442 2045 1487 Synodum
2061 1465 2072 1482 ‚
2085 1436 2183 1463 <hs-4·

1179 1492 1255 1526 licet
1274 1491 1359 1526 circa
1383 1491 1650 1536 locum'lapsus‚
1677 1494 1809 1528 forsitan
1820 1495 1949 1538 respicit
1962 1494 2074 1536 Socraf

1179 1551 1248 1576 tes.-
1282 1544 1373 1575 Parra
1399 1547 1546 1587 Joannes
1566 1543 1753 1577 Antiochiam
1769 1545 1912 1578 reversus
1933 1554 2074 1577 convoce—
2088 1539 2249 1582 Epist-1¹²·-

1178 1596 1219 1625 tis
1233 1592 1374 1632 plurimis
1395 1591 1554 1636 Episcopis
1574 1617 1586 1633 ,
1613 1593 1720 1631 cyrillo
1740 1617 1751 1633 ‚
1775 1598 1830 1634 qui
1843 1595 1916 1634 jam
1943 1593 2074 1626 Alexan-

1178 1642 1280 1674 driam
1300 1643 1431 1675 redierat
1461 1665 1473 1683 ,
1498 1640 1714 1684 Episcopatum
1741 1642 1903 1686 abrogavit
1926 1669 1933 1675 .
1960 1641 2073 1678 P-raefa-

1182 1701 1249 1726 tam
1275 1691 1491 1735 Encyclicam
1513 1691 1684 1735 epistolam
1705 1690 1817 1726 laudat
1839 1693 1875 1726 in
1896 1693 2013 1727 litteris
2031 1693 2074 1728 ad

1181 1742 1354 1776 Domuum
1370 1741 1506 1785 Ioannis
1518 1741 1739 1777 Succefforem
1763 1742 1866 1776 etiam
1878 1740 2075 1778 Theodore-

1179 1801 1252 1826 tus:
1281 1792 1325 1825 Et
1346 1793 1450 1834 ipsam
1475 1790 1671 1826 Caffinenfis
1692 1791 1812 1826 Codex
1834 1790 1990 1826 exhibet.
2019 1795 2074 1828 De

1184 1867 1189 1873 .
1204 1852 1242 1875 ac
1253 1839 1430 1875 Tharsenfi
1442 1840 1580 1882 Synodo
1592 1840 1716 1884 aliquid
1729 1841 1858 1876 notitiae
1870 1842 1967 1877 nobis
1978 1842 2074 1878 dedit

1180 1890 1308 1925 Marius
1318 1889 1486 1926 Mercator
1497 1901 1551 1933 per
1564 1890 1787 1935 fragmentum
1799 1890 2073 1936 Theodoretiane

1180 1939 1341 1984 epistolae.
1369 1941 1425 1974 De
1443 1939 1561 1974 litteris
1579 1941 1620 1975 ad
1635 1939 1866 1990 Appinianum
1884 1942 1970 1977 nihil
1982 1945 2073 1987 peni·

1179 1991 1230 2025 tus
1239 1988 1304 2024 huc
1318 1990 1419 2034 usque
1431 1990 1550 2024 scimus
1559 2014 1567 2022 .

1231 2038 1422 2073 Alexander
1436 2040 1554 2082 quarto
1563 2038 1746 2083 gravissime
1767 2042 1933 2076 aversatur
1945 2040 2079 2077 Articu.

1179 2088 1248 2123 lum
1266 2113 1278 2130 ‚
1306 2099 1375 2131 quo
1398 2088 1545 2130 Cyrillus
1567 2087 1750 2132 postulabat
1773 2091 1904 2126 admitti
1925 2093 2075 2127 Nestorii

1178 2137 1447 2184 degradationem
1470 2162 1482 2179 ‚
1517 2149 1555 2172 ac
1574 2137 1845 2177 anathematizari
1877 2140 1979 2186 impia
2005 2143 2076 2187 ejus

1176 2189 1369 2232 Dogmata,
1396 2186 1687 2227 addensillorum‚
1713 2189 1773 2230 qui
1802 2189 1855 2222 his
1877 2193 2076 2236 refragaren-

1177 2246 1229 2270 tur
1239 2260 1251 2276 ‚
1272 2235 1558 2270 Communionem
1573 2245 1754 2279 numquam
1766 2235 1784 2270 ὲ
1795 2238 1826 2271 se
1835 2239 2074 2283 recipiendam,

1176 2294 1232 2320 aut
1245 2284 1438 2320 solvendam
1459 2285 1860 2322 excommunicationem.
1888 2288 1934 2324 Et
1956 2290 2073 2335 adjun-

1175 2335 1226 2380 git
1247 2334 1428 2370 rationem:
1457 2339 1522 2379 Ego
1546 2341 1624 2369 enim
1649 2336 1859 2377 Sanfflffimum
1884 2339 2070 2383 Episcopum

1176 2384 1344 2426 Nestorium
1352 2384 1412 2428 scio
1426 2391 1459 2419 in
1467 2385 1649 2429 sermonibus
1656 2385 1721 2430 fids
1731 2399 1767 2423 ea
1778 2411 1789 2428 ,
1816 2398 1882 2431 quae
1891 2390 2069 2434 Propbetae‚

1176 2437 1210 2470 <a
1237 2435 1362 2478 Apostoli
1387 2459 1398 2475 ‚
1423 2437 1457 2470 (rt
1480 2436 1633 2481 Evangeli
1657 2450 1684 2471 ae
1707 2440 1963 2483 ,jraedicantem
1984 2466 1990 2473 .
2019 2445 2068 2475 Et

1174 2486 1325 2528 oportebat
1334 2485 1468 2520 obturare
1493 2499 1545 2520 nos
1557 2498 1644 2521 aures
1657 2512 1668 2528 ‚
1689 2487 1874 2531 proponente
1900 2490 1985 2524 nobis
2006 2497 2064 2524 im-

1170 2541 1221 2578 pio
1248 2536 1353 2574 Cyrillo
1371 2560 1382 2577 ‚
1408 2545 1442 2571 ut
1470 2537 1794 2572 anathematizaremus
1818 2543 1971 2585 Dogmata
1993 2543 2062 2583 ejus

1176 2587 1257 2619 velut
1269 2591 1363 2628 impia
1375 2610 1385 2626 ,
1412 2594 1502 2629 atque
1511 2587 1630 2629 polluta
1640 2612 1647 2621 .
1678 2588 1836 2624 Notanda
1848 2591 1923 2625 sunt
1944 2592 1979 2626 ἀ
1991 2589 2063 2627 haec

1177 2635 1291 2671 verba:
1318 2640 1410 2670 Nunc
1419 2645 1517 2671 autem
1523 2641 1680 2680 promittit
1693 2641 1841 2681 Cynum,
1867 2647 1940 2683 quia
1944 2640 1974 2682 fi
1973 2641 2063 2682 fac‘lt

1168 2685 1318 2728 fuerimus
1331 2692 1468 2723 Haeretici
1482 2712 1493 2728 ‚
1516 2688 1603 2721 dabit
1621 2688 1705 2721 nobis
1718 2688 1779 2731 ipse
1801 2696 2028 2725 communionem
2045 2718 2057 2727 .

1175 2736 1356 2771 Alexandri
1383 2736 1569 2772 stomachus
1589 2739 1649 2773 tria
1661 2739 1806 2783 digerere
1832 2752 1899 2775 non
1912 2750 2057 2784 por-erate

1174 2787 1303 2830 Nempe
1314 2787 1400 2830 quod
1414 2787 1558 2830 Cyrillus
1568 2789 1752 2824 orientales
1765 2790 1943 2834 Episcopus
1961 2789 2062 2825 habe-

1174 2847 1221 2871 ret
1237 2848 1295 2880 pro
1312 2837 1493 2882 degradatis
1505 2847 1560 2873 aut
1571 2839 1887 2881 excommunicatis;
1914 2839 2002 2883 quod
2015 2839 2059 2874 ab

1173 2886 1247 2929 iplis
1277 2888 1421 2932 exigeret
1442 2888 1699 2932 poenitentialem
1723 2888 1954 2931 professionem
1976 2902 1986 2932 ς
2021 2890 2059 2926 δε

1173 2936 1262 2980 quod
1276 2937 1447 2981 sponderet
1460 2938 1659 2972 Poenitentes
1671 2938 1833 2973 absolvere
1842 2964 1850 2971 .

1223 2987 1374 3035 Qaestio
1385 2987 1431 3022 est
1442 3013 1453 3029 ‚
1480 3001 1520 3022 an
1534 2989 1664 3023 Sandius
1676 2989 1822 3031 Cyrillus
1841 2989 1898 3024 ista
1911 2989 2057 3025 omnine

1171 3040 1315 3082 exegerit
1337 3039 1351 3072 ‚²
1388 3038 1530 3072 Videtur
1550 3038 1690 3082 exegisse
1710 3063 1717 3071 .
1756 3040 1852 3074 Licet
1872 3041 1961 3073 enim
1984 3039 2055 3076 haec

1173 3098 1241 3122 non
1253 3089 1413 3132 exprimat
1424 3090 1458 3122 in
1472 3089 1532 3121 suis
1545 3088 1585 3122 ad
1599 3089 1759 3123 Acacium
1778 3089 1913 3130 litteris,
1937 3089 2055 3125 diserte

1172 3146 1281 3174 tamen
1296 3138 1401 3173 afferit
1414 3139 1447 3173 in
1459 3138 1573 3172 litteris
1586 3138 1625 3172 ad
1638 3139 1712 3173 suos
1735 3138 1770 3173 in
1793 3139 1898 3185 Regia
1910 3140 2054 3176 Civitate

1174 3187 1418 3233 Apocrisari0s‚
1444 3199 1579 3233 quarum
1606 3189 1735 3234 vulgata
1758 3191 1926 3225 translatio
1946 3192 1988 3226 fic
1999 3189 2054 3226 ha-

1173 3237 1226 3274 bet
1238 3253 1249 3274 .·
1275 3244 1382 3283 Neque
1400 3244 1477 3273 enim
1490 3250 1536 3272 eos
1549 3263 1560 3279 ,
1586 3246 1638 3281 qut
1656 3241 1676 3272 ἃ
1684 3239 1803 3282 piiffimo
1815 3240 1958 3285 Epiftopo
1978 3243 2052 3273 Ma-

1173 3294 1304 3324 ximiano
1326 3291 1458 3323 abdicati
1483 3288 1616 3331 fuerant
1639 3313 1651 3330 ,
1671 3289 1854 3333 suscepimus
1873 3315 1885 3333 ,
1911 3300 1963 3325 aut
1981 3290 2051 3333 passi

1164 3339 1283 3382 fuimus
1298 3346 1342 3379 eis
1354 3341 1421 3376 dari
1434 3341 1472 3376 de
1483 3342 1826 3386 commutandarum,
1851 3349 1906 3378 aut
1923 3340 2052 3385 senten}

1667 3391 1698 3428 C
1723 3402 1744 3427 c
1953 3391 2001 3425 tta
