2320 3730
359 177 462 257 ,νῇ

645 286 648 305 i

493 332 754 407 CAPUT
790 351 977 398 cxvn.
1013 361 1170 404 w205

287 473 457 547 Epistola
481 512 494 536 ‚
525 474 668 539 inquit
696 505 709 530 ‚
736 475 815 520 Deo
841 461 1071 534 Amiciffimi
1098 467 1181 513 Eu-

357 542 466 598 thcrii
489 541 719 608 Thyanensts
748 537 925 606 Episcopi
949 571 962 596 ,
998 539 1056 581 <P
1082 532 1179 582 Hel-

296 635 300 648 *
354 614 450 666 ladit'
474 609 699 676 Tharftnsts
731 645 745 669 ,
772 607 926 679 firipta
964 603 1017 655 ad
1050 610 1179 675 magni

295 740 298 743 ,
354 688 506 735 nominis
533 687 664 743 Romae
691 675 920 747 Epifiopum
956 680 1139 725 Simu-m.

280 818 778 910 MUltamprovldentiarn
800 819 939 855 humani
962 818 1090 867 generis
1120 828 1173 861 per

420 873 544 918 singula
565 882 712 917 tempora
738 872 860 906 faciens
882 871 1048 906 Dominus
1079 866 1172 902 Chri-

278 924 347 957 ssus
361 924 428 957 alio
440 933 587 967 tempore
598 923 660 957 alia
684 922 858 956 luminaria
871 920 1057 967 praeparavit
1067 919 1106 952 ad
1117 930 1171 951 eo·

279 985 352 1006 rum
367 975 560 1014 Ducatum,¹
582 973 640 1017 qui
652 971 744 1007 bonae
754 973 814 1006 sint
826 972 1007 1006 voluntatis
1020 994 1031 1010 ,
1061 967 1172 1002 convi-

279 1023 488 1066 ffionemque
511 1023 774 1062 contrariorum,
799 1023 834 1057 δε
854 1021 1018 1056 mendacii
1039 1019 1172 1062 quidem

278 1072 559 1113 destructionem,
586 1073 730 1107 veritatis
752 1084 862 1107 autem
873 1070 1170 1106 confirmationem.

271 1122 366 1157 sicut
386 1123 488 1157 etiam
515 1122 573 1156 sub
593 1123 653 1156 illo
675 1121 791 1163 majori
823 1120 996 1154 Pharaone
1031 1117 1170 1151 Beatum

275 1172 420 1216 Moysen
441 1180 554 1206 contra
578 1172 710 1214 Jamnes
736 1169 936 1204 &Mambre
949 1194 960 1210 ‚
985 1168 1019 1202 &
1034 1168 1115 1201 ficut
1125 1168 1172 1200 su-

273 1234 333 1267 per
346 1223 517 1257 Simonem
529 1222 670 1266 Magum
685 1245 697 1262 ,
710 1220 857 1254 vPetrum
872 1220 954 1254 bene
966 1219 1152 1253 vincentem
1162 1242 1172 1258 ,

271 1273 315 1307 fic
337 1273 371 1306 δε
394 1284 511 1307 contra
531 1283 611 1312 eos,
638 1273 694 1316 qui
721 1271 1087 1310 nuncinsurrexerunt,
1114 1267 1172 1301 ini-

271 1323 380 1358 micos
405 1333 496 1357 tuam
516 1323 652 1366 protulit
665 1322 875 1357 Sanffltatem
890 1345 901 1362 ‚
929 1330 1092 1365 perquam
1116 1318 1172 1352 bo-

267 1383 321 1406 nae
345 1373 413 1416 spei
439 1375 548 1408 sumus
567 1373 600 1407 &
624 1383 707 1413 nos,
735 1372 825 1416 quod
846 1370 947 1407 Orbis
959 1381 1116 1405 terrarum
1128 1367 1170 1402 ab

267 1423 442 1468 AEgyptio
465 1423 620 1458 liberetur
657 1433 762 1457 errore
782 1447 793 1462 ‚
823 1422 880 1466 qui
907 1422 1043 1464 Moyses
1064 1429 1170 1453 novus

265 1474 411 1506 existens
434 1469 570 1508 omnem
594 1473 727 1516 quidem
750 1471 956 1516 AEgyptium
978 1468 1166 1503 haereticum

265 1523 448 1566 percuties,
477 1522 611 1556 salvabis
633 1521 712 1556 vero
736 1532 871 1557 omnem
912 1520 1087 1554 israelitam
1111 1519 1170 1552 Or·

265 1572 459 1605 thodoxum
474 1595 482 1604 .
512 1573 617 1616 Igitur
627 1582 743 1606 contra
757 1572 925 1606 veritatem
939 1570 1052 1604 multis
1073 1568 1169 1602 milli-

267 1620 330 1657 bus
341 1621 458 1666 gestis,
484 1622 519 1655 δε
534 1621 743 1655 mundissima
756 1620 976 1655 Orthodoxiae
997 1618 1169 1664 margarita

267 1672 390 1706 multas
402 1671 590 1715 excipiente
619 1671 832 1711 inimicitias,
859 1672 894 1705 &
920 1681 1057 1714 quantas
1079 1669 1169 1703 nulla

265 1732 416 1767 unquam
429 1721 526 1756 tradit
538 1721 673 1756 historia
688 1746 699 1762 ,
725 1722 767 1756 ab
778 1721 829 1756 his
841 1721 898 1765 qui
922 1719 1037 1756 harum
1051 1730 1169 1754 vocum

264 1773 454 1807 novitatem
464 1781 581 1806 contra
591 1769 766 1806 Paternam
795 1771 911 1806 Fidem
940 1771 1168 1814 Apostolicam

262 1831 452 1866 repererunt
462 1847 472 1863 ,
500 1820 647 1856 nostrum
662 1821 795 1865 quidem
808 1820 853 1854 est
866 1820 922 1864 qui
934 1820 1077 1863 triplices
1092 1819 1170 1852 mul-

267 1870 465 1917 tiplicesque
478 1872 622 1916 patimur
634 1872 840 1915 tempestates
853 1894 863 1911 ‚
881 1871 916 1904 &
930 1870 1011 1913 pene
1024 1870 1058 1903 in
1074 1868 1170 1911 Pyra·

266 1931 318 1957 tas
343 1923 543 1962 incidimus,
569 1922 610 1957 ad
635 1932 712 1956 eum
725 1922 890 1961 clamare,
915 1920 1089 1964 quiaDeo
1101 1931 1171 1962 pro-

265 1972 384 2007 ductus
398 1973 445 2005 est
463 1971 677 2005 Gubernator
689 1995 700 2010 ‚
726 1981 869 2015 eumque
896 1981 955 2014 pro
967 1981 1078 2004 amore
1091 1970 1170 2002 veri·

265 2021 347 2056 tatis
358 2029 479 2062 quanta
494 2019 642 2063 poffibiie
653 2020 699 2054 est
711 2021 865 2060 edocere3
896 2030 960 2052 tuae
969 2028 1077 2053 autem
1091 2019 1170 2050 Gra-

266 2070 320 2107 tias
332 2070 568 2114 Sapientiaeque
580 2069 624 2102 est
638 2078 707 2102 non
723 2068 885 2111 despicere
896 2091 908 2108 ,
934 2078 1041 2111 neque
1062 2066 1171 2100 otiose

267 2121 482 2158 transcurrere
508 2118 699 2161 hujusmodi
725 2118 956 2163 quaestionem‚
982 2125 1171 2159 tantamque

272 2172 404 2206 causam
418 2194 426 2202 .
453 2170 516 2203 Sed
537 2169 572 2202 δε
595 2169 783 2211 perscrutari
804 2178 881 2201 eum
902 2167 1080 2200 dilectione
1091 2165 1170 2200 boni

270 2219 394 2255 laboris
415 2242 426 2259 ‚
451 2218 487 2251 dc
519 2216 974 2259 imponereemendationem
990 2214 1072 2248 'cum
1103 2225 1172 2254 tota

273 2266 460 2306 constantia
478 2292 488 2308 ,
501 2266 534 2300 &
547 2264 626 2300 Deo
636 2264 748 2300 dilecta
760 2264 879 2299 fiducia
891 2287 898 2296 ·
926 2265 970 2298 Et
979 2264 1061 2297 olim
1072 2263 1094 2296 fi
1107 2264 1172 2307 qui·

280 2322 356 2367 dgm
370 2317 480 2363 saepius
491 2317 555 2361 jam
579 2327 622 2350 ex
635 2315 838 2352 Alexandria
850 2314 1039 2357 hujusmodi
1054 2312 1175 2347 haereti-

275 2371 324 2407 eis
347 2369 492 2404 Zizaniis
515 2365 781 2413 insurgentibus,
808 2365 934 2399 suffecit
957 2363 1060 2398 vestra
1084 2362 1174 2407 Apo·

275 2421 394 2457 fiolica
410 2419 506 2454 Sedes
518 2428 572 2463 per
589 2418 777 2452 universum
798 2426 926 2460 tempus
941 2415 1021 2449 illud
1034 2414 1074 2448 ad
1086 2424 1173 2448 men-

279 2472 410 2506 dacium
447 2468 716 2505 convincendum
743 2492 754 2510 ,
781 2466 1050 2510 impietatemque
1078 2463 1175 2508 repri-

278 2522 435 2558 mendam
456 2545 467 2561 ,
494 2521 528 2555 &
551 2518 744 2563 corrigenda
768 2528 838 2559 quae
857 2517 1066 2550 ncceflarium
1088 2515 1175 2554 fuit,

279 2572 567 2615 muniendumque
575 2567 700 2603 Orbem
710 2577 868 2601 terrarum
878 2566 917 2598 ad
930 2566 1071 2610 gloriam
1083 2564 1175 2598 Chri-

278 2623 321 2657 ssi
335 2647 346 2663 ,
371 2631 437 2656 tam
458 2621 518 2654 sub
540 2619 601 2653 ilio
623 2627 672 2651 ter
684 2617 788 2651 Beato
801 2639 814 2658 ,
839 2617 873 2650 ἀ
892 2615 975 2649 inter
986 2617 1109 2650 sanctos
1122 2613 1175 2649 ha-

280 2672 395 2707 bendo
420 2671 586 2712 Episcopo
609 2668 784 2707 Damaso,
810 2677 908 2711 quam
937 2665 997 2700 sub
1031 2664 1175 2708 pluribus

281 2721 380 2761 aliis,
408 2719 559 2765 gloriosis
581 2728 679 2762 atque
705 2716 949 2751 admirabilibus
971 2741 978 2748 .
1004 2716 1109 2759 Cujus
1130 2715 1176 2748 rei

284 2770 453 2815 gratia=&
475 2780 536 2804 nos
558 2768 778 2812 praesumimus
799 2766 856 2800 has
869 2766 1119 2810 supplicationes
1131 2766 1177 2800 of·

283 2822 395 2860 ferre,
416 2830 454 2854 ut
467 2818 634 2862 'adjuvetis
656 2817 791 2852 Orbem·
807 2827 979 2851 terrarum:
1007 2816 1051 2850 Et
1074 2816 1107 2850 in
1121 2816 1176 2849 illa

286 2881 382 2916 parte
394 2894 406 2911 ‚
415 2881 484 2914 quae
496 2878 589 2908 errat,
603 2869 638 2902 ἀ
650 2868 686 2901 in
698 2867 754 2901 illa
765 2892 775 2908 ‚
786 2878 856 2908 quae
869 2866 1079 2909 tyrannidem
1091 2865 1177 2901 susti-

289 2931 369 2956 net.
396 2922 545 2968 Qaeque
559 2916 599 2952 ad
610 2917 675 2952 hoc
685 2918 916 2961 impugnatur,
928 2926 964 2950 ut
978 2917 1018 2951 ad
1031 2929 1067 2952 ea
1078 2940 1089 2956 ‚
1109 2928 1179 2959 quae

291 2982 362 3005 non
375 2971 588 3009 conveniunt,
601 2968 758 3002 assensum
769 2967 923 3011 praebeat:
951 2967 1004 3000 Εὸ
1017 2967 1107 3010 quod
1118 2978 1180 3000 nec

291 3022 372 3055 velit
387 3046 397 3062 ,
419 3033 479 3056 nec
488 3018 637 3063 expedire
647 3018 790 3061 judicet,
815 3026 852 3051 ut
864 3015 1106 3061 AEgyptiorum
1118 3017 1180 3051 Ca-

293 3071 473 3114 pitulorum
486 3070 590 3105 varias
603 3080 724 3103 vocum
738 3066 901 3116 novitates
921 3066 1062 3110 excipiat
1073 3091 1080 3099 .

346 3121 495 3154 Scribens
505 3118 594 3154 enim
606 3117 754 3162 Cyrillus
773 3116 1016 3152 Alexandrinus
1037 3114 1180 3160 blasphe-

297 3181 386 3204 mam
411 3179 529 3203 vocum
551 3169 733 3203 novitatem
756 3178 811 3211 per
833 3166 881 3201 bis
905 3167 978 3201 sena
1005 3165 1157 3210 Capitula
1171 3191 1182 3207 ‚

297 3219 450 3253 universae
474 3218 645 3251 Divinitus
666 3218 827 3262 inspiratae
860 3217 1027 3259 Scripturae
1057 3225 1183 3251 contra-

297 3269 382 3305 riam
404 3268 437 3301 &
451 3266 778 3301 anathematizantem
802 3267 965 3311 legitimas
987 3265 1180 3309 &antiquas

298 3318 492 3353 Sandiorum
512 3315 644 3349 Parrum
664 3316 876 3358 traditiones,
903 3317 937 3351 δε
954 3315 1099 3351 maxime
1109 3317 1182 3352 illo-

299 3378 395 3411 turn,
420 3366 478 3414 qui
497 3364 621 3401 excelsa
644 3364 775 3411 quidem
796 3366 919 3402 Christi
932 3365 1109 3402 Divinitati
1130 3367 1184 3403 ad·

704 192 1040 239 Vauroauivi
1078 187 1332 231 Patauii
1368 182 1696 241 prsrotrt,

1242 268 1382 312 scribant
1393 292 1404 309 ,
1430 266 1569 302 humilia
1581 270 1658 305 vero
1668 271 1865 308 humanitati
1874 269 2013 316 ejusdem
2024 295 2036 313 ,
2049 272 2123 308 nus-

1241 331 1339 364 quam
1362 317 1515 368 unitione
1533 318 1602 362 ejus
1621 318 1864 362 intercidenda,
1888 322 2053 367 proposuit
2064 323 2120 365 el,

1240 369 1296 412 qui
1317 378 1396 403 tunc
1416 370 1565 404 Sanctam
1585 368 1704 403 Sedem
1713 371 1841 414 regebat
1853 373 1965 418 magni
1975 373 2119 408 nominis

1242 418 1370 458 Urbis,
1394 420 1452 464 qui
1470 420 1534 453 fuit
1558 418 1578 452 a
1599 419 1764 463 principio
1781 419 1954 463 probatus,
1977 423 2120 459 &notus

1238 471 1323 505 circa
1333 469 1431 508 fidem
1444 494 1454 509 ‚
1480 470 1564 504 circa
1576 471 1678 503 vitam
1690 493 1701 510 ,
1726 469 1811 504 circa
1822 468 2001 507 doctrinam
2012 473 2115 515 verbi,

1238 522 1272 555 δε
1292 523 1377 556 circa
1399 521 1568 561 universa,
1594 518 1774 560 Nestorio,
1800 530 1837 554 ut
1856 529 1912 554 aut
1923 523 2119 558 consentiret

1239 570 1401 615 Capitulis
1410 570 1478 613 ejus
1489 595 1499 611 ,
1512 581 1609 613 atque
1621 569 1831 604 subscriberet
1841 580 1877 604 ea
1886 594 1897 611 ,
1911 570 1945 604 &
1955 580 2119 614 permane-

1237 633 1283 655 ret
1296 621 1474 664 Episcopus
1484 645 1494 661 ,
1507 630 1561 654 aut
1572 619 1659 654 certe
1671 621 1904 663 periclitaretur
1918 621 1953 654 in
1967 616 2119 666 gradu,&

1236 673 1252 705 a
1266 672 1379 706 Sancta
1402 670 1543 705 Ecclesia
1555 670 1723 714 pelleretur
1735 695 1742 702 .
1769 671 1829 705 Ille
1849 681 1960 705 autem
1977 672 2120 715 proposi-

1235 721 1319 755 tioni
1338 731 1478 764 nequam
1502 721 1567 755 Dei
1592 721 1710 755 timore
1722 721 1875 764 praelato,
1901 720 1999 765 elegit
2009 719 2120 765 potius

1236 771 1347 807 multis
1358 771 1502 805 millibus
1513 771 1663 815 periculis
1674 771 1732 805 fibi
1744 771 1861 815 injuste
1872 770 2048 805 inferendis
2058 782 2120 805 tra-

1235 823 1308 857 dere
1332 822 1535 865 semetipsum
1548 847 1559 863 ‚
1585 833 1683 864 quam
1704 822 1790 855 dolis
1811 821 1970 855 haereticis
1980 819 2119 863 praebere

1233 874 1427 907 consensum
1448 873 1480 906 ὅ(
1503 872 1697 906 confirmare
1724 872 1826 906 totius
1848 871 2114 906 Orbiserrorem.

1233 923 1286 958 Ad
1307 921 1373 957 haec
1397 922 1550 966 Synodus
1586 921 1744 956 convenit
1765 922 1801 955 in
1835 920 1988 965 Epheso:
2014 920 2059 955 Et
2079 921 2118 954 'in

1233 974 1325 1008 nullo
1346 984 1530 1016 correptus,
1557 983 1663 1016 neque
1682 972 1845 1006 rationem
1866 970 2000 1006 reddere
2025 981 2121 1013 expe-

1234 1022 1312 1058 titus
1335 1048 1347 1064 ,
1372 1032 1546 1066 antequam
1568 1021 1784 1056 convenirent
1805 1046 1815 1062 ,
1842 1022 1898 1064 qui
1921 1020 2121 1055 sustineban-

1234 1083 1308 1111 tur,
1332 1072 1493 1112 univerfi,
1519 1076 1650 1106 exactus
1671 1072 1717 1105 est
1741 1071 1923 1112 ultionem,
1949 1071 2029 1105 dum
2045 1071 2121 1105 illo-

1234 1133 1307 1157 rum
1319 1122 1548 1164 Capitulorum
1561 1120 1763 1164 blasphemiae
1773 1120 1955 1157 obviaverit
1969 1145 1980 1162 ,
2004 1121 2038 1154 δι
2050 1131 2119 1155 om-

1237 1173 1270 1206 ni
1295 1171 1485 1206 crudelitate
1503 1170 1554 1211 ei,
1582 1180 1652 1213 quae
1663 1170 1804 1209 dicitur,
1829 1170 2058 1210 damnationi,
2085 1172 2121 1205 &

1234 1224 1305 1257 aliis
1319 1221 1482 1265 aliquibus
1496 1219 1652 1262 subjectns
1670 1220 1715 1254 est
1727 1245 1735 1253 .
1762 1219 1856 1253 Dum
1867 1219 1955 1254 certe
1975 1220 2124 1263 Cyrillus

1234 1273 1465 1307 authoritatem
1488 1271 1606 1315 judicis
1629 1282 1698 1305 non
1722 1269 1875 1310 haberet,
1895 1270 1958 1305 *sed
1976 1270 2044 1313 ejus
2062 1271 2120 1314 qui

1234 1322 1428 1366 judicandus
1440 1321 1484 1355 est
1498 1322 1648 1356 ordinem
1662 1346 1673 1361 ,
1699 1319 1740 1354 eo
1751 1319 1839 1364 quod
1852 1329 1965 1355 contra
1977 1320 2121 1354 invicem

1235 1372 1396 1408 moverint
1423 1372 1613 1415 quaestiones
1634 1394 1643 1403 .
1671 1371 1715 1404 Et
1735 1380 1800 1403 erat
1823 1369 1989 1413 praefidens
2008 1371 2122 1404 Reus.-

1236 1419 1278 1456 Et
1301 1423 1477 1458 sententiat
1496 1420 1671 1464 Princeps,
1699 1420 1756 1463 qui
1776 1418 1990 1455 sustinebatur
2010 1418 2123 1455 multis

1235 1471 1403 1507 sententiis
1414 1471 1646 1516 supponendus
1659 1495 1667 1502 .
1995 1488 1998 1492 -
2055 1488 2057 1490 -

1281 1522 1347 1556 His
1359 1522 1477 1566 gestis,
1489 1521 1561 1556 aliis
1572 1521 1704 1565 quidem
1717 1523 1832 1555 cundia
1842 1545 1853 1562 ‚
1879 1533 1950 1566 quae
1959 1524 2025 1556 aista
2036 1522 2113 1556 sunt

1233 1571 1408 1615 lachrymis
1433 1571 1553 1615 digna,
1583 1571 1655 1604 aliis
1670 1569 1745 1603 vero
1756 1570 1894 1605 ridicula
1909 1571 2126 1612 videbantur,

1232 1624 1276 1657 ita
1302 1633 1338 1656 ut
1365 1621 1399 1654 &
1421 1621 1500 1661 ille,
1526 1620 1583 1662 qui
1612 1618 1858 1654 Antiochenam
1870 1620 2002 1655 tenebat
2013 1620 2126 1654 Eccle-

1231 1674 1308 1707 siam
1334 1673 1400 1706 Dei
1424 1694 1435 1710 ,
1462 1670 1531 1714 post
1557 1669 1626 1704 haec
1650 1669 1782 1703 veniens
1803 1669 1969 1712 Cyrillum
1989 1670 2125 1715 quidem

1231 1725 1266 1758 δε
1305 1723 1523 1755 Memnonem
1556 1719 1763 1754 damnationi
1791 1719 1959 1763 subjiceret
1986 1745 1999 1761 ,
2033 1731 2125 1754 com*

1231 1773 1324 1807 muni
1346 1771 1490 1805 Decreto
1513 1771 1588 1804 Deo
1610 1767 1891 1804 Amiciffimorum
1912 1795 1924 1811 ,
1957 1770 2124 1805 83οᾶὶῶ-

2138 1797 2298 1831 Adit-Nor.

1233 1832 1428 1864 morumque
1456 1820 1691 1864 Episcoporum
1703 1843 1714 1860 ,
1740 1819 1841 1863 usque
1859 1820 1901 1854 ad
1913 1820 2029 1865 viginti
2042 1820 2124 1856 duo-
2139 1837 2298 1871 Vide-*1105

1234 1883 1306 1908 rum
1321 1871 1659 1915 Metropolitanorum
1672 1894 1683 1910 ‚
1709 1871 2125 1915 caeterorumquevquirpffl-
2140 1880 2298 1919 pagam&

1235 1935 1283 1958 ter
1294 1923 1429 1956 aderant
1453 1922 1510 1965 qui
1529 1920 1607 1955 illos
1619 1919 1764 1954 haerefios
1774 1931 1811 1954 ac
1822 1920 1991 1955 seditionis
2002 1920 2127 1956 Princ‘i»
2140 1931 2190 1957 ’με

1237 1973 1487 2016 pesjudicarunt
1504 1995 1514 2011 ,
1541 1972 1573 2004 δε
1585 1970 1884 2005 Ecclefiasticarum
1904 1971 2038 2006 aemulos
2047 1972 2126 2006 San·

1235 2023 1382 2056 &ionum
1416 2047 1423 2054 .
1451 2022 1593 2055 Caeteros
1617 2020 1716 2062 vero,
1742 2022 1798 2064 qui
1818 2021 1866 2055 eis
1886 2022 1927 2057 ad
1951 2022 2066 2056 omnia
2077 2022 2127 2056 iu·

1237 2081 1383 2114 congrua
1409 2070 1600 2111 Complices
1621 2070 1812 2102 exstiterant
1825 2093 1836 2109 ,
1861 2072 1988 2104 alienos
2008 2072 2126 2105 acom-

1236 2121 1399 2160 munione
1410 2119 1553 2152 fecerunt
1573 2141 1580 2149 .
1608 2116 1863 2162 Sedilliegregii
1884 2129 1999 2154 contra
2012 2121 2127 2154 verita·

1236 2179 1303 2204 tem
1328 2168 1421 2202 simul
1443 2169 1478 2202 δε
1503 2167 1646 2211 Regulas
1666 2166 1867 2211 sibimetipsis
1879 2169 2124 2214 indulgentiam

1238 2219 1421 2253 relaxantes
1432 2240 1443 2257 ,
1469 2215 1662 2250 terribilium
1674 2215 1910 2259 Mysteriorum
1920 2220 2125 2254 communio-

1238 2278 1315 2302 nem
1339 2268 1549 2301 irreverenter
1568 2264 1624 2299 fibi
1647 2265 1810 2300 continuo
1841 2268 2125 2312 praesumpserunt-

1238 2318 1339 2351 -Alios
1355 2316 1431 2351 ver<⁸>
1442 2316 1685 2350 communicare
1696 2315 1755 2349 fibi
1767 2316 1947 2359 periculose
1958 2318 2103 2355 fecerunt
2113 2344 2123 2353 .

1240 2368 1288 2402 Ita
1302 2378 1337 2402 ut
1347 2377 1462 2402 omnes
1474 2366 1606 2400 Divinae
1617 2365 1751 2410 Regula:
1762 2366 1906 2402 Decreto
1917 2366 2104 2412 subjaceant
2112 2392 2126 2411 ,

1236 2429 1306 2462 quae
1329 2428 1386 2451 eos
1408 2417 1465 2460 qui
1490 2417 1535 2450 ita
1554 2425 1673 2460 regunt
1691 2440 1703 2456 ,
1729 2416 1870 2450 omnino
1892 2418 2126 2461 perdamnaut.

1237 2470 1320 2502 Haee
1332 2467 1501 2501 addiscens
1526 2466 1602 2499 Deo
1615 2465 1836 2501 Amiciffimus
1847 2467 1880 2501 &
1893 2468 1999 2501 bonus
2008 2468 2126 2503 vietor

1237 2518 1393 2561 Princeps
1402 2514 1563 2551 continuo
1573 2514 1721 2550 definivit
1733 2527 1845 2550 vacare
1856 2540 1867 2556 ,
1893 2529 1961 2561 quae
1976 2519 2020 2552 sic
2039 2518 2126 2553 inor·-

1237 2567 1348 2602 dinate
1361 2567 1700 2608 inconsequenterque
1711 2567 1784 2598 sunt
1794 2566 1883 2610 gesta
1899 2578 2012 2601 contra
2022 2578 2100 2602 eum
2111 2592 2124 2607 ‚

1236 2619 1292 2662 qui
1305 2619 1337 2650 in
1352 2616 1444 2649 nullo
1456 2615 1625 2649 convietus
1634 2615 1679 2647 est
1693 2638 1704 2653 ,
1725 2614 1859 2658 abrupte
1871 2615 1948 2650 vero
1958 2617 1991 2650 &
2003 2617 2125 2652 furiose

1236 2667 1381 2702 addictus
1393 2679 1403 2699 :
1422 2662 1545 2699 Denuo
1556 2671 1664 2697 autem
1676 2663 1716 2697 de
1726 2664 1881 2708 dogmate
1890 2677 1966 2700 cum
1980 2667 2126 2702 veritatis

1237 2728 1348 2752 amore
1370 2715 1440 2748 fieri
1460 2712 1670 2758 quaestionem
1697 2724 1751 2756 per
1776 2715 2069 2760 interrogationem
2090 2717 2127 2751 δε

1237 2766 1472 2811 responsionem
1483 2787 1496 2804 ,
1521 2763 1555 2797 &
1567 2763 1879 2798 demonstrationem
1891 2776 1961 2807 quae
1970 2766 2128 2801 omnibus

1239 2818 1383 2852 suaderet
1398 2839 1409 2856 ,
1434 2824 1501 2848 non
1522 2825 1593 2857 quae
1613 2810 1813 2848 authoritate
1833 2816 2003 2859 tyrannica
2025 2817 2127 2861 impe-

1240 2877 1321 2903 raret
1335 2891 1342 2898 .
1368 2865 1422 2899 Illi
1445 2862 1523 2898 vero
1546 2862 1586 2897 ad
1598 2863 1797 2898 solutionem
1809 2864 1987 2899 Canonum
1999 2866 2033 2900 id
2045 2878 2126 2909 quo-

1240 2929 1302 2964 que
1328 2915 1533 2960 adjecerunt,
1559 2924 1596 2949 ut
1621 2925 1682 2948 nec
1709 2911 1759 2949 his
1785 2914 1848 2959 piis
1872 2914 1988 2951 litteris
2012 2915 2126 2951 obedi·

1240 2977 1331 3004 tent·
1922 2987 1925 2993 .
1947 2993 1953 2997 ,
2002 2993 2008 2995 ,
2034 2990 2041 3012 ‚5

1291 3019 1334 3054 Et
1347 3015 1431 3051 nihil
1446 3017 1486 3051 de
1500 3015 1564 3051 fide
1577 3016 1683 3051 dicere
1695 3016 1745 3051 vel
1755 3015 1867 3051 audire
1887 3016 2125 3062 acquiescentes

1242 3069 1396 3107 ulterius,
1424 3068 1464 3101 ad
1479 3068 1580 3100 solam
1592 3068 1622 3101 se
1634 3066 1770 3101 universi
1781 3068 1990 3111 pertinaciam
2011 3077 2126 3102 contu·

1243 3121 1367 3155 lerunt:
1394 3118 1450 3152 Ad
1473 3118 1664 3152 consensum
1676 3129 1843 3162 coeperunt
1853 3117 1978 3152 trahere
1987 3117 2126 3160 judicii,

1243 3171 1326 3204 alios
1338 3167 1470 3212 quidem
1484 3167 1617 3208 fraude,
1643 3167 1727 3202 alios
1747 3167 1904 3201 violentia
1917 3192 1928 3208 ‚
1955 3168 2035 3202 alios
2053 3176 2127 3211 pr,

1244 3220 1340 3255 miis.
1366 3217 1608 3261 Constupentes
1630 3219 1722 3261 super
1754 3216 1807 3251 his
1831 3229 1891 3251 nos
1911 3229 1966 3260 per
1985 3217 2123 3252 multum

1244 3278 1371 3312 tempus
1391 3266 1608 3312 rogabamus,
1633 3266 1868 3304 obtestabamur
1890 3279 1966 3301 cum
1983 3263 2122 3302 omnifi-

1245 3320 1339 3354 ducia
1351 3342 1363 3358 ‚
1388 3317 1643 3361 provocabamus
1654 3328 1690 3352 ut
1701 3316 1788 3352 nihil
1796 3314 2125 3352 irrationabiliter-fie-

1246 3379 1295 3406 ret
1320 3378 1376 3404 aut
1396 3378 1558 3404 teneretur
1567 3390 1582 3411 ,
1604 3366 1659 3404 sed
1667 3366 1893 3412 dequaestione
1904 3365 2031 3412 quidem
2043 3362 2125 3409 dog-

2011 3423 2077 3448 ma-
