2320 3730
109 355 187 393 *capt
200 348 251 397 ὅς’·

361 205 427 252 72

680 185 1035 234 “vationum
1071 181 1322 228 Paravit
1352 181 1693 242 Ettsrotffi,

283 285 381 321 atque
391 276 437 310 ita
449 272 552 319 ipsum
565 271 695 318 penitus
715 272 922 308 dimoverant
944 271 962 304 ὲ
988 268 1169 314 patrocinio
1236 278 1358 302 novum
1381 268 1644 307 Haerefiarcham.
1673 271 1718 306 Et
1730 270 1815 308 cette
1831 271 1946 313 Sacra,'
1972 285 2034 318 qua
2048 274 2110 312 Im-

285 325 430 362 Nestorii
444 349 452 357 .
487 323 597 359 Etiam
622 323 870 365 Cubiculariurn
907 320 1143 358 Scholasticum
1154 341 1165 358 ,

282 377 354 420 ejus
365 376 466 418 usque
477 385 557 409 tunc
567 374 672 409 fidum
694 373 789 409 defen
795 376 897 408 sorem
908 398 914 405 .

334 422 459 459 Verum
471 426 609 459 lrenaeus
621 424 663 458 ad
673 424 787 459 omnia
798 425 859 458 tria
884 420 1100 466 potentissime
1120 421 1168 455 in·

285 476 423 511 terceffit
434 500 441 507 .
455 492 458 494 v
470 475 513 509 Et
536 473 667 518 quidem
680 486 734 518 per
746 473 830 508 adeo
841 472 1014 507 artificiosa
1035 471 1167 506 menda·

1234 327 1361 361 perator
1385 317 1593 359 Theodosius
1614 324 1766 356 Sanctum
1785 324 1949 366 Cyrillum
1960 327 2110 361 evocavit

1231 368 1271 401 ad
1295 367 1465 411 synodum
1487 393 1498 408 ,
1524 371 1674 404 eumdem
1696 371 1894 408 acerbissime
1917 376 2046 409 accusat
2067 375 2109 409 de

1232 420 1325 452 variis
1337 443 1346 458 ‚
1369 419 1544 453 &tandem
1557 419 1744 453 concludit:
1771 424 1968 466 ,Quamobrem
1980 426 2013 459 (5
2025 434 2108 458 tuam

1230 480 1341 511 quoque
1363 473 1575 503 Reverentiam
1597 471 1642 502 ad
1655 478 1794 511 tempus,
1818 475 1898 513 quod
1915 474 1985 506 aliis
1996 477 2107 509 litteris

280 527 332 560 cia
345 548 357 566 ,
384 526 498 569 utipse
510 525 549 558 de
564 524 675 568 Regiae
699 525 817 558 domus
831 520 1026 556 primatibus
1048 522 1163 556 scribat
1229 521 1274 551 ad
1291 518 1446 562 universos
1466 522 1708 561 Metropolitanos
1719 519 1882 564 Epist-opor
1901 525 1988 563 mffs
2010 527 2106 558 edixi-

280 577 317 610 in
331 575 476 620 praesenti
490 575 655 617 Epistola:
684 574 841 618 ,Quifimul
864 581 953 612 atque
971 570 1096 610 ntislram
1110 576 1165 606 Re.

1226 580 1291 601 mus
1303 594 1313 610 ‚
1336 570 1445 611 praesto
1456 571 1549 613 adesse
1561 570 1717 611 oportebit.
1745 575 1852 614 Neque
1870 572 1961 613 prii'ts
1982 573 2106 614 nostram

280 627 420 661 lationem
444 626 634 667 accepissent,
659 631 757 657 omnia
786 634 852 664 quae
872 623 1015 664 AEgyptii
1027 620 1162 662 fautores
1225 625 1387 652 amicitiam
1420 630 1450 653 te
1473 620 1602 662 confidas
1625 630 1863 662 recuperaturum
1881 647 1893 663 ,
1919 632 2009 664 quam
2027 630 2106 658 omni

274 684 337 723 per
357 675 543 714 tyrannidem
564 672 784 716 commiserant,
810 673 855 703 ad
872 675 1086 713 Imperatorum
1111 685 1163 706 au-

279 736 328 760 res
350 725 462 767 referre
482 724 570 758 coac‘ii
583 723 676 768 sunt.
704 726 838 763 Denique
861 731 898 754 ne
919 722 1035 765 longius
1051 722 1160 766 sermo-

279 787 347 809 nem
363 774 537 817 protraham
558 797 569 813 ‚
593 783 656 806 cum
677 771 774 803 multa
799 773 834 805 &
852 770 892 803 ab
915 770 962 803 bis
985 797 996 812 ‚
1021 778 1074 814 qui
1096 785 1159 806 cum

277 827 384 864 cyrillo
397 824 555 866 faciebant
567 846 577 861 ,
604 823 639 855 Co·
662 818 774 853 abillis
790 819 890 863 rursus
905 846 915 861 ,
942 828 995 865 qui
1014 821 1157 866 nobiscum

272 873 440 918 sentiebant
459 898 471 914 ,
495 873 562 904 aeia
587 871 622 904 ὦ·
646 868 800 912 disputata
815 870 960 914 fuissent,
983 874 1098 914 placuit
1124 883 1158 906 ut

269 918 400 966 'utraque
404 931 501 964 pars,
528 930 592 954 tam
602 931 653 963 ego
677 931 769 962 quam
781 923 942 965 AEgyptti,
966 921 1016 969 sui
1042 925 1076 957 <it
1091 922 1155 966 suae

273 972 367 1015 causae
387 972 507 1005 tuendae
522 975 629 1019 gratia
648 993 660 1010 ,
709 969 909 1015 pra-semibus
929 978 1019 1006 etiam
1040 979 1156 1017 magnit

272 1025 377 1056 Princi
403 1021 465 1054 'bus
477 1043 489 1066 .'
510 1020 665 1062 piiffimum
675 1022 884 1062 Imperatorem
907 1024 1082 1064 adiremus,
1108 1033 1156 1057 at-

270 1083 328 1119 que
350 1083 370 1103 a
408 1081 441 1105 eo
464 1072 655 1103 audiremus.
683 1071 878 1114 ‚Quamquam
893 1072 1071 1114 protestatus
1086 1072 1156 1116 sum

268 1122 433 1155 identidem
447 1132 493 1154 me
518 1131 618 1154 necea
630 1120 668 1153 de
689 1119 776 1164 causa
785 1122 897 1164 adesse,
926 1133 978 1156 nec
998 1125 1060 1157 ulla
1080 1122 1155 1166 ‘Just

269 1173 349 1206 modi
362 1171 513 1205 Mandata
524 1172 544 1202 a
550 1170 733 1212 pientffmis
744 1171 902 1214 Episcopi:
925 1173 1057 1215 accepim
1066 1198 1076 1213 ,
1098 1171 1157 1215 sed

268 1223 390 1256 tantum
409 1225 547 1254 Latorem
569 1221 737 1254 litterarum
751 1222 902 1265 adveniffe
915 1247 922 1255 .
949 1224 1009 1257 Sed
1020 1221 1153 1265 profeblo

267 1272 303 1306 ob
326 1269 469 1315 ejusmodi
494 1270 589 1305 verba
599 1280 676 1313 pene
700 1270 868 1315 difierptus
884 1270 954 1316 sum
970 1298 977 1306 .
1004 1272 1151 1319 Quaestio

266 1320 333 1361 est,
358 1323 377 1356 a
394 1319 514 1365 quibus
539 1321 573 1355 ἀ
595 1321 640 1356 ob
659 1332 729 1365 quae
739 1322 835 1357 verba
844 1323 943 1357 fuerit
954 1322 1021 1358 fere
1035 1323 1153 1358 discer-

266 1381 341 1415 ptus
353 1372 370 1403 .²
398 1370 606 1419 Qibusdam
617 1371 767 1413 videtur,
792 1372 882 1419 quod
892 1372 937 1407 ob
956 1373 1085 1417 propria
1098 1375 1151 1407 sua

266 1420 363 1456 verba
381 1445 393 1462 ,
419 1420 706 1466 q‘uibusdisputare
728 1418 976 1459 detrcstaverat.
1005 1422 1086 1458 Fere
1104 1423 1152 1458 di-

265 1472 427 1515 scerptum
450 1472 608 1513 credunt,
634 1483 704 1506 non
725 1472 745 1506 ὲ
767 1472 894 1517 Synodi
916 1474 1073 1519 Legatis,
1099 1473 1151 1507 sed

263 1522 307 1556 ab
316 1521 454 1556 occultis
465 1521 611 1555 Nestorii
629 1522 836 1563 fautoribus,
865 1525 988 1558 Irenaeo
1011 1523 1152 1568 graviffi-

264 1570 318 1606 me
329 1569 578 1615 indignantibus
589 1595 600 1611 ,
626 1571 715 1614 quod
730 1572 788 1607 ista
802 1572 1034 1608 detrectatione
1044 1573 1152 1608 Sacras

266 1620 430 1664 Principis
452 1631 544 1654 aures
564 1620 640 1654 solis
658 1621 706 1654 sui
721 1621 845 1657 Amani
868 1623 1069 1658 Adversariis
1083 1635 1150 1666 per-

265 1671 410 1706 mitteret
420 1695 429 1702 .
457 1668 657 1704 Alii-volunt
669 1670 734 1704 fere
743 1671 936 1716 discerptum
950 1673 968 1707 ὲ
981 1673 1069 1708 fideli
1091 1673 1150 1707 Po·

265 1722 346 1765 pulo
358 1746 369 1762 ,
395 1719 524 1765 penitus
534 1722 697 1755 aversante
709 1719 902 1757 Nestorium
916 1748 923 1755 .
952 1724 996 1757 Et
1009 1722 1149 1758 fundant

264 1773 298 1806 fe
309 1773 344 1807 in
356 1771 444 1806 hisce
457 1769 610 1815 Epistolae
623 1771 727 1805 verbis
742 1785 753 1804 .·
779 1776 932 1807 Caeterum
954 1773 1155 1807 sanctitatem

267 1822 396 1863 vestram
406 1833 472 1866 rogo
481 1846 491 1861 ‚
517 1831 551 1854 ut
564 1824 660 1855 Deum
669 1823 846 1865 intentepro
857 1835 903 1857 me
912 1835 999 1857 orare
1012 1835 1070 1857 non
1077 1836 1150 1867 gra-

265 1882 375 1912 vetur,
402 1877 455 1914 qui
477 1872 553 1903 talia
559 1872 692 1912 pericula
711 1874 860 1913 perpeffus
867 1871 955 1915 sum,
981 1875 1016 1906 6·
1039 1879 1071 1904 in
1091 1885 1149 1904 ma-

259 1927 333 1969 gnis
354 1920 450 1954 adbuc
471 1918 690 1963 discriminibus
710 1919 744 1952 ob
755 1920 863 1962 illam,
889 1933 956 1964 quae
979 1928 1055 1955 vitae
1077 1933 1149 1956 meae

266 1971 445 2013 insidiatur,
471 1971 693 2002 multitudinem
704 1971 836 2011 quotidie
855 1971 974 2013 versor.
1004 1971 1147 2015 Respon-

266 2022 331 2056 deo
341 2031 408 2054 rem
421 2017 592 2052 manifeste
604 2018 689 2051 edici
702 2017 719 2050 ὲ
731 2017 885 2053 finalibus
906 2019 1060 2062 Epistolae
1083 2031 1150 2054 ver-

266 2071 317 2105 bis
337 2081 344 2101 :
372 2068 463 2109 Testis
483 2065 558 2100 mibi
577 2066 615 2107 est
637 2070 719 2101 Deus
742 2091 753 2108 ,
779 2069 852 2101 dum
871 2069 1090 2112 adjudicium
1111 2069 1149 2103 ab

267 2125 447 2163 Imperatore
472 2128 594 2153 vocarer
616 2142 628 2159 ,
665 2117 743 2151 nibil
763 2119 849 2152 aliud
878 2130 925 2153 me
956 2117 1148 2163 exspedlaffe,

269 2182 361 2215 quam
386 2179 420 2204 ut
441 2175 474 2203 in
481 2167 590 2210 fluetus
615 2174 709 2201 maris
727 2168 893 2210 abjicerer.
921 2170 1067 2204 Edicu'nt
1087 2170 1147 2205 Ire-

267 2232 375 2261 naeum
398 2232 467 2255 non
488 2218 533 2254 ob
553 2218 606 2252 sua
618 2241 630 2258 ,
657 2218 711 2254 scd
736 2217 784 2252 ob
798 2220 967 2254 evocantis
986 2217 1148 2264 Principis

267 2271 363 2306 verba
374 2270 466 2305 fiziffe
486 2268 774 2311 fere'diseerptum:
803 2269 884 2303 Non
896 2269 937 2303 ab
963 2270 1033 2313 ipso
1057 2270 1143 2304 Prin-

267 2323 362 2365 cipe,
388 2321 443 2355 sed
465 2321 483 2354 a
501 2320 556 2354 sua
580 2329 673 2363 prava
687 2318 884 2354 conscientia
911 2331 949 2354 ac
959 2319 1027 2364 ejus
1049 2329 1148 2356 terro-

268 2372 358 2408 ribus
384 2396 391 2403 .
418 2370 575 2405 Timebat
595 2371 613 2403 a
635 2369 722 2403 fideli
746 2368 875 2413 Populo
898 2370 1090 2415 praecipitari
1112 2372 1145 2405 iu

267 2421 413 2456 Pontum
427 2445 438 2461 ,
457 2421 486 2462 *fi
509 2432 568 2466 pto
590 2419 745 2454 Nestorio
771 2421 1008 2464 praesumpfiffet
1027 2431 1147 2455 certare

267 2473 304 2507 δε
323 2470 501 2516 congredi.
528 2470 622 2509 Hinc
646 2468 845 2505 mendaciter
856 2471 941 2512 dixit
964 2471 997 2505 se
1018 2482 1086 2505 non
1108 2470 1147 2505 ad

267 2522 366 2557 istum
389 2521 507 2555 venisse
535 2521 659 2559 finem,
685 2521 739 2554 sed
755 2522 815 2554 effe
839 2521 1018 2564 simplicem
1030 2520 1147 2555 littera·

268 2582 341 2606 rum
353 2571 505 2613 Bajulum
520 2594 527 2601 .
555 2571 689 2602 Interim
703 2570 750 2602 ob
762 2568 923 2614 Principis
936 2572 1146 2607 reverentiam

268 2619 472 2659 recantavit,
498 2619 532 2651 δε
555 2619 586 2650 se
598 2618 638 2649 ad
658 2616 889 2660 disputandum
912 2619 1076 2658 accinxit,
1102 2629 1149 2653 at-

268 2682 332 2718 que
351 2670 394 2703 ita
408 2669 488 2711 quod
507 2668 653 2700 decretum
667 2666 798 2707 fuerat,
824 2666 932 2710 absque
951 2669 1012 2701 ulla
1034 2669 1147 2700 cuncta-

271 2726 349 2753 tione
359 2721 525 2751 executioni
536 2717 714 2748 mandatum
725 2715 780 2756 est.
810 2716 938 2761 Nempe
959 2718 1083 2755 decreta
1095 2730 1145 2752 co-

269 2780 340 2805 ram
352 2768 503 2810 Principe
529 2766 563 2800 &
574 2764 640 2807 ejus
651 2765 808 2800 Palatinis
826 2766 1004 2810 disputatio
1017 2793 1025 2801 .

321 2818 366 2853 Et
378 2817 444 2862 ipsa
457 2819 576 2851 Irenaeo
589 2827 655 2848 non
670 2815 842 2850 infeliciter
854 2818 940 2850 cessit
952 2829 1009 2860 pro
1027 2827 1150 2862 ternpo-

273 2881 328 2904 re.
357 2867 490 2903 Etenim
513 2866 547 2899 in
571 2866 636 2909 ipsa
663 2865 761 2900 evicit
782 2867 861 2900 tria.
889 2866 1002 2901 Primo
1023 2892 1034 2908 ,
1060 2868 1148 2912 quod

271 2917 453 2964 Ephesmus
475 2917 687 2955 Conventus,
714 2915 748 2949 in
761 2926 828 2958 quo
840 2915 1013 2952 damnatus
1034 2918 1149 2952 Nesto-

274 2970 340 3003 rius
355 2994 365 3009 ‚
392 2980 460 3002 non
485 2967 570 3000 recto
590 2966 707 2999 ordine
724 2966 832 2999 fuisset
851 2966 869 2998 ὲ
883 2966 1013 3008 Cyrillo
1023 2979 1150 3002 convo-

273 3030 383 3053 catus.
409 3017 540 3060 Nempe
555 3015 600 3050 ob
619 3015 752 3059 Joannis
777 3015 1002 3056 Antiocheni,
1028 3018 1061 3051 δε
1076 3018 1148 3061 Epi-

240 3100 243 3102 ,
275 3069 447 3111 scoporum
459 3066 562 3111 ipffim
573 3066 802 3100 comitantium
815 3065 993 3100 absentiam
1004 3091 1011 3098 .
1033 3068 1150 3101 Secun-

277 3119 342 3158 do,
370 3118 458 3161 quod
479 3116 625 3158 Cyrillus
638 3117 671 3148 in
691 3115 938 3149 Nestoriicausa
951 3127 1018 3149 non
1033 3119 1148 3160 potuis-

276 3167 325 3200 set
337 3168 397 3200 effe
409 3166 511 3210 Judex
523 3191 533 3207 ,
542 3165 640 3209 longe
650 3166 758 3199 minus
769 3165 896 3209 synodi
911 3165 1028 3199 Praeses
1037 3190 1048 3205 ‚
1064 3166 1150 3201 ideo.

277 3226 341 3259 que
353 3216 410 3249 ista
421 3215 586 3250 Sententia
598 3215 674 3248 esset
696 3217 904 3249 Attentatum
919 3215 1149 3257 Non-Iudicis.

277 3266 411 3307 Nempe
434 3265 508 3306 quia
532 3267 634 3299 fuerat
655 3274 738 3298 unus
757 3262 985 3309 &judicandis
1017 3265 1149 3301 Etenim

279 3313 453 3350 Nestorius
479 3313 643 3357 Cyrillum
655 3324 722 3347 non
733 3314 942 3349 solummodo
953 3314 1127 3357 suspectum
1140 3340 1151 3356 ‚

277 3363 333 3400 fed
352 3375 412 3408 pro
438 3362 609 3397 manifesto
620 3363 712 3397 hoste
726 3362 864 3399 habebat
877 3379 888 3399 .·
915 3365 959 3399 Et
970 3365 1097 3408 insuper
1106 3361 1166 3405 ob}

280 3414 403 3455 &mosa
420 3409 598 3452 duodecim
620 3412 775 3459 Capitula
795 3413 898 3459 ipsum
916 3408 1166 3452 vociferabatur'

1226 668 1391 704 turbatione
1416 672 1626 704 &animorum
1637 673 1816 713 aegritudine
1835 674 1881 718 ad
1895 671 2106 715 propofitarum

1221 719 1412 765 quaestionum
1422 719 1616 764 discuffionem
1629 723 1706 755 ultro
1720 721 1850 765 sedata,
1875 733 2031 756 accurras.
2060 723 2105 758 Et

1224 768 1303 804 hinc
1316 770 1482 815 insigniter
1495 773 1583 806 lucet
1605 773 1752 815 suprema
1765 772 1910 807 Romani
1931 772 2104 808 Pontificis

1224 819 1255 851 in
1269 820 1493 855 convocandis
1518 833 1556 855 ac
1567 821 1960 867 dirigendisfgeneralibus
1981 824 2105 858 Conci-

1222 869 1273 903 liis
1285 868 1481 905 authoritas.
1507 870 1614 906 Lucet
1635 872 1724 915 quod
1744 872 1820 907 lieet
1834 873 1981 907 Romani
2002 873 2105 917 Impe-

1221 930 1340 955 ratores
1363 921 1436 964 ipsis
1458 921 1682 956 convocandis
1707 933 1744 956 ac
1761 922 1942 967 dirigendis
1962 924 1994 957 se
2017 922 2105 957 varie

1219 970 1407 1005 miscuerint
1433 996 1444 1012 ,
1469 972 1581 1007 omnis
1605 981 1713 1006 tamen
1741 971 1936 1007 Authoritas
1962 973 2059 1008 fuerit
2084 973 2104 1007 a

1220 1020 1376 1055 Romano
1402 1021 1585 1057 Pontifice.
1612 1022 1747 1056 Etenim
1771 1024 1924 1057 Sanssum
1937 1023 2103 1066 Cyrillum

1219 1069 1427 1106 Theodotius
1446 1072 1630 1117 Imperator
1652 1070 1817 1116 Ephefino
1829 1072 1987 1106 Concilio
2000 1072 2105 1108 adesse

1218 1118 1302 1160 juffit
1331 1131 1366 1154 ut
1393 1121 1483 1157 reum
1504 1146 1516 1163 ‚
1541 1122 1753 1165 judie-ndum
1777 1145 1789 1162 ‚
1813 1122 2018 1167 purgandum
2044 1134 2103 1159 aut

1219 1167 1466 1213 damnandum
1491 1180 1526 1204 at
1540 1169 1616 1205 veto
1626 1170 1810 1206 Celestinus
1825 1171 1983 1208 Pontifex
1995 1173 2100 1217 ipsum

1218 1218 1306 1252 dedit
1318 1219 1478 1255 Concilio
1490 1218 1655 1255 Praefidem
1670 1233 1683 1253 .-
1709 1219 1754 1255 Et
1766 1218 1861 1264 hujus
1871 1222 1972 1265 Juffio
1986 1233 2102 1258 contra

1219 1267 1312 1303 istam
1324 1269 1504 1312 pleniffirne
1517 1269 1662 1305 obtinuit
1672 1292 1680 1301 -
1707 1269 1844 1305 Irenaeus
1867 1271 1966 1306 tertio
1978 1273 2078 1307 evicit
2087 1296 2100 1313 ‚

1217 1317 1306 1363 quod
1326 1318 1473 1362 Cyrinus
1493 1331 1609 1355 contra
1631 1320 1832 1355 Candidiani
1844 1320 1989 1356 Comitis
2003 1323 2102 1357 Man-

1217 1368 1290 1402 data
1316 1368 1398 1402 nihil
1418 1371 1574 1412 potuiffet
1595 1370 1938 1416 Synodaliteragete,
1959 1372 2103 1415 ideoque

1217 1418 1305 1462 quod
1317 1419 1431 1452 omnia
1453 1418 1521 1461 ejus
1534 1418 1616 1452 Asta
1628 1421 1729 1453 effent
1748 1417 1870 1465 caduca
1882 1439 1884 1441 v
1896 1420 1931 1454 ἀ
1945 1421 2027 1455 vane
2041 1417 2104 1466 Alf-³

1217 1477 1340 1502 tentata
1356 1493 1363 1500 .
1389 1468 1567 1503 Praesertim
1593 1468 1765 1503 damnatio
1787 1468 1935 1504 Nestorii
1950 1494 1957 1502 .
1984 1471 2030 1505 Et
2055 1464 2103 1514 i'tja‘

1216 1517 1351 1552 allatum
1372 1519 1390 1553 a
1413 1517 1566 1555 Palladio
1589 1518 1809 1564 Magistriano
1832 1518 2010 1563 Decretum
2033 1524 2103 1566 erat

1219 1580 1284 1602 non
1307 1568 1477 1602 dumtaxat
1501 1567 1752 1610 confirmatum,
1778 1568 1833 1602 sed
1863 1569 2033 1615 insigniter
2056 1570 2104 1614 ejtss

1218 1620 1281 1652 iam
1304 1629 1491 1662 promotum
1510 1619 1550 1654 ad
1573 1619 1751 1667 ampliora.
1778 1619 1908 1665 Nempe
1929 1620 1969 1655 ad
1982 1615 2100 1655 Nesto-¹

1217 1668 1299 1701 rium
1325 1668 1524 1703 reddendum
1553 1668 1764 1712 Episcopatui
1790 1695 1796 1702 .
1832 1669 1953 1714 Liquet
1978 1682 2025 1705 est¹
2047 1670 2103 1706 his

1216 1718 1324 1753 Irenaei
1338 1718 1442 1753 verbis
1453 1731 1466 1753 :
1490 1719 1593 1759 Restat
1603 1729 1637 1753 ut
1649 1724 1789 1752 veritatis
1800 1718 1891 1760 hostes
1913 1719 1952 1753 ab
1962 1720 2099 1754 omnibus·

1215 1774 1358 1802 commum·
1368 1767 1500 1812 consensu
1513 1771 1718 1809 damnationis
1726 1767 1907 1812 sententiam
1907 1770 2037 1812 ferant,
2062 1773 2098 1805 65

1216 1818 1320 1859 vestrae
1346 1821 1476 1852 Pietatis
1490 1821 1654 1864 Judieium
1669 1819 1811 1862 probetur
1837 1822 1872 1854 ό·
1892 1821 2097 1862 confirmetur‚'

1218 1867 1345 1910 Plusque
1365 1871 1530 1909 Imperator
1551 1870 1729 1902 sectatorum
1740 1872 1878 1914 AEgyptii
1896 1869 2098 1912 depofitionem

1216 1919 1259 1950 ad
1270 1916 1411 1949 samiam
1423 1921 1480 1951 Dei
1499 1917 1656 1959 Ecclefiam
1681 1929 1773 1959 quam
1788 1925 1922 1960 primum
1945 1918 2100 1962 transmit·

1215 1976 1284 2007 tar,
1310 1975 1464 2009 tamquam
1487 1974 1586 2000 omnia
1610 1970 1758 2006 tyrannice
1782 1970 1817 2001 Θ
1836 1969 1986 2011 illegitime
2010 1971 2101 2008 Cyri!-

1215 2017 1283 2056 lus,
1309 2017 1343 2050 ό·
1363 2021 1414 2059 qui
1433 2026 1498 2049 eum
1517 2028 1549 2050 eo
1566 2015 1657 2059 sunt,
1681 2023 1942 2059 perpetraverint,
1969 2017 2100 2061 aliasque

1212 2074 1361 2107 praeterea
1376 2074 1484 2107 poenar
1505 2066 1540 2099 ob
1550 2064 1694 2111 commissa
1709 2066 1972 2110 fintpersoluturi.
2001 2068 2100 2103 Affir-

1216 2126 1282 2150 mat
1294 2113 1362 2149 duo
1385 2115 1494 2151 adhuc
1505 2116 1643 2159 pendere
1669 2128 1707 2153 ac
1719 2117 1851 2161 sperari.
1880 2117 2027 2152 Primum
2048 2118 2099 2153 est'

1214 2166 1425 2201 confirmatio
1447 2165 1691 2212 degradationis
1721 2178 1760 2202 ac
1780 2169 2098 2203 excommunicatio:

1216 2216 1289 2258 nis,
1315 2226 1452 2260 quarum
1477 2216 1618 2260 priorem
1638 2219 1672 2251 in
1694 2217 1861 2261 Cyrillum
1885 2229 1926 2252 ae
1944 2219 2098 2252 Memno·

1217 2277 1288 2301 nem
1305 2291 1316 2307 ,
1338 2265 1545 2310 posteriorem
1557 2266 1942 2312 JoannesAntiocbenus
1961 2268 2097 2302 latrave-

1216 2326 1262 2352 rat
1283 2317 1316 2350 in
1328 2328 1445 2351 omnes
1457 2318 1560 2352 totius
1583 2316 1942 2360 SynodiOrthodoxos
1965 2319 2097 2361 Episcoae

1215 2379 1290 2412 pos.
1318 2367 1503 2402 Secundum
1525 2378 1594 2403 erat
1617 2366 1737 2415 Cyrilli
1756 2367 1803 2401 ob
1822 2368 2030 2415 tyrannicam
2057 2378 2097 2402 ac

1218 2416 1368 2460 injustam
1407 2417 1552 2452 Nestorii
1596 2417 1846 2452 damnationem
1885 2417 2059 2461 castigatio
2079 2443 2091 2458 ,

1218 2466 1364 2510 adeoque
1388 2466 1423 2500 ἀ
1444 2466 1591 2501 Nestorii
1605 2466 1700 2510 plena
1718 2466 1898 2500 restitutio.
1926 2466 2096 2502 Caffinen-

1218 2518 1254 2550 fis
1265 2514 1382 2551 Codex
1403 2513 1502 2550 habet
1522 2514 1625 2560 longe
1636 2515 1725 2550 aliud
1737 2529 1745 2548 :
1773 2519 1824 2549 Ita
1835 2526 1869 2548 ut
1881 2526 1950 2549 mox
1965 2521 2094 2550 inimicis

1218 2571 1360 2600 veritatis
1377 2567 1559 2610 adjudicatio
1578 2567 1600 2596 ἆ
1620 2564 1733 2597 eundi:
1750 2563 1876 2607 consona
1896 2565 2068 2599 redderetur
2080 2590 2094 2607 ,

1216 2617 1250 2649 et
1269 2614 1482 2655 approbaretur
1507 2624 1542 2646 ae
1561 2611 1732 2652 firmaretur
1756 2612 1966 2656 Religiofitatis
1986 2614 2092 2654 vestrae

1209 2667 1242 2710 J
1243 2665 1370 2697 udicium
1381 2684 1392 2700 ‚
1416 2664 1450 2695 ὀ·
1464 2672 1528 2694 cum
1539 2663 1681 2705 AEgyptio
1695 2663 1815 2695 duorum
1835 2664 2013 2707 dirigeretur
2026 2675 2095 2696 con·

1216 2715 1364 2747 demnatt'o
1381 2717 1412 2744 in
1422 2711 1530 2744 §anda
1541 2713 1598 2744 Dei
1610 2711 1736 2753 Ec'clefia
1758 2712 1779 2743 d
1791 2713 1915 2752 Piiffimo
1925 2716 2067 2755 Principe
2078 2737 2090 2752 ,

1215 2773 1368 2805 tamquam
1394 2763 1544 2800 tyrannice
1563 2770 1652 2803 atque
1671 2762 1774 2795 illicite
1796 2761 1943 2806 universa
1959 2763 2092 2804 fecerint

1207 2813 1347 2855 fautores
1359 2814 1512 2856 AEgyptii.
1541 2814 1588 2844 Et
1598 2811 1685 2852 altit,
1715 2813 1855 2853 quomodo
1862 2813 1994 2854 probis,
2021 2825 2091 2857 quae

1212 2861 1438 2905 commiserunt,
1462 2862 1545 2905 digni
1568 2859 1705 2904 submitti
1723 2860 1901 2905 suppliciis.
1935 2864 2091 2897 Affirmat

1215 2913 1333 2957 ludicii
1346 2936 1357 2952 ,
1382 2911 1470 2952 quod
1484 2911 1624 2954 Joannes
1652 2911 1684 2944 in
1696 2910 1863 2954 Cyrillutn
1885 2923 1924 2946 ac
1936 2912 2090 2946 Memno·

1213 2974 1310 3004 nem,
1335 2971 1530 3002 omnemque
1545 2960 1717 3004 Synodum
1737 2959 1892 3002 dederat,
1919 2963 2091 2996 confirma·

1213 3013 1339 3048 tionem
1351 3021 1431 3045 tunc
1454 3022 1523 3045 non
1546 3011 1685 3055 amplius
1697 3012 1925 3054 pependiffein
1939 3013 2010 3055 spe,
2035 3011 2090 3045 sed

1212 3061 1353 3098 omnino
1365 3061 1458 3095 fuiffe
1470 3060 1580 3096 datam
1592 3086 1602 3102 ‚
1629 3072 1667 3095 ac
1680 3061 1842 3095 decretam
1866 3062 2023 3106 publicati
2035 3073 2091 3105 per

1213 3123 1328 3148 ornnes
1344 3111 1503 3146 Ecclefias
1518 3134 1527 3143 .
1554 3110 1648 3145 Hinc
1667 3111 1727 3145 fuit
1739 3111 1814 3145 finis
1834 3111 1870 3146 δε
1887 3113 2007 3147 fruetus
2026 3112 2095 3145 col·

1215 3162 1319 3206 loquii
1340 3162 1430 3195 istius
1449 3171 1486 3196 ac
1500 3160 1748 3205 disputationis.
1773 3161 1914 3198 Itenaeus
1924 3162 1988 3195 fuit
2006 3160 2091 3197 adeo

1214 3224 1328 3256 potens
1344 3212 1471 3246 Orator
1484 3236 1491 3243 .

1263 3264 1396 3298 Sanstus
1417 3260 1564 3305 Cyrillus
1587 3261 1621 3294 in
1650 3260 1712 3295 suis
1738 3260 1832 3295 rebus
1856 3262 1890 3294 δε
1913 3259 2005 3296 Astis
2027 3259 2092 3294 fuit

1213 3313 1314 3357 longe
1333 3312 1579 3346 attentiffimus.
1605 3311 1698 3344 Hinc
1721 3311 1853 3345 videtur
1872 3308 1967 3352 hujus
1988 3308 2091 3343 collo·

1214 3364 1283 3408 quii
1303 3361 1556 3395 infelicissimum
1582 3363 1758 3395 successum
1770 3359 1943 3402 praevidiffe
1962 3385 1969 3392 .
1996 3359 2090 3392 Hinc

1215 3413 1286 3458 post
1324 3412 1435 3447 Irenaei
1461 3410 1585 3450 abitum
1611 3407 2098 3506 Constantinopolimldirexie

1965 3468 2044 3492 oan-
