2320 3730
362 187 458 246 184

279 272 370 307 fibile
380 271 424 305 est
437 268 489 304 his
500 269 693 315 possibiliter
705 269 761 313 qui
772 268 918 315 diligunt
928 268 1047 301 discere
1060 288 1071 303 ,
1097 262 1166 297 sub·

281 323 384 356 tiliter
408 320 574 365 pervidere
592 347 599 353 .
633 322 723 368 Quia
753 321 867 354 dicens
887 317 950 351 Dei
973 317 1165 349 Sermonem

279 371 520 407 immutabilem
541 372 728 411 subsistere,
753 371 788 403 ὅ(
810 369 920 402 omnis
942 364 1162 409 insusceptibi-

277 422 344 457 lem
356 422 508 466 passionis
520 423 698 457 secundum
713 419 876 463 propriam
899 426 1049 450 naturam
1061 439 1073 455 ,
1098 418 1165 460 pas-

276 472 401 507 fionem
413 473 636 508 fraudulenter
647 469 873 505 cointroducit
884 492 895 508 ,
920 466 1035 500 dicens
1052 466 1163 501 Deum

276 522 426 558 Verbum
440 525 581 559 Carnem
607 524 729 556 factum
752 519 867 558 fuisse,
893 528 961 550 non
988 514 1064 550 vero
1086 517 1163 551 Car-

274 584 353 609 nem
375 574 587 617 assumpsisse.
615 573 696 606 Hoc
718 570 805 604 enim
825 569 859 600 in
884 566 963 600 totis
987 565 1049 600 fere
1068 568 1162 610 ponit

273 624 439 669 Capitulis
461 625 547 664 suis,
574 622 716 656 Carnem
739 619 851 653 Deum
872 615 1022 651 Verbum
1042 617 1162 663 ubique

271 675 393 713 fastum
404 674 515 710 dicens
529 698 539 713 ‚
567 681 730 714 tamquam
744 669 782 702 fit
793 667 868 702 ante
885 667 1158 712 dispensationem

270 725 410 772 quidem
430 723 631 767 impaffibilis
653 744 664 759 ,
691 717 762 762 post
783 717 1060 763 dispensationem
1081 720 1159 755 vero

269 774 449 819 passibilis.-
476 769 672 814 Perseipsum
690 779 856 813 namque,
881 769 1010 812 inquit,
1038 773 1158 814 impaffi-

268 824 338 857 bilis
348 847 359 863 ,
386 827 466 855 Caro
477 820 692 863 autemfaHus
704 829 738 854 ut
746 818 974 863 bomosustz'nult
983 821 1138 863 passionem
1150 847 1156 855 .

266 874 302 908 Si
326 872 403 907 vero*
423 872 588 906 confessus
608 870 705 905 fuerit
716 869 954 906 evidentiffime
973 871 1055 905 duas
1068 883 1157 908 natu·

266 935 316 959 ras
330 947 340 963 ‚
369 921 483 956 liberat
494 922 701 966 semetipsum
713 920 754 955 ab
765 920 917 955 haeretico
941 922 1034 955 sensu
1046 947 1054 955 .
1101 941 1103 943 -

314 972 483 1006 Scitenim
500 973 658 1007 Sanstitas
681 982 761 1013 tua,
789 972 871 1007 sicut
889 971 972 1006 olim
995 971 1077 1007 mihi
1101 985 1157 1017 per

262 1022 448 1065 Epistolam
459 1023 601 1067 scripsit,
630 1023 707 1065 quia
719 1023 751 1057 &
766 1023 801 1056 in
815 1023 925 1057 Roma
946 1035 1057 1058 coram
1080 1025 1155 1058 San-

262 1073 317 1106 &ae
339 1074 508 1108 memoriae
529 1073 697 1118 Episcopo
722 1074 869 1108 Damaso
885 1096 897 1113 ,
925 1074 1079 1116 praesente
1099 1084 1154 1107 tua

261 1124 442 1158 Sanetitate
451 1148 463 1165 ‚
491 1134 623 1158 motum
635 1124 680 1157 est
694 1122 735 1157 de
747 1121 851 1157 haerefi
866 1122 1087 1166 Apollinarii:
1111 1123 1155 1158 Et

259 1173 356 1208 nobis
366 1172 448 1208 duas
459 1184 590 1208 naturas
602 1173 840 1208 confitentibus
854 1196 865 1212 ,
891 1182 928 1207 ut
939 1182 1009 1207 non
1021 1173 1153 1208 Divini.

259 1226 321 1258 tati
337 1225 515 1267 paffionem
533 1224 716 1259 tribuamus
730 1248 740 1264 ‚
766 1222 922 1257 dicebant
937 1221 971 1257 hi
994 1224 1153 1267 quierant

259 1275 462 1318 Apollinarii
476 1300 486 1315 ,
498 1275 580 1310 duos
594 1287 654 1309 nos
664 1275 770 1309 dicere
781 1274 903 1308 Filios.
931 1274 1035 1320 Qod
1049 1274 1083 1308 &
1099 1274 1150 1308 isti

259 1325 384 1359 sursum
411 1338 450 1361 ac
460 1324 611 1360 deorsum
623 1325 796 1360 diffamant
807 1332 923 1359 contra
946 1334 1023 1358 nos.
1051 1323 1152 1359 Dicat

214 1384 229 1406 ,·
258 1375 362 1419 igitur
373 1401 384 1418 ‚
409 1376 486 1421 quia
499 1376 635 1417 cbristus
647 1383 778 1409 mortuus
791 1373 849 1415 est,
879 1375 978 1408 Filius
987 1374 1086 1417 passus
1101 1374 1150 1416 est,

214 1429 217 1430 ⁷
258 1429 437 1469 Unigenitus
451 1427 553 1470 paffus
580 1426 618 1466 est
635 1451 642 1458 .
670 1427 740 1461 Cur
767 1424 859 1460 addit
871 1449 881 1465 ‚
910 1424 1000 1468 quod
1027 1424 1153 1458 Verbum

259 1476 554 1519 Carnefitpaffum?
578 1476 730 1510 Homine
741 1475 905 1510 moriente
923 1474 1035 1508 anima
1058 1485 1154 1509 carne

258 1526 382 1569 patitur
394 1527 559 1560 mortem?
585 1524 621 1561 si
633 1525 708 1560 vero
722 1525 948 1569 blasphemum
963 1526 1007 1559 est
1020 1535 1075 1565 ,ut
1087 1524 1152 1560 hoc

258 1576 367 1610 anima
380 1578 464 1619 passa
478 1577 606 1610 dicatur
618 1588 715 1611 carne
727 1602 738 1617 ‚
765 1577 850 1610 ultra
863 1576 1068 1619 impietatem
1083 1587 1152 1610 om-

255 1636 333 1659 nem
346 1625 392 1660 est
404 1626 512 1660 dicere
525 1627 646 1661 Filium
657 1626 725 1661 Dei
737 1651 746 1666 ,
774 1626 826 1660 vel
837 1626 903 1659 Dei
915 1625 1065 1660 Verbum
1076 1650 1086 1667 ‚
1098 1627 1149 1660 vel

257 1675 491 1721 Unigenitum
503 1677 589 1711 circa
616 1677 821 1710 intellestum
832 1674 1056 1711 haereticorum
1083 1677 1152 1719 pas·

255 1728 327 1761 sum
336 1727 455 1762 Carne.
483 1727 520 1761 In
531 1727 669 1761 Divinis
679 1727 770 1761 enim
780 1726 954 1769 Scripturis
965 1727 1151 1770 reperimus,

255 1778 333 1821 quia
347 1778 483 1818 Christus
497 1786 631 1810 mortuus
640 1776 679 1816 est
692 1800 702 1816 ‚
731 1777 831 1809 Filius
845 1784 976 1810 mortuus
994 1776 1032 1818 est
1045 1801 1056 1817 ‚
1081 1779 1151 1809 Uni-

250 1833 375 1874 genitus
402 1836 538 1860 mortuus
563 1826 623 1867 est,
648 1825 774 1858 sanc‘lus
798 1833 933 1858 mortuus
957 1825 1013 1865 est,
1037 1826 1150 1870 Justus

255 1886 387 1912 mortuus
414 1902 421 1910 .
458 1877 522 1910 Hae
550 1886 690 1919 namque
719 1875 958 1920 appellationes
996 1876 1150 1909 universae

255 1930 409 1974 utrasque
423 1937 553 1962 naturas
566 1926 746 1961 ostendunt
758 1951 765 1958 .
794 1925 874 1959 Vox
886 1937 996 1960 autem
1010 1930 1067 1959 Dei
1080 1930 1151 1959 Ver-

254 1981 285 2013 bi
313 1989 412 2012 unam
429 1987 580 2011 naturam
598 1977 720 2020 signat.
748 1976 938 2010 Secundum
961 1987 1059 2019 quem
1083 1978 1150 2009 sen-

255 2030 327 2063 sum
342 2039 430 2062 nunc
456 2028 488 2060 ὃς
501 2026 624 2060 Filium
638 2025 722 2059 dixit
736 2024 769 2057 in
786 2025 932 2067 Epistola
957 2026 1064 2058 Carne
1085 2026 1150 2066 pas-

255 2081 351 2118 sum,
377 2089 414 2112 ut
425 2075 620 2122 significaret
644 2073 831 2118 Unigeniti
854 2074 1032 2117 passionem
1057 2073 1150 2107 Divi-

298 2139 364 2163 tate
381 2154 388 2160 .

257 2141 293 2164 ²³¹
309 2178 386 2215 Scio
398 2184 507 2212 autem
520 2187 573 2210 me
583 2174 624 2209 ab
640 2173 769 2217 Epheso
782 2173 974 2208 scribentem
1000 2171 1152 2208 direxisse

258 2240 321 2265 tuae
333 2226 504 2262 sanctitati
515 2224 751 2269 allegationem
762 2224 985 2257 Melitinenfis
1010 2223 1151 2263 Aeacii,

258 2281 316 2315 ubi
330 2281 466 2323 sequens
477 2275 598 2321 Cyrilli
611 2274 768 2318 Capitula
794 2275 830 2308 <Sc
842 2273 910 2317 ejus
932 2272 1131 2308 intellectum
1145 2298 1155 2314 ‚

260 2333 305 2366 sic
332 2332 367 2364 in
395 2328 523 2371 Scripto
549 2325 723 2369 deposuit:
756 2328 907 2359 Mentitus
933 2324 997 2364 est,
1024 2324 1156 2367 inquit,

260 2386 413 2416 Divinam
438 2382 623 2420 Scripturam
651 2374 801 2415 Nestorius
813 2399 824 2415 ,
853 2385 1000 2416 tanquam
1027 2378 1155 2407 Nativi-

260 2441 356 2467 tatem
369 2438 547 2471 mortemque
569 2438 627 2460 non
641 2429 827 2459 Divinitatt's·
840 2449 850 2464 ‚
873 2423 933 2467 sed
954 2424 1154 2457 humanitatis

260 2484 380 2518 edoceat
392 2505 399 2513 .
425 2480 637 2512 calumniatus
649 2475 686 2517 est
707 2477 740 2510 (⁹1¹
751 2475 964 2515 SanHiffimum
977 2477 1006 2505 E
1005 2472 1157 2517 piscopum

262 2533 404 2572 cyrillum
416 2554 427 2571 ,
455 2539 600 2571 tanquam
614 2531 711 2560 Deum
732 2525 893 2567 paffibilem
916 2527 1082 2557 dicentem.
1114 2525 1155 2558 Et

261 2581 421 2617 habemus
433 2589 543 2613 totum
560 2578 713 2610 Tomum
727 2574 814 2618 apud
827 2585 887 2607 nos
907 2574 948 2607 ad
969 2574 1156 2607 satisfactio-

262 2644 339 2668 nem
362 2643 422 2675 pro
446 2627 567 2663 salubri
580 2626 645 2660 fide
657 2624 751 2659 bonae
765 2623 1055 2667 hujusinstantiae.
1083 2623 1158 2657 Nos

261 2684 364 2728 igitur
375 2679 500 2714 nullam
512 2676 785 2712 communionem
807 2673 966 2708 habemus
985 2685 1061 2707 cum
1083 2674 1132 2706 his
1146 2698 1156 2713 ‚

262 2733 320 2777 qui
333 2731 410 2766 talia
422 2730 565 2764 docent.
593 2727 625 2760 Si
649 2725 726 2759 vero
739 2725 882 2769 potuerit
907 2723 1076 2758 ostendere
1102 2724 1158 2756 ali-

263 2784 337 2827 quis
350 2779 590 2816 Sanaiffimum
604 2777 805 2820 Episcopum
818 2775 1013 2809 Nestorium
1033 2784 1159 2809 contra·

263 2836 312 2869 ria
324 2829 498 2875 Prophetis
511 2853 522 2869 ,
548 2828 582 2862 δε
594 2826 763 2871 Apostolis
775 2850 786 2866 ,
813 2826 846 2860 δε
861 2824 1078 2869 Evangelissis
1104 2834 1159 2859 aut

267 2993 320 3020 cat
335 3008 346 3024 ,
372 2994 471 3027 quam
487 2981 601 3015 multis
613 2980 645 3013 in
659 2978 843 3012 Codicibus
854 2975 922 3018 ejus
947 2976 979 3009 δε
1003 2974 1161 3010 habemus

267 3035 300 3069 &
318 3034 457 3078 legimus
476 3058 482 3064 .
509 3030 613 3065 Nulla
626 3030 792 3063 necessitas
804 3025 926 3062 Christi
940 3026 1090 3068 potentia
1103 3037 1158 3069 pet

263 2881 397 2929 sapuisse
423 2890 478 2916 aut
490 2879 608 2923 sapere,
633 2877 858 2911 &dominam
880 2875 948 2918 ejus
974 2874 1163 2909 anathema-

265 2936 431 2972 tizamus,
458 2930 631 2973 &ipsum,
659 2928 765 2962 donec
778 2925 1026 2961 Orthodoxiam
1051 2923 1161 2969 praedi-

270 3084 365 3126 ipfius
392 3083 531 3127 gratiam
555 3080 717 3115 violenter
742 3080 822 3119 fiet,
849 3076 902 3111 sed
922 3077 1022 3120 parati
1051 3077 1159 3110 sumus

270 3134 383 3166 omnia
402 3133 579 3173 sustinere,
605 3141 642 3166 ut
670 3141 775 3174 neque
800 3127 893 3171 impii
921 3137 1026 3168 neque
1053 3127 1159 3171 iniqui

270 3182 383 3217 fimus.

586 3280 617 3303 ‚n-

572 3303 637 3362 2253

811 3280 846 3307 aas

795 3303 863 3362 ‘262‘

703 185 1039 232 VARIORUM
1074 182 1324 226 Paruum
1359 181 1691 243 Erus-roras,

1418 370 1916 418 ScH0L1oN.

1335 516 1405 551 AEc
1420 517 1568 562 Epistola
1588 518 1634 552 est
1647 515 1829 552 Alexandri
1845 518 2048 562 Rescriptum
2069 515 2111 551 ad

1359 569 1535 612 superiores
1557 568 1673 603 Aeacii
1696 568 1817 603 litteras
1830 593 1840 609 ,
1866 581 1935 614 quae
1948 571 2111 612 praefatam

1221 618 1328 652 Sansti
1340 618 1460 662 Cyrilli
1473 619 1656 663 Epistolam
1669 615 1920 663 comprobarant
1930 645 1940 661 ‚
1965 621 2113 656 transmi-

1222 668 1350 708 serant,
1376 672 1410 705 &
1428 670 1560 704 admitti
1577 670 1800 715 postularant,
1825 682 1863 704 ac
1884 671 1953 705 fieri
1977 680 2110 713 pacem.

1224 718 1265 752 Et
1287 729 1358 762 quae
1368 720 1598 755 Alexandrum
1619 721 1839 755 invitaverant
1865 721 1904 755 ad
1929 720 2112 755 Antioche-

1221 779 1296 802 nam
1319 769 1517 812 Synodum,
1542 773 1766 815 responsuram
1791 771 1940 814 Cyrillo.
1969 771 2112 805 Alexan-

1219 818 1275 853 der
1298 819 1400 864 igitur
1420 823 1533 856 omnia
1555 821 1737 865 improbat.
1766 820 1921 856 Affirmat
1942 821 2110 864 Cyrillum

1218 870 1280 904 esse
1302 872 1512 906 manifestum
1536 871 1807 916 Apollinaristam
1833 896 1843 912 ,
1880 871 2020 916 ideoque
2042 871 2111 914 ejus

1218 922 1494 957 communionem
1521 924 1584 957 esse
1611 922 1872 957 abominandum
1892 922 2110 966 contagium.

1219 970 1291 1005 Nec
1319 973 1418 1007 refert
1443 997 1455 1013 ,
1489 973 1582 1017 quod
1611 973 1646 1006 in
1674 973 1792 1007 litteris
1819 971 2111 1006 anathematizaret

1218 1020 1484 1063 Apollinarium.
1513 1024 1649 1057 Etenim
1672 1024 1819 1057 imitatur
1841 1024 1999 1067 quosdam
2020 1022 2111 1056 versi-

1218 1071 1320 1111 pelles
1346 1072 1492 1107 Arianos
1518 1097 1529 1112 ‚
1567 1074 1625 1116 qui
1648 1073 1724 1107 licet
1745 1072 1879 1106 credant
1909 1073 1944 1105 &
1969 1073 2110 1106 doceant

1218 1119 1329 1153 Deum
1351 1122 1502 1156 Verbum
1523 1123 1586 1156 esse
1595 1132 1796 1163 creaturam,
1823 1133 1892 1155 non
1916 1123 2111 1156 erubescunt

1219 1171 1310 1204 suum
1324 1170 1444 1206 Arium
1457 1170 1748 1206 anathematizare.
1776 1171 1965 1205 Alexander
1973 1172 2112 1205 affirmat

1218 1220 1337 1263 Cyrilli
1362 1222 1519 1266 Capitula
1536 1222 1705 1257 evidenter
1734 1221 1847 1256 foetere
1868 1232 1911 1255 ex
1938 1222 2112 1265 Apollina-

1216 1271 1266 1304 rio
1279 1295 1289 1310 ‚
1317 1271 1457 1316 ideoque
1468 1282 1543 1306 ante
1554 1283 1692 1306 omnem
1711 1272 1753 1307 de
1764 1283 1842 1315 pace
1854 1271 2036 1316 cogitatum
2047 1273 2111 1306 effe

1217 1319 1258 1355 ab
1288 1322 1360 1364 ipso
1394 1322 1704 1356 anathematizanda
1720 1347 1727 1353 .
1769 1322 1903 1356 Etenim
1927 1321 1980 1355 illa
2002 1323 2110 1365 palam

1217 1370 1446 1415 dogmatizant
1466 1371 1600 1406 unicam
1624 1370 1658 1404 in
1682 1370 1819 1405 Christo
1841 1372 1996 1405 Domino
2018 1381 2111 1405 natu—

1218 1432 1286 1454 ram
1301 1444 1312 1459 ,
1336 1423 1452 1465 utique
1466 1421 1568 1456 solam
1581 1421 1743 1455 Divinam
1757 1445 1767 1461 ,
1793 1432 1863 1465 quae
1882 1419 2062 1455 humanam
2072 1420 2109 1455 in

1218 1471 1248 1505 se
1271 1471 1470 1506 converterit
1487 1473 1522 1506 δε
1541 1471 1776 1515 absumpserit:
1807 1470 1850 1505 Et
1872 1471 1928 1514 ipsi
1948 1471 2111 1516 affignant

1216 1533 1332 1556 omnes
1344 1523 1502 1565 passiones
1512 1546 1524 1563 ,
1551 1522 1698 1565 &ipsam
1710 1522 1811 1556 etiam
1824 1531 1984 1563 mortem,
2012 1522 2111 1556 ideo·-

1217 1583 1279 1616 que
1295 1571 1520 1615 blasphemant
1541 1572 1635 1606 illam
1647 1573 1711 1606 esse
1727 1571 1921 1606 mutabilem
1939 1597 1950 1613 ‚
1979 1571 2113 1606 vertibi-

1215 1623 1302 1662 lem,
1331 1622 1512 1666 paffibilem
1524 1633 1585 1662 ,ac
1595 1621 1788 1655 mortalem.
1817 1622 1891 1655 Nec
1902 1629 2003 1655 unam
2016 1620 2110 1655 dum·

1215 1682 1308 1706 taxat
1328 1673 1544 1717 compositam
1566 1682 1718 1706 naturam
1736 1670 1871 1710 docuit,
1902 1669 1955 1705 sed
1976 1681 2110 1715 quares<

1215 1722 1341 1757 duabus
1365 1722 1403 1755 fit
1425 1733 1547 1756 unum.
1577 1721 1712 1765 Utique
1725 1731 1781 1765 per
1802 1721 2053 1755 conversionem
2070 1719 2110 1756 Be

1215 1772 1439 1807 confusionem
1452 1797 1459 1804 .
1487 1771 1595 1807 Addit
1618 1771 1686 1806 haec
1707 1773 1771 1807 esse
1792 1771 1964 1805 manifesta
1974 1770 2112 1806 cuilibet

1216 1822 1404 1866 inspicienti
1439 1822 1594 1866 Capitula
1617 1844 1629 1861 ,
1667 1831 1724 1856 aut
1759 1823 1877 1866 quaevis
1901 1822 1964 1856 alia
1987 1819 2111 1865 Cyriui

1214 1883 1311 1917 opera
1325 1896 1333 1905 .

1265 1922 1371 1972 Qod
1395 1922 1544 1966 Cyrillus
1565 1922 1700 1957 unicam
1722 1922 1757 1956 in
1780 1922 1935 1957 Domino
1959 1927 2111 1955 naturam

1214 1972 1354 2013 doceat,
1383 1972 1497 2016 probat
1509 1984 1551 2006 ex
1562 1973 1707 2007 secundo
1719 1972 1902 2015 Capitulo:
1928 1973 1959 2003 51¹
1969 1977 2040 2013 quis
2052 1981 2112 2003 non

1215 2021 1364 2061 confitetur
1388 2027 1446 2055 Det·
1471 2026 1578 2056 Patris
1590 2023 1716 2057 Verbum
1740 2027 1826 2069 carni
1842 2020 2003 2065 secundum
2026 2020 2112 2063 hypo-

1209 2069 1308 2111 stasim
1331 2076 1470 2110 unitum,
1501 2073 1642 2104 &unum
1665 2074 1786 2104 tantum
1809 2083 1870 2105 una
1881 2083 1947 2105 cum
1950 2069 2010 2113 sua
2019 2082 2109 2104 carne

1215 2121 1265 2163 effe
1278 2118 1429 2159 Chr-illum
1440 2143 1450 2158 ,
1478 2122 1603 2154 eundem
1615 2121 1756 2152 nimitum
1768 2125 1865 2156 Deum
1891 2123 1925 2154 ὢ·
1934 2120 2083 2153 bominem
2097 2143 2109 2160 ,
2135 2152 2139 2154 .

1214 2169 1375 2203 anathema
1378 2168 1434 2210 fit.
1464 2170 1507 2204 Et
1518 2181 1559 2203 ex
1582 2171 1762 2204 undecimo
1782 2169 1956 2211 Capitulo:
1984 2171 2018 2203 si
2037 2175 2108 2212 quis

1214 2218 1312 2263 ipsam
1324 2223 1444 2252 Domini
1454 2231 1573 2253 carnem
1583 2219 1739 2262 vivificam
1753 2243 1764 2260 ‚
1790 2217 1930 2263 ipsiusque
1940 2220 2110 2261 Verbipro-

1212 2274 1316 2311 priam
1329 2270 1380 2312 effe
1394 2275 1549 2314 negaverit
1562 2294 1572 2310 ,
1600 2269 1764 2303 anathema
1778 2269 1818 2313 fit
1829 2293 1838 2302 .
1867 2270 1918 2303 Ex
1929 2281 1970 2303 eo
1981 2294 1991 2310 ,
2018 2267 2109 2314 quod

1217 2320 1352 2355 Sand‘tus
1377 2320 1525 2364 Cyrillus
1549 2321 1659 2354 Deum
1686 2320 1831 2354 Verbum
1852 2320 1917 2353 una
1945 2330 2024 2352 cum
2053 2321 2109 2352 sua

1218 2381 1313 2404 carne
1333 2371 1455 2404 dixerit
1473 2372 1536 2404 esse
1558 2381 1661 2404 unum
1674 2370 1842 2404 Christum
1865 2371 1897 2404 in
1909 2381 2029 2414 genere
2042 2379 2110 2404 ma·
2140 2408 2144 2412 .

1219 2420 1346 2454 sculino
1361 2444 1371 2459 ‚
1399 2420 1590 2453 Alexander
1602 2419 1740 2453 credidit
1763 2422 1827 2453 dici
1840 2430 1946 2453 unum
1967 2420 1999 2452 in
2012 2429 2109 2463 geue·

1219 2482 1253 2504 re
1274 2478 1409 2504 neutro.
1439 2469 1577 2504 Pessime
1596 2495 1602 2501 .
1630 2469 1765 2504 Etenim
1787 2469 1877 2513 quod
1899 2468 1948 2503 hae
1970 2469 2111 2513 proposi-

1219 2521 1347 2560 tiones,
1375 2524 1451 2552 Duae
1476 2529 1595 2553 naturae
1603 2528 1658 2561 per
1669 2519 1873 2560 hypostaticam
1895 2525 2031 2553 unionem
2036 2518 2110 2562 sune

1219 2581 1296 2604 unus
1308 2594 1318 2610 ,
1348 2573 1426 2602 Duae
1447 2578 1568 2601 naturae
1583 2577 1639 2609 per
1659 2568 1744 2606 Istam
1757 2575 1893 2602 unionem
1910 2568 1984 2611 sunt
1994 2581 2108 2609 unum,

1220 2629 1293 2654 toto
1305 2619 1390 2652 coelo
1401 2617 1571 2655 differant,
1598 2618 1766 2661 insignirer
1787 2617 2009 2653 demonstrant
2031 2619 2109 2653 San-

1219 2670 1286 2702 Etus
1298 2667 1476 2712 Gregorius
1489 2667 1717 2702 Nazianzenus
1731 2668 1763 2700 in
1778 2668 1987 2708 variislocis‚
2015 2669 2109 2702 item-

1221 2730 1284 2764 que
1304 2718 1437 2752 Sandtus
1459 2716 1666 2761 Augustinus
1687 2743 1694 2750 .
1722 2717 1803 2752 Vox
1842 2722 1925 2752 Unus
1946 2720 2107 2762 personae,

1222 2781 1288 2803 vox
1324 2773 1420 2801 Unum
1449 2767 1606 2811 importat
1636 2768 1798 2802 unitatem
1819 2777 1941 2803 naturae
1965 2794 1972 2801 .
2002 2766 2107 2802 Aliud

1225 2818 1404 2853 Alexandri
1436 2827 1668 2862 argumentum
1699 2829 1767 2852 erat
1800 2842 1811 2858 ‚
1847 2819 1936 2862 quod
1958 2818 2106 2862 Cyrillus

1223 2871 1427 2913 adsumptam
1446 2880 1576 2902 carnem
1604 2869 1726 2903 dixerit
1748 2870 1811 2903 esse
1834 2869 2103 2910 Verbipropriam.

1223 2920 1458 2964 proprietatem
1479 2918 1618 2953 credidit
1639 2919 1708 2953 fieri
1731 2931 1798 2954 non
1821 2920 1909 2962 posse
1932 2943 1942 2958 ‚
1971 2919 2028 2951 nisi
2049 2930 2105 2962 per

1225 2970 1429 3005 identitatem
1449 2970 1760 3004 &conversionem.
1788 2969 1967 3012 Displicuit
1988 2966 2104 3002 &hirc

1225 3019 1386 3065 Capitulis
1405 3020 1554 3064 frequens
1577 3020 1757 3064 propositio
1777 3032 1785 3052 ε
1812 3022 1892 3053 Deus
1919 3019 2044 3052 verbum
2065 3018 2104 3058 est

1222 3082 1288 3105 caro
1300 3071 1423 3114 fabius.
1451 3071 1604 3106 Habetur
1624 3072 1659 3105 in
1681 3072 1800 3115 quinto
1820 3070 1982 3104 &ottavo
2005 3069 2103 3112 Capi-

1225 3124 1315 3158 tulo:
1344 3121 1387 3155 Et
1398 3121 1442 3155 est
1465 3122 1619 3155 omnium
1639 3122 1779 3156 aliorum
1803 3120 1890 3165 quasi
1910 3119 2104 3153 fundamen-

1223 3184 1310 3208 tum.
1335 3171 1520 3206 Alexander
1542 3173 1607 3206 dici
1623 3172 1747 3206 voluit:
1775 3176 1907 3204 Carnem
1921 3167 2103 3213 adsumpfit.

1224 3222 1499 3258 Hincconclusrt:
1527 3223 1652 3262 cyrillus
1673 3220 1782 3265 sparfit
1804 3226 1905 3255 carnis
1928 3226 2103 3260 nomenpro-

1218 3282 1287 3316 pter
1297 3278 1385 3306 unius
1397 3281 1514 3306 naturae
1535 3273 1729 3315 confeffionem
1739 3296 1746 3304 .
1774 3270 1924 3306 Credidit
1937 3269 2102 3314 Cyrillum

1222 3324 1331 3359 fludio
1352 3324 1397 3357 ita
1408 3323 1499 3367 loqui
1513 3349 1522 3364 ‚
1548 3323 1761 3359 acindoloso
1781 3321 1872 3355 sensu
1885 3317 2101 3365 Apollimrii.

1223 3375 1356 3412 Etenim
1392 3372 1604 3419 Apollinario
1637 3371 1696 3410 ista
1733 3371 1962 3454 Evangelistss
1985 3367 2103 3453 girba,

1956 3429 1988 3454 er
2025 3431 2055 3453 m
