2320 3730
579 200 907 256 Senotlis,
944 213 1009 243 ετ
1045 197 1235 244 Norxs
1273 211 1662 246 1·LLus'rRA·rAE.

218 281 423 333 manentium
435 295 443 316 :
471 282 504 318 Si
517 292 627 320 tamen
639 283 744 319 adhuc
756 284 877 330 aliquis
895 284 940 319 est
952 282 1081 319 relictus
1092 307 1100 316 .

218 335 309 371 Sicut
324 332 413 368 enim
436 333 534 370 video
546 359 556 375 ,
582 335 796 371 sacerdotum
819 334 928 371 nullus
953 333 1105 369 remansit

217 385 338 426 ubique
347 408 358 424 9
386 383 445 418 nisi
457 395 512 420 tua
523 386 682 422 Sanstitas
692 411 701 420 .
728 385 791 422 Sed
801 384 938 432 dignare
951 409 962 426 ‚
971 383 1079 429 quaeso
1095 408 1107 425 ,

217 435 251 469 &
261 444 320 478 pro
333 434 533 471 Humilitate
545 436 652 471 nostra
664 438 831 472 orationes
851 437 957 470 facere
971 435 1108 470 consue—

216 493 267 519 tas
275 508 288 525 ,
314 492 351 519 ut
361 485 463 531 digna
474 487 635 522 efficiatur
646 487 741 522 omni
751 512 764 529 ,
789 497 853 532 qua
875 485 1018 530 dignum
1040 485 1085 519 est
1097 506 1109 523 ι

215 534 385 580 voluptate
395 537 593 575 tentationes
605 538 735 573 sufferre
754 548 815 583 pro
828 535 963 572 Christo
975 560 983 568 .

217 645 401 692 Irenaeus
450 644 669 694 continuo
713 642 972 711 interposuit
989 678 1002 703 ‚
1038 643 1105 692 in-

288 714 443 780 quiens
471 732 552 782 pro
563 732 617 765 eo
633 715 712 783 qui
728 712 974 782 composuit
984 749 998 761 .

222 834 449 901 Sapienter
468 833 649 901 quidem
676 839 781 885 Deo
798 834 1016 885 Amabilis
1029 833 1106 882 iste

287 903 494 954 Sacerdos
505 905 746 974 Epistolam
765 907 992 956 intimavit
1004 904 1106 951 huic

289 991 452 1038 magno
474 978 674 1025 veritatis
699 976 893 1024 Athletae
919 1010 933 1022 .
969 976 1107 1023 Erant

289 1046 396 1091 vero
421 1046 545 1092 omni
574 1043 717 1093 verbo
742 1042 981 1114 superiores
1016 1049 1106 1111 ejus

288 1113 547 1162 meritorum
582 1112 748 1163 divitiae
780 1150 794 1175 ‚
842 1119 887 1164 δε
923 1117 1103 1183 pietatis

288 1181 546 1232 defiderium
580 1219 594 1231 .
629 1186 797 1234 Omnia
844 1187 963 1234 enim
1011 1203 1109 1253 quae

287 1251 509 1321 praesentis
546 1251 644 1303 sunt
683 1253 824 1304 saeculi
848 1293 862 1318 ,
899 1255 1107 1305 damnum

286 1322 473 1391 putabat
486 1360 500 1384 ‚
511 1339 560 1374 ut
573 1325 847 1377 lucrifaceret
861 1326 1083 1376 Christum
1096 1364 1109 1388 ‚

287 1398 410 1460 Juxta
433 1413 586 1446 vocem
611 1398 735 1445 Pauli
749 1397 977 1465 Apostoli,
1013 1415 1110 1446 orn-

288 1466 363 1514 nia
388 1465 650 1535 postponens
688 1468 896 1518 charitati
925 1505 938 1529 ,
974 1485 1112 1536 quam

289 1535 480 1586 habebat
492 1535 550 1586 ad
564 1542 711 1586 Deum
725 1574 738 1585 .
773 1537 903 1587 Unde
916 1538 1053 1605 usque
1069 1542 1114 1587 in

291 1603 423 1654 finem
451 1605 639 1672 perstitit
665 1609 966 1657 incommotus
994 1608 1113 1659 idem

294 1677 478 1742 pietatis
526 1679 830 1744 Propugnator
891 1682 1113 1744 egregius.-

298 1746 422 1813 Qin
447 1745 588 1795 immo
623 1749 753 1795 turris
788 1747 1115 1811 Adamantina,

296 1833 433 1882 quam
447 1831 580 1867 tantae
593 1819 833 1866 amicorum
847 1819 969 1867 fimul
983 1825 1025 1869 δε
1038 1821 1117 1869 ho-

297 1886 428 1935 stium
440 1886 678 1955 phalanges
699 1887 757 1936 ab
770 1887 875 1954 Jesu
901 1890 1116 1940 charitate

298 1954 493 2007 dividere
505 1958 750 2009 nullatenus
758 1961 992 2010 valuerunt
1006 1998 1020 2009 .
1034 1960 1117 2011 Sed

297 2045 411 2096 opus
425 2027 545 2079 estin
558 2032 648 2094 ejus
663 2029 862 2080 laudibus
877 2033 1115 2091 immorari,

296 2096 403 2146 dum
415 2099 550 2147 liceat
562 2115 614 2148 ex
627 2099 806 2161 litteris,
820 2116 918 2166 quae
931 2099 1116 2168 sequun-

297 2182 370 2217 tur
392 2203 406 2228 ‚
441 2166 660 2218 addiscere
686 2187 784 2236 quae
818 2169 966 2218 Pastor
1000 2172 1117 2236 Cyri

297 2235 607 2286 Theodoretus
629 2235 686 2285 ad
702 2238 1032 2286 Antiochenum
1045 2237 1118 2286 sua

297 2305 493 2376 Epistola
516 2305 778 2356 indicaverit
800 2343 814 2367 ,
861 2322 1116 2375 quantaque

297 2381 343 2426 δι
379 2375 471 2444 ipse
507 2394 608 2427 eum
645 2375 809 2444 semper
834 2380 1117 2428 veneratione

299 2446 510 2506 coluerit,
544 2449 625 2514 qui
649 2445 853 2496 adversus
877 2464 976 2496 eum
1009 2449 1117 2498 tales

300 2517 556 2566 inimicitias
568 2516 971 2584 exercebat.1nquit
985 2521 1116 2567 enirn.

299 2585 461 2644 Recolat
485 2586 679 2635 Sanilitas
703 2603 772 2635 tua
796 2593 855 2634 <9⁴
868 2587 940 2635 illa
966 2591 1087 2637 verba
1104 2626 1117 2650 ,

298 2673 380 2722 quae
397 2657 448 2705 ab
459 2675 504 2704 ea
517 2655 607 2704 olim
620 2655 724 2704 άὶἑῖα
736 2655 835 2722 simt
847 2659 947 2706 nobis
959 2694 973 2706 .
1009 2662 1117 2724 Qia

299 2730 508 2773 Dominum
527 2725 793 2775 Alexandrum
821 2746 940 2775 omnes
971 2735 1117 2796 pariter

289 2795 454 2862 ferimus
477 2799 537 2843 CV·
554 2812 776 2865 portamus,
812 2803 872 2845 <9⁴
885 2802 916 2847 εἱ
935 2798 1116 2868 importu-

299 2870 458 2915 nitatem
478 2866 682 2934 quamlibet
706 2867 836 2932 inftrri
857 2867 885 2917 ci
898 2888 1115 2937 quocumque

299 2938 534 3003 nonfim‘mus
547 2973 561 2987 .
598 2942 706 2987 Haec
718 2939 836 2987 enim
861 2942 977 2989 clara
1005 2957 1114 2990 voce

299 3005 359 3055 sic
381 3005 523 3058 dixit.
557 3008 640 3059 Iste
666 3007 832 3059 veroin
856 3009 940 3061 suis
955 3012 1113 3061 litteris

300 3074 449 3143 posuit
460 3113 475 3139 ,
508 3078 615 3128 ficut
629 3079 844 3130 continuo
855 3080 1110 3132 videbimus.

301 3150 600 3199 Veruntamen
622 3167 702 3199 nos
725 3168 815 3200 non
838 3169 891 3201 ex
907 3152 974 3202 his
996 3153 1110 3202 hunc

299 3218 500 3267 San6tum
515 3223 667 3269 Senem
683 3223 909 3283 miramur,
929 3241 1005 3291 per
1016 3241 1112 3290 quae

301 3303 400 3335 eum
413 3288 594 3356 quidam
618 3291 689 3341 vel
702 3290 845 3341 verbis
859 3294 929 3342 vel
954 3294 1110 3343 litteris

302 3356 590 3411 laudaverunt
613 3398 627 3423 ‚
664 3359 736 3410 sed
765 3378 818 3411 ex
848 3362 1110 3414 confidentia

1877 218 1936 263 23
1953 219 1974 263 3

1237 283 1354 332 circa
1382 286 1550 343 Deum,
1587 287 1720 351 &pro
1746 289 1931 340 veritate
1956 306 2047 339 cer-
2114 274 2121 283 Ἰ

1238 352 1499 416 taminibus,
1535 351 1644 422 ficut
1673 354 1772 423 ipsae
1801 367 1868 408 re's
1893 359 2046 427 praedi-

1240 440 1342 475 cant
1355 460 1368 473 .

1357 597 1864 646 Senot1on.

1173 739 1350 826 HAEc
1372 741 1519 786 Epistola
1540 744 1585 778 est
1605 744 1922 790 Mopsuestienfisac
1932 745 2057 781 facino-

1305 793 1362 826 rofi
1374 791 1503 828 Meletii
1515 818 1522 825 .
1546 794 1758 831 Demonstrat
1769 796 1876 840 ipsum
1888 796 1924 830 in
1936 796 2058 831 Cilicia

1171 840 1399 877 Alexandrum
1409 843 1443 876 in
1456 842 1661 887 Euphratesia
1671 845 1845 882 Provincia
1852 845 2001 882 mansisse
2011 846 2059 880 so·

1171 891 1241 925 lum
1265 902 1355 927 extra
1378 893 1527 928 Ecclesiae
1551 894 1836 932 Communionem
1856 897 1890 931 δε
1921 907 2056 940 pacem.

1170 940 1294 976 Christi
1316 943 1460 977 Domini
1480 943 1702 980 haereditatem
1715 971 1727 987 ‚
1753 958 1850 991 quam
1860 948 1953 982 Deus
1963 945 2059 981 Pater

1171 992 1314 1036 promisit
1326 993 1472 1026 futuram
1489 993 1507 1026 a
1520 995 1600 1028 mari
1613 995 1761 1040 usquead
1774 1008 1860 1032 mare
1870 1021 1881 1037 ,
1908 996 2058 1032 credide-

1170 1052 1247 1077 runt
1266 1043 1307 1078 ad
1319 1043 1349 1077 se
1367 1042 1456 1076 solos
1466 1042 1658 1078 decreviffe.
1685 1046 1860 1081 Horrenda
1870 1047 1991 1080 mentis
2002 1058 2061 1081 cae·

1171 1093 1252 1127 citas
1272 1119 1279 1126 .
1309 1093 1510 1128 Communis
1537 1093 1650 1137 paffim
1676 1093 1836 1128 omnibus
1868 1096 2059 1130 Haereticis.

1171 1142 1255 1189 Qae
1276 1142 1437 1188 quidquid
1458 1142 1537 1177 varii
1551 1142 1695 1178 dixerint
1712 1144 1755 1178 de
1767 1143 1866 1187 hujus
1880 1142 2063 1179 Alexandri

1173 1193 1417 1233 Sanffimmaia,
1443 1204 1505 1229 nec
1518 1193 1622 1234 solet,
1646 1204 1708 1229 nec
1718 1194 1824 1239 potest
1846 1196 1910 1230 effe
1920 1194 2065 1239 primurn

1174 1253 1361 1287 peccatum.

1328 1460 1370 1506 C
1381 1459 1426 1504 A
1440 1460 1476 1506 P
1492 1462 1538 1508 U
1552 1457 1594 1506 T
1630 1461 1861 1509 CLXXII.
1889 1469 2064 1508 ---260

1180 1596 1329 1649 Epzstola
1349 1602 1417 1638 Deo
1446 1596 1654 1651 Amz'cffmt'
1686 1597 1843 1650 Epzfiopi
1873 1598 2069 1638 Theodoreti

1293 1655 1339 1693 ad
1358 1660 1529 1706 Joannem
1548 1657 1823 1701 Antz‘ochenum,
1854 1653 1951 1706 caufiz

1381 1716 1449 1752 Deo
1470 1709 1678 1764 Amiczffimi
1708 1716 1739 1751 E
1736 1710 1866 1765 pifiopi

1524 1770 1736 1810 Alexandri.

1283 1882 1341 1916 On
1353 1892 1409 1926 per
1420 1880 1605 1926 neglestum
1617 1879 1730 1916 distuli
1753 1880 1796 1916 ad
1808 1889 1900 1916 tuam
1913 1880 2074 1917 Saniiita.

1309 1941 1376 1966 tem
1390 1932 1516 1967 litteras
1527 1931 1709 1973 destinare,
1735 1931 1790 1967 sed
1804 1933 1951 1967 nesciens
1979 1944 2071 1968 nunc

1178 1983 1280 2026 usque
1300 1982 1380 2026 quid
1402 1982 1594 2017 scriberem.
1620 1981 1661 2016 In
1689 1983 1748 2015 suo
1773 1982 1931 2024 siquidem
1954 1991 2071 2018 tenore

1178 2032 1354 2075 permansit
1377 2032 1547 2067 Dominus
1567 2043 1659 2066 meus
1679 2032 1914 2072 sanetiffimus,
1939 2030 1974 2064 &
1996 2031 2074 2067 Deo

1179 2079 1403 2115 Amiciffimus
1415 2081 1597 2125 Episcopus
1611 2080 1802 2115 Alexander
1815 2105 1827 2121 ,
1852 2080 1987 2116 credens
1996 2093 2072 2117 eum

1181 2132 1311 2165 summae
1320 2129 1526 2174 essejustitiae
1540 2155 1548 2163 .
1577 2131 1680 2175 Cujus
1689 2131 1735 2165 rei
1745 2131 1851 2176 gratia
1873 2142 1980 2174 neque
1993 2134 2073 2168 ami·

1181 2191 1238 2215 cos
1248 2182 1367 2215 affatus
1379 2205 1390 2220 ‚
1414 2191 1525 2223 neque
1536 2190 1645 2222 preces
1659 2179 1807 2213 admittit
1821 2204 1833 2219 ,
1856 2180 1909 2213 sed
1922 2183 2073 2227 Evange-

1182 2230 1320 2262 licorum
1354 2228 1636 2271 transgressionem
1666 2227 1906 2263 Mandatornm
1937 2229 2072 2274 deputat

1181 2277 1430 2321 dispensativam
1441 2275 1747 2313 condescensionem
1757 2301 1766 2310 .
1778 2278 1869 2328 Qia
1880 2279 1982 2324 igitur
1992 2292 2069 2316 eum

1181 2326 1293 2363 elatea
1307 2327 1493 2372 principio,
1517 2327 1690 2370 Domine,
1715 2328 1819 2369 nosti,
1847 2329 1902 2363 sed
1924 2331 2068 2366 &aliam

1183 2378 1338 2413 virtutem
1366 2379 1427 2412 viri
1450 2388 1602 2422 expertus
1633 2389 1668 2413 es
1687 2402 1700 2420 ‚
1726 2379 1833 2423 quaeso
1858 2381 2067 2417 Sanelitatem

1183 2438 1296 2469 tuam,
1322 2437 1358 2462 ut
1380 2428 1541 2471 patienter
1564 2438 1666 2474 agas,
1689 2429 1796 2463 &eos
1815 2430 1872 2473 qui
1895 2429 1925 2464 ei
1937 2441 2067 2467 tentant

1182 2478 1363 2522 importuni
1382 2480 1444 2513 esse
1466 2502 1478 2519 ‚
1503 2477 1677 2522 prohibeas
1707 2504 1714 2512 .
1739 2480 1820 2513 Hoc
1837 2480 1927 2514 enim
1952 2493 2065 2516 coram

1182 2529 1314 2563 veritate
1325 2528 1423 2569 dico,
1447 2528 1525 2571 quia
1544 2529 1651 2563 &tuae
1661 2530 1830 2564 Sanstitati
1851 2530 1951 2565 decus
1968 2531 2065 2575 pluri·

1181 2590 1272 2614 mum
1305 2577 1489 2622 providebit
1508 2601 1519 2617 ,
1546 2589 1609 2612 nec
1635 2590 1703 2613 non
1727 2579 1904 2615 laetificabit
1935 2582 2063 2625 ipsum,

1180 2630 1235 2671 qui
1251 2629 1374 2663 nullam
1387 2627 1652 2662 consolationem
1665 2629 1731 2663 ulla
1742 2627 1843 2664 habet
1854 2642 1894 2664 ex
1906 2641 1995 2674 parte
2006 2657 2013 2664 .

1231 2678 1304 2713 Nec
1315 2678 1405 2712 enim
1418 2677 1565 2722 colloqui
1579 2701 1590 2717 ,
1613 2689 1673 2712 nec
1684 2679 1820 2713 scribere
1840 2681 1961 2722 patitur
1973 2682 2063 2716 Dile-

1179 2728 1320 2763 &oribus
1332 2728 1413 2769 suis,
1428 2739 1489 2762 nec
1499 2727 1598 2763 abeis
1610 2729 1759 2772 excipere
1767 2729 1890 2764 litteras
1900 2744 1911 2764 .·
1926 2731 2065 2766 Unum-

1179 2790 1243 2823 que
1266 2790 1356 2812 nunc
1380 2777 1478 2812 habet
1497 2778 1732 2813 tantummodo
1752 2789 1867 2814 votum
1891 2804 1902 2820 ,
1927 2790 1964 2814 ut
1984 2793 2063 2824 qua-

1178 2839 1319 2874 cumque
1336 2829 1507 2863 occasione
1528 2829 1546 2862 a
1558 2840 1634 2863 cura
1648 2828 1820 2863 liberetur.
1848 2829 2061 2872 Consequens

1179 2879 1255 2914 vero
1279 2879 1325 2913 est
1340 2902 1352 2919 ‚
1378 2889 1414 2913 ut
1431 2878 1466 2912 ἀ
1488 2878 1675 2913 emolliatur
1696 2878 1853 2921 temporis
1872 2878 1995 2921 spatio.
2024 2881 2059 2915 Si

1177 2928 1254 2963 vero
1275 2929 1361 2964 idem
1384 2929 1452 2973 ipse
1471 2929 1643 2972 perstiterit
1666 2952 1676 2967 ,
1702 2938 1762 2962 nec
1785 2926 1865 2962 hinc
1888 2929 2061 2965 Sanstitati

1176 2988 1239 3014 tuae
1249 2979 1314 3014 ulla
1331 2980 1410 3013 laesio
1421 2979 1482 3013 erit
1494 3004 1504 3020 ‚
1531 2990 1591 3012 nec
1603 2977 1720 3016 nobis,
1746 2978 1898 3013 nostrove
1921 2979 1955 3012 in
1970 2992 2061 3015 com-

1175 3040 1276 3065 mune
1299 3029 1475 3075 Collegio.
1505 3028 1586 3075 Quae
1595 3028 1686 3062 enim
1708 3039 1763 3071 per
1773 3028 1839 3062 Dei
1852 3030 1991 3073 gratiam
2003 3029 2060 3065 do-

1174 3090 1227 3115 cet
1239 3105 1250 3122 ,
1262 3081 1336 3115 sunt
1348 3078 1545 3115 Orthodoxa
1557 3102 1568 3118 ,
1578 3078 1612 3113 &
1623 3078 1856 3113 convenientia
1866 3080 2060 3115 Ecclesiasti-

1173 3131 1328 3174 oaefidei‚·
1354 3128 1538 3174 perturbare
1552 3139 1662 3163 autem
1684 3138 1791 3172 neque
1815 3128 1920 3171 valet,
1950 3142 2059 3174 neque

1175 3181 1427 3217 tentaturusest.
1454 3178 1626 3226 Quoniam
1637 3179 1801 3214 silentium
1811 3187 1924 3223 tenet,
1945 3181 2060 3216 Eccle-

1174 3231 1223 3266 siae
1235 3242 1347 3277 pacem
1358 3232 1392 3266 in
1408 3229 1501 3264 nullo
1514 3229 1748 3264 contaminans
1760 3254 1767 3262 .
1794 3230 1828 3266 Si
1841 3230 1919 3265 vero
1940 3231 2058 3275 ejectus

1173 3281 1291 3324 fuerit,
1315 3281 1494 3327 cognoscet
1510 3280 1669 3315 Sanstitas
1692 3289 1748 3315 tua
1762 3304 1773 3321 ‚
1799 3279 1890 3325 quod
1909 3283 2055 3316 maxima

1175 3331 1343 3367 laefioinde
1354 3332 1526 3375 contingat
1540 3355 1547 3362 .
1574 3329 1697 3374 Aperte
1707 3330 1867 3376 siquidem
1886 3331 2001 3367 divisio
2012 3343 2053 3365 ex

1175 3380 1238 3417 hoc
1260 3381 1469 3419 Ecclesiastici
1482 3380 1637 3426 Corporis
1659 3383 1714 3417 fiet
1737 3380 2054 3423 Constantinopoli,

1922 3430 2004 3466 &in
