2320 3730
631 204 1043 258 Scnom1s‚er
1078 199 1272 247 Nous
1309 212 1700 245 ittusruarffl.

235 284 394 321 derinud
405 284 616 328 pertinaciam
629 309 637 319 .
665 288 715 322 Hi
729 289 818 323 enirn
833 290 926 330 sunt,
954 289 1010 333 qui
1032 287 1120 334 post<x

236 334 338 370 modo
362 334 397 368 in
423 335 490 379 ipsa
503 337 610 383 Regia
630 337 760 373 civitate
771 341 954 374 excitarunt
968 338 1118 383 publicos

232 393 359 418 motus.
389 386 470 420 Haec
496 389 634 433 vulgatae
647 391 869 427 translationis
892 389 1014 430 verba,
1040 388 1117 421 Mul·

233 442 296 466 tum
305 434 474 471 laboramus
486 439 723 473 adretinendum
733 452 780 475 eos
792 464 805 480 ,
829 441 904 474 sunt
923 439 1062 473 clariora
1081 437 1116 474 in

233 483 433 524 Caffinenfi:
460 490 562 523 Adeas
574 488 790 532 compefhendn
810 489 980 531 plurimum
1001 488 1120 532 labora-N

231 544 299 567 mus
313 560 320 567 .
349 534 513 583 Vulgatus
532 539 728 574 Translator
746 539 836 574 hunc
855 538 1014 572 Titulum
1034 536 1117 574 redi&

231 585 381 628 apposuit
392 588 561 631 Epistolae:
588 593 693 624 Altera
700 585 955 631 schsmaeticorum
965 587 1115 630 Epistola,

231 636 433 678 intempestive
441 641 480 674 de
488 640 818 685 vidorzagloriamlum
829 663 837 670 .
869 639 1004 674 Etenim
1019 637 1118 673 Divi-

232 695 274 718 na
297 686 466 723 Miseratio
498 689 699 724 illuminavit
724 688 913 732 Principem
935 713 946 729 ‚
983 698 1022 723 ut
1044 687 1115 732 post

230 736 384 777 quintam
403 738 771 785 partium-Audientiam
788 750 859 774 vera
883 739 1012 775 &resta
1030 738 1113 785 judi·

229 796 318 821 caret
330 811 337 819 .
512 803 515 805 >
528 809 540 814 v»

303 892 323 922 ‘t
366 919 369 922 ,

275 952 313 979 -zf

248 999 631 1114 sVCAPuT
702 1037 976 1098 xxvuL

222 1179 297 1229 Per
330 1179 454 1222 omnia
491 1181 570 1225 Deo
605 1172 855 1241 Amiciſjimis
888 1213 902 1236 ‚
946 1178 1007 1221 <9⁴
1039 1179 1118 1221 Sa*

294 1241 536 1310 cratiffz'm1’52
576 1261 688 1311 atque
722 1243 978 1309 Sanilzfft'mz‘s
1002 1249 1117 1291 Com-

294 1315 603 1378 minq‘stratoribus
628 1319 795 1376 hanni,
830 1317 999 1373 Joanm‘,
1036 1316 1116 1361 Hi..

293 1389 405 1432 merio
439 1422 452 1444 ‚
487 1385 608 1432 Paulo
641 1420 655 1444 ,
690 1390 877 1432 Macario
911 1420 925 1444 ,
974 1389 1116 1452 Aprin-

287 1459 354 1521 gio
386 1491 400 1514 ‚
438 1453 667 1504 Theodoreto
701 1491 716 1517 ‚
752 1453 889 1526 Episto
916 1459 947 1501 is
980 1454 1012 1515 ,’
1041 1459 1073 1501 S
1059 1474 1116 1519 y-

292 1522 407 1570 nodus
438 1559 453 1586 ‚
499 1540 578 1593 quae
612 1527 781 1572 convenit
815 1471 953 1595 Epgiaest
985 1561 999 1586 ,
1038 1530 1113 1572 Sa-

290 1592 434 1643 lutem.

310 1739 539 1787 Ognorcentes
561 1740 740 1777 certamina
760 1766 772 1784 ‚
810 1751 880 1787 quae
899 1740 918 1776 ὲ
943 1740 1038 1776 vobis
1058 1751 1113 1785 per

264 1800 274 1811 -·
324 1791 476 1836 ὲςιυιίαιι»
495 1790 562 1826 Dei
581 1803 639 1835 pro
658 1791 753 1827 Fidei
766 1792 887 1835 pietate
907 1793 981 1833 sunt
1000 1791 1111 1827 habita

221 1851 334 1875 coram
345 1840 470 1878 Christi
485 1841 607 1877 Amico
633 1852 729 1885 atque
741 1841 888 1876 Piiffimo
912 1843 1112 1885 Imperatore

222 1891 338 1925 nostro
359 1915 369 1931 ,
394 1891 623 1934 experimento
647 1891 867 1936 agnovimus,
892 1891 970 1934 quia
995 1891 1113 1925 Domi·

222 1951 286 1974 nus
296 1940 386 1983 Jesus
397 1939 546 1976 Christus
556 1942 625 1974 suas
639 1952 707 1975 non
719 1941 915 1986 derelinquit
928 1940 1087 1975 Ecclefias
1101 1964 1112 1981 ,

222 1989 268 2026 ita
279 1999 316 2023 ut
339 1990 376 2024 ὅ(
388 1989 486 2023 nobis
499 1988 709 2026 orthodoxis
720 1989 857 2035 dignam
870 1990 1029 2034 praestaret
1041 2000 1113 2034 gra-

220 2038 326 2080 tiam,
353 2039 388 2073 &
407 2039 549 2074 multam
573 2040 800 2075 confufionem
822 2049 939 2074 contra
956 2039 1111 2074 inimicos

220 2089 421 2130 effunderet,
447 2088 670 2132 &piiffimum
683 2089 871 2133 Principem
894 2088 1041 2123 nostrum
1065 2100 1110 2124 re-

197 2169 201 2172 .
220 2140 281 2173 ἅτ
297 2139 375 2174 fidei
399 2139 607 2174 Sanstiffimae
619 2138 770 2174 Ecclefiae
793 2139 944 2174 addicere
960 2151 1110 2184 praepara-

219 2199 288 2224 ret.
316 2189 360 2223 Et
371 2188 594 2231 confidimus,
623 2190 701 2233 quia
725 2189 1037 2234 &competentibus
1057 2189 1111 2223 Sa·
1163 2187 1167 2202 '

220 2239 431 2281 cerdotibus,
458 2237 580 2274 Christi
602 2238 722 2274 fiducia
740 2239 976 2275 dimicantibus
998 2238 1109 2280 vobis,

221 2289 255 2323 &
270 2288 416 2323 salvante
425 2288 581 2324 Domino
594 2289 803 2333 Imperatoris
815 2289 927 2324 nostri·
937 2289 1108 2335 piiffimam

219 2338 344 2380 vitam,
371 2339 545 2383 pacificum
566 2339 669 2373 finem
691 2340 827 2385 praesens
850 2340 1024 2386 negotium
1047 2339 1109 2375 sor-

219 2388 319 2422 tietur
345 2413 353 2420 .
375 2389 420 2422 Et
443 2388 512 2423 haec
533 2389 669 2432 quidem
687 2389 941 2434 depompabunt
959 2388 1106 2425 hareses.

221 2437 417 2480 Refulgebit
438 2437 574 2479 quidem
594 2439 701 2471 rursus
733 2448 787 2479 per
817 2439 983 2473 universas
1004 2439 1109 2472 totius

222 2485 347 2519 Mundi
359 2484 518 2520 Ecclefias
528 2485 721 2519 Sanstorum
733 2485 870 2520 Parrum
890 2486 970 2520 fides
984 2485 1109 2520 Ortho-

221 2535 309 2570 doxa
321 2559 328 2567 .
355 2534 488 2569 inimici
501 2534 580 2568 veto
604 2546 665 2568 nec
677 2536 798 2569 cessant
811 2547 900 2570 nunc
919 2537 1020 2580 usque
1030 2548 1109 2571 con-

220 2586 312 2619 sueta
321 2584 372 2618 nti
382 2583 580 2629 tyrannide,
606 2582 736 2627 edquod
750 2584 874 2618 nullam
894 2586 1050 2620 senserint
1060 2586 1110 2619 ul-

220 2635 352 2669 tionem
362 2659 371 2667 .
398 2633 539 2678 Ubique
549 2632 638 2667 enim
651 2644 708 2677 per
719 2633 877 2668 Ecclefias
897 2634 1021 2669 nostras
1036 2636 1109 2670 mit·

219 2694 329 2719 tentes
340 2684 571 2719 damnationes
582 2683 737 2725 illicitas,
763 2683 954 2727 perturbant
978 2684 1013 2719 ἀ
1034 2684 1108 2720 Cle·

220 2745 274 2770 ros
300 2736 332 2769 δε
344 2734 504 2777 Populos.

271 2784 516 2828 subscripsimus
526 2794 636 2819 autem
650 2785 682 2818 in
696 2784 778 2820 duas
787 2785 967 2820 uniformes
980 2785 1108 2829 Episto-

221 2834 292 2875 las,
320 2845 392 2879 quae
413 2835 432 2869 a
456 2834 560 2869 vestra
582 2834 756 2871 Sanctitate
777 2835 903 2870 directa:
925 2836 1020 2876 sunt,
1048 2846 1106 2879 pro

219 2883 340 2929 quibus
350 2894 459 2920 utvos
473 2887 577 2930 usque
589 2886 783 2930 sanguinem
806 2886 983 2930 quaesumns
993 2896 1101 2930 oppo-

218 2935 306 2970 natis
318 2960 330 2977 ‚
353 2945 467 2971 contra
476 2947 550 2970 eam
563 2959 574 2975 ‚
600 2946 672 2979 quae
693 2947 794 2981 nuper
814 2937 1018 2977 exsurrexit,
1045 2937 1104 2970 im-

220 2985 376 3027 pietatem
386 2996 445 3030 pro
465 2986 602 3020 veritate
621 2984 792 3022 bellantes.
818 2987 963 3022 Scientes
975 3011 986 3027 ‚
1013 2985 1103 3031 quod

222 3033 259 3067 in
269 3035 453 3070 Sanaitatis
469 3036 578 3071 vestrae
592 3037 766 3072 concordia
777 3047 1003 3081 permanentes
1015 3061 1026 3077 ,
1050 3048 1105 3080 ›pa-

220 3083 285 3116 nti
297 3083 404 3119 sumus
417 3087 502 3129 prius
514 3086 656 3122 animam
670 3087 815 3128 reddere,
824 3087 921 3132 quam
933 3086 1104 3132 quodlibet

221 3131 446 3170 haereticorum
464 3136 714 3182 Capitulotum,
740 3138 859 3182 Cyrilli
883 3137 1104 3173 Alexandrini

222 3183 381 3227 suscipere
391 3208 404 3217 .

273 3233 433 3277 Eaverd,
460 3246 531 3280 quae
542 3245 656 3272 contra
674 3239 841 3282 personam
854 3261 865 3278 ‚
889 3250 959 3283 quae
983 3236 1104 3282 injusti-

221 3283 302 3317 tiam
320 3286 481 3328 pettulit,
506 3287 587 3321 faeta
613 3287 684 3322 sunt
706 3312 716 3329 ,
741 3290 977 3334 cognoscentes
1001 3288 1103 3323 totius

221 3333 405 3378 obstuporis
412 3337 524 3372 sumus
534 3338 754 3373 taciturnitate
765 3340 906 3382 perculsi.
931 3339 1002 3385 Qi
1014 3339 1103 3373 enim

219 3383 525 3429 deposuerunteum
539 3411 551 3429 ,
576 3388 695 3432 iniplis
715 3388 823 3424 Gestis
844 3388 997 3424 haereticis
1009 3389 1103 3432 Capi-

1925 217 1987 259 93

1173 286 1241 320 tula
1253 285 1397 323 haeretica
1413 311 1423 327 ‚
1448 287 1527 321 ficut
1538 287 1639 321 nostis
1651 312 1662 328 ‚
1688 287 1822 324 Patrum
1836 290 1911 325 fidei
1925 290 2023 332 conju
2030 302 2063 323 n-

1175 348 1310 373 xerunt:
1337 338 1370 372 ὅ(
1391 349 1445 381 per
1467 335 1532 371 hoc
1556 338 1741 380 semetipsos
1775 339 1942 377 haereticos
1961 339 2063 374 deno-

1176 397 1278 422 tantes
1291 412 1302 430 ‚
1326 389 1359 425 ὃς
1370 388 1388 422 a
1405 388 1470 422 fide
1480 387 1606 424 alienos
1626 385 1827 423 O'rthodoxa
1840 414 1847 423 ‚
1878 389 2062 440 Qomodo

1176 438 1274 481 igitur
1285 463 1295 482 ,
1322 439 1427 483 quaeso
1440 463 1452 480 ‚
1479 437 1628 482 poffibile
1640 439 1685 473 est
1700 462 1710 479 ,
1737 446 1773 471 ut
1788 438 1828 474 ad
1841 450 1945 474 unum
1956 466 1966 481 ‚
1981 440 2063 474 dum

1176 489 1247 522 sunt
1260 490 1421 527 contraria
1433 513 1444 533 ‚
1471 488 1538 523 haec
1547 499 1683 536 utraque
1695 488 1897 525 conveniant
1914 490 1930 523 ἓ
1957 491 1994 525 ld
2004 491 2062 531 est,

1175 547 1210 571 ut
1232 539 1390 582 depositio
1410 538 1629 584 approbetur,
1655 539 1854 582 &Capitula
1871 538 2059 583 improben-

1175 598 1241 621 tur.
1271 590 1304 623 Si
1318 591 1407 624 enim
1421 591 1504 624 circa
1515 589 1764 625 damnationem
1778 589 1842 624 fide
1855 589 1930 623 sunt
1944 589 2062 633 digni,

1175 638 1208 671 δε
1219 638 1253 671 in
1267 636 1317 671 his
1329 664 1339 678 ,
1365 652 1435 684 quae
1448 642 1666 684 exposuerunt
1679 640 1780 674 iidem
1793 665 1804 681 ,
1831 637 1990 673 haereticis
2002 638 2064 673 Ca-

1176 688 1287 732 pitulis
1312 687 1376 722 fide
1390 702 1458 724 non
1483 688 1642 729 habentur
1654 690 1804 735 indigni.
1833 690 1867 725 Si
1881 688 1959 723 vero
1969 688 2064 723 haere-

1176 738 1259 773 ticos
1272 750 1328 773 eos
1339 740 1542 775 convincunt
1564 738 1628 775 esse
1637 740 1816 784 capitula,
1843 738 1885 774 ab
1906 737 2064 774 haereticis

1175 789 1275 822 etiam
1297 788 1454 830 depositio
1476 790 1554 824 faeta
1580 785 1626 825 est
1641 816 1649 823 .
1677 792 1760 826 Haec
1782 790 1931 826 adlocuti
1955 790 2065 824 sumus

1175 838 1275 872 etiam
1296 837 1484 881 Principem
1509 839 1652 874 nostrum
1677 840 1852 884 piiffimum
1867 864 1878 881 ‚
1904 840 1936 874 &
1959 840 2000 874 ad
2015 851 2066 873 ve-

1176 888 1272 922 stram
1282 888 1459 923 direximus
1470 887 1680 924 sanctitatem
1694 915 1705 931 ‚
1731 901 1768 925 ut
1790 891 1882 936 quod
1905 889 2000 927 vobis
2019 890 2066 924 vi-

1175 939 1245 973 sum
1258 939 1356 973 fuerit
1376 937 1540 984 ,peragatis
1552 962 1559 970 .
1974 957 1979 962 -
1992 965 1998 973 vr

1227 988 1423 1029 AEstuamus
1435 989 1527 1023 enim
1539 1012 1549 1028 ‚
1577 986 1668 1031 quod
1688 987 1792 1022 tristes
1811 990 1953 1025 dicimus
1967 1013 1978 1030 ‚
2005 1001 2065 1035 pro

1175 1039 1333 1079 veritate,
1358 1050 1397 1073 ne
1418 1039 1441 1072 fi
1464 1039 1677 1073 confirmetur
1697 1050 1767 1081 quae
1780 1036 1820 1071 ab
1840 1037 1998 1075 haereticis
2020 1040 2066 1075 est

1176 1091 1258 1125 faita
1270 1089 1409 1134 dejeffio
1437 1090 1472 1124 &
1484 1088 1638 1134 Capitula
1649 1087 1798 1123 haeretica
1823 1098 2066 1134 quamcumque

1175 1139 1350 1175 obtineant
1363 1140 1571 1174 firmitatem:
1603 1139 1646 1175 Et
1658 1139 1722 1173 alia
1732 1149 1802 1182 quae
1826 1137 1869 1172 ab
1883 1138 1930 1172 eis
1951 1150 2067 1174 contra

1177 1191 1300 1225 multos
1314 1190 1396 1225 fasta
1408 1191 1482 1225 sunt
1505 1190 1714 1229 Sacerdotes.
1743 1189 1828 1237 Qae
1849 1189 1966 1223 omnia
1986 1187 2066 1223 dum

1176 1241 1336 1278 Sanctitas
1348 1240 1449 1276 vestra
1462 1239 1660 1286 cognoverit
1669 1264 1681 1281 ,
1710 1239 1768 1274 illa
1779 1250 1853 1274 eam
1864 1237 2066 1273 confidimus

1175 1292 1238 1325 effe
1249 1292 1414 1331 acturam,
1440 1300 1496 1335 per
1518 1301 1589 1334 quoe
1613 1291 1648 1325 δε
1665 1290 1835 1330 universa,
1863 1300 1933 1332 quae
1953 1299 2068 1323 contra

1176 1351 1293 1374 omnes
1304 1340 1346 1375 ab
1357 1339 1515 1375 haereticis
1526 1342 1601 1375 sunt
1611 1342 1694 1375 fana
1709 1365 1720 1382 ,
1745 1341 1908 1376 cassentur
1918 1364 1930 1380 ,
1958 1339 1992 1373 id
2007 1339 2065 1379 est,

1177 1391 1242 1424 sive
1263 1390 1436 1426 damnatio
1450 1416 1461 1432 ‚
1486 1390 1552 1428 five
1573 1391 1901 1433 excommunicatio,
1927 1400 1983 1435 per
2009 1389 2070 1432 Sy·
2093 1414 2094 1419 ,

1178 1441 1313 1475 nodicas
1336 1441 1482 1482 litteras,
1511 1440 1764 1485 Imperialiaque
1786 1442 1928 1476 Decreta
1950 1465 1957 1472 .
1984 1439 2068 1473 Non

1178 1492 1306 1536 ignorat
1319 1491 1410 1526 enim
1423 1491 1635 1537 Religiofitas
1646 1492 1764 1532 vestra,
1790 1492 1880 1536 quod
1892 1488 2068 1524 habeamus

1177 1540 1347 1576 nobiscum
1368 1542 1551 1577 nonnullos
1564 1541 1765 1585 Episcopos,
1791 1541 1850 1584 qui
1881 1541 1913 1574 in
1927 1539 2068 1583 propriis

1175 1591 1399 1627 mansionibus
1420 1592 1480 1626 soli
1503 1591 1727 1625 remanserunt
1755 1615 1763 1623 .
1790 1590 1983 1624 Direximus
2009 1600 2062 1622 au-

1174 1651 1240 1677 tem
1262 1642 1437 1676 Sandtitati
1460 1641 1570 1676 vestrae
1593 1641 1627 1674 &
1650 1650 1723 1674 eam
1736 1664 1748 1683 ,
1772 1650 1843 1683 quae
1865 1649 1967 1682 nuper
1981 1639 2065 1672 fasta

1172 1690 1219 1725 est
1231 1714 1243 1731 ,
1268 1691 1576 1737 interpretationem
1589 1688 1817 1726 haereticorum
1829 1688 2066 1732 Capitulorum

1173 1740 1215 1775 ab
1239 1739 1471 1776 Alexandrino
1499 1739 1652 1783 Cyrillo,
1683 1738 1885 1782 impietatem
1910 1739 2000 1772 suam
2021 1748 2068 1772 et·

1173 1791 1240 1829 iam
1254 1802 1309 1834 per
1323 1791 1425 1835 ipsam
1436 1790 1589 1826 subtilius
1598 1789 1791 1828 ostendente
1804 1815 1811 1821 .
1839 1790 1932 1823 Sicut
1957 1798 2067 1822 autem

1174 1841 1310 1875 vestram
1332 1841 1522 1886 rogavimus
1541 1840 1754 1874 Sanctitatem
1766 1862 1778 1879 ‚
1802 1839 1988 1884 dignemini
2014 1837 2074 1886 ha-⁴

1173 1890 1248 1925 bere
1258 1901 1370 1924 curam
1383 1914 1394 1930 ‚
1420 1889 1580 1933 quatenus
1589 1888 1727 1922 celerius
1747 1888 1955 1923 dimittamur
1966 1913 1978 1930 ‚
2004 1898 2069 1921 ma-

1173 1938 1264 1976 xime
1272 1940 1349 1984 quia
1366 1948 1495 1984 ternpus
1517 1938 1672 1974 imminet
1689 1935 1819 1980 hyemis
1833 1963 1841 1971 .

1253 2084 1284 2112 1·
1313 2073 1763 2118 TranquillinusEpiscopus
1775 2071 1965 2109 Antiochiae
1975 2098 1986 2114 ‚
1997 2083 2068 2117 quae

1373 2124 1420 2159 est
1432 2123 1763 2169 PisidiaeMetropolis
1774 2149 1787 2166 ,
1814 2123 1997 2159 incolumes
2010 2136 2068 2159 vos

1373 2185 1467 2210 orare
1490 2187 1549 2219 pro
1570 2187 1624 2210 me
1645 2175 1800 2220 deprecor
1820 2175 1908 2220 apud
1933 2175 2067 2216 Deum,

1370 2225 1515 2260 Domini
1525 2226 1591 2260 mei
1602 2227 1714 2261 fratres
1724 2252 1732 2260 .

1243 2348 1303 2395 Et
1337 2346 1497 2414 reliqui
1531 2346 1727 2398 similiter
1772 2344 2032 2416 scripserunt
2063 2383 2074 2397 .

1309 2482 1486 2518 Helladius
1506 2484 1688 2529 Episcopus
1698 2485 1818 2521 Tharfi
1831 2510 1840 2518 .

1310 2533 1499 2569 Alexander
1523 2534 1704 2579 Episcopus
1716 2535 1886 2579 Apameae.
1926 2559 1938 2570 s

1276 2606 1283 2613 .
1310 2582 1460 2626 Julianus
1482 2584 1661 2627 Episcopus
1673 2583 1830 2624 Sardicae.

1307 2633 1461 2668 Bofforus
1487 2633 1668 2678 Episcopus
1682 2635 1910 2680 Gangrorum.

1310 2683 1425 2718 Petrus
1447 2682 1629 2728 Episcopus
1656 2684 1911 2729 Trajanopolis.

1310 2733 1418 2777 Cyrus
1432 2733 1612 2778 Episcopus
1623 2734 1712 2778 Tyri
1726 2760 1732 2767 .

1310 2783 1479 2818 Rabbulas
1491 2785 1671 2829 Episcopus
1687 2785 1865 2820 Edeffenus
1879 2811 1887 2819 .

1307 2833 1497 2869 Alexander
1519 2835 1701 2880 Episcopus
1718 2835 1991 2878 Hierapolitanus
2002 2861 2010 2869 .

1308 2883 1515 2919 Maximinus
1530 2885 1710 2930 Episcopus
1723 2885 1886 2920 Anazarbi
1898 2911 1905 2918 .

1249 2842 1279 2879 φ
1248 2743 1281 2818 905·
1247 2493 1282 2717 exte-⁴2⁶⁹?

1225 2891 1278 2917 10.

1224 2942 1242 2968 1
1251 2943 1277 2968 1.
1306 2934 1497 2970 Dorotheus
1508 2935 1687 2979 Episcopus
1698 2935 1960 2980 Marcianopolis
1973 2961 1980 2971 .

1225 2993 1278 3019 12·
1306 2984 1455 3022 Asterius
1469 2987 1649 3030 Episcopus
1671 2976 1833 3022 Arandae.
2073 3010 2232 3040 Exn-Nori-

1224 3043 1278 3081 13.
1306 3035 1442 3069 silbanus
1455 3036 1634 3081 Episcopus
1645 3037 1786 3080 Hypatae
1797 3062 1804 3069 .
2070 3047 2123 3078 fius
2160 3049 2232 3087 legit

1222 3094 1275 3129 14.
1303 3085 1475 3121 Dexianus
1498 3087 1678 3130 Episcopus
1691 3086 1857 3123 Seleuciae.
2071 3089 2221 3120 Pausanias

1221 3145 1274 3180 15.
1300 3136 1436 3170 Basilius
1452 3137 1630 3181 Episcopus
1642 3136 1769 3173 Larissae
1783 3134 1976 3174 Thessaliae.
2067 3135 2102 3159 θ’(
2111 3137 2166 3167 <³³9
2178 3139 2227 3165 ¹⁹0

1220 3184 1273 3220 16.
1301 3186 1479 3221 Eutherius
1499 3186 1681 3231 Episcopus
1707 3185 1949 3231 Thyanorum.

1222 3246 1274 3281 17.
1303 3236 1484 3271 Gerontius
1507 3237 1687 3282 Episcopus
1699 3237 1949 3283 Claudiopolis.

1218 3346 1273 3424 {g
1301 3386 1488 3423 Martianus
1497 3350 1831 3435 PEpisgopusaoAbrgrfi
1838 3365 1854 3423 ·.

1948 3447 2005 3475 21-
