2320 3730
47 629 131 666 Joan.
143 636 188 658 ιο.

47 668 150 700 Psalm.
160 677 205 697 η.

613 154 927 210 Senotns,
966 166 1032 196 ετ
1068 150 1258 198 Nous
1292 163 1702 201 strusz-nares.

226 243 263 278 ἀ
274 241 315 277 de
330 239 454 277 Divina
466 236 720 282 Dispensatione
737 239 820 273 olim
851 238 870 273 a
909 249 963 273 me
996 238 1112 282 scripta

228 295 326 331 sunt,
350 290 461 334 dirigo
475 289 584 323 vobis:
614 289 696 324 Non
713 300 749 324 ut
762 290 941 324 satietatem
964 289 1056 323 vobis
1069 290 1113 322 fa-

227 344 313 378 ciam
327 340 531 374 Divinorum
547 366 558 382 ‚
585 340 639 375 sed
659 350 696 375 ut
713 340 890 375 accendam
919 339 1114 374 defiderium

228 390 388 430 vestrum,
414 390 645 435 ardentiusque
667 391 833 436 perficiam
854 416 861 423 .
887 390 1010 424 Potens
1033 388 1113 423 vero

224 440 271 476 est
285 440 378 475 Deus
387 442 481 475 omni
497 452 554 475 vos
565 441 699 486 implere
711 440 866 484 sapientia
879 451 932 484 per
944 440 1112 482 Spiritum:

225 491 272 526 Et
281 490 370 534 quod
383 490 468 526 deest
479 503 520 526 ex
532 491 770 538 Magistro‘rum
787 488 1113 533 interpretationibus

221 540 423 585 adimplere,
450 550 488 576 ut
512 542 613 576 etiam
639 542 728 577 dicat
752 541 818 584 ipse
836 539 877 574 de
889 537 1005 574 vobis:
1031 542 1114 572 oves

225 602 300 626 meae
311 602 408 626 vocem
424 604 521 626 meam
530 594 677 633 audient,
700 588 875 635 &cognosco
895 602 948 624 eas
959 614 967 621 .
999 587 1043 623 Et
1056 600 1114 622 vos

224 641 255 676 ei
277 642 518 686 respondeatis:
545 646 690 678 Dommus
714 646 792 686 regit
810 651 856 674 me
882 641 917 675 et
939 638 1018 674 nihil
1040 638 1114 673 mibi

225 693 339 727 deerit.

414 797 912 843 Senotlon.

229 940 410 1028 HAEc
432 940 582 988 Epistola
604 941 732 978 videtur
741 942 859 987 scripta
872 940 944 986 post
954 937 1113 975 Theodo-

364 992 423 1027 reti
441 993 582 1027 reditum
597 1004 640 1027 ex
652 991 812 1038 Ephefina
823 992 960 1035 synodo
972 992 1005 1028 &
1015 988 1114 1025 Chal·

226 1043 399 1077 cedonenfi
422 1042 593 1087 colloquio
622 1041 665 1077 ad
698 1042 881 1086 Cyrensem
914 1041 1107 1077 Ecclefiam.

226 1091 310 1126 Non
327 1090 457 1125 modica
471 1091 837 1137 Constantinopolitani
857 1092 977 1136 Populi
989 1090 1113 1136 parsad

224 1141 333 1184 ipsum
374 1139 590 1176 Chalcedone
635 1143 894 1177 concionantem
929 1143 1115 1186 stequenter

224 1191 493 1232 transfretarunt,
520 1192 555 1226 ἀ
576 1192 645 1236 ejus
665 1193 855 1237 eloquentia
879 1204 917 1227 ac
927 1192 1115 1227 eruditione

226 1239 376 1275 delectati
394 1243 635 1284 permanserant
654 1243 739 1276 ultra
759 1243 883 1276 sextam
895 1242 963 1275 diei
975 1240 1092 1275 horam
1104 1264 1115 1280 ,

223 1292 282 1325 seu
295 1290 377 1324 ultra
389 1289 581 1333 meridiem,
606 1291 750 1326 mansuri
760 1291 861 1326 etiam
883 1289 1028 1331 diutius,
1055 1290 1114 1324 nisi

223 1340 304 1375 {olis
326 1341 417 1375 aeflus
437 1340 675 1384 prohibuisset.
704 1341 760 1374 Est
787 1342 823 1375 in
845 1340 1027 1385 Septembri
1039 1351 1114 1375 con-

224 1390 378 1425 cionatus
396 1415 404 1422 .
431 1391 578 1432 Ideoque
611 1390 690 1425 hinc
718 1390 876 1425 discimus
896 1415 908 1430 ‚
933 1389 1025 1434 quod
1052 1390 1115 1424 isto

225 1439 338 1475 adhuc
359 1440 472 1475 mense
495 1439 705 1475 Meridianus
727 1440 785 1475 Sol
794 1440 881 1485 apud
901 1439 1051 1476 Thraces
1060 1441 1118 1475 fer-

225 1490 325 1525 vidus
346 1500 386 1523 ac
407 1490 547 1524 nocivus
567 1515 574 1523 .
602 1489 841 1525 Theodoretus
868 1489 1118 1534 pertinacissime

224 1538 596 1578 defenditNestorium‚
621 1539 744 1574 affidue
765 1540 911 1574 clamans
921 1541 984 1575 effe
1010 1541 1116 1575 virum

224 1589 462 1636 innocentem,
488 1588 629 1634 ideoque
649 1589 784 1625 factiose
806 1590 842 1625 ἀ
858 1589 970 1634 inique
982 1590 1117 1633 aCyril-

223 1639 261 1675 lo
284 1650 323 1674 ac
346 1639 414 1682 ejus
424 1639 563 1681 synodo
574 1640 791 1677 damnatum.
818 1639 985 1675 Clamarat
998 1639 1116 1675 Nesto·

224 1690 311 1725 rium
332 1689 419 1734 apud
441 1690 556 1724 Deum
571 1701 760 1734 permanere
774 1692 899 1732 {verum
910 1690 1023 1736 Regiae
1039 1691 1116 1725 civi-

224 1740 302 1774 tatis
323 1739 525 1784 Episcopum
538 1765 550 1781 ,
577 1741 717 1784 ideoque
741 1742 810 1775 suas
821 1741 862 1775 ad
881 1740 1047 1784 Populum
1061 1752 1115 1775 vo-

225 1802 281 1825 ces
292 1801 361 1824 non
376 1791 438 1826 elIe
449 1791 507 1824 nifi
520 1791 587 1824 veri
601 1792 691 1826 istius
703 1790 842 1825 Pastoris
854 1791 990 1825 vicarias
1001 1816 1008 1823 .
1036 1791 1117 1834 Ejus

225 1840 413 1886 Exegeses,
440 1840 628 1884 Epistola,
653 1842 782 1884 aliaque
806 1839 932 1882 Scripta
954 1865 965 1881 ,
992 1841 1027 1873 in
1048 1841 1115 1882 qui-

228 1888 290 1923 bus
313 1890 408 1923 suum
432 1890 519 1923 virus
541 1891 649 1933 palam
662 1900 850 1928 vomuerat,
875 1889 1118 1932 &quaeRomae

228 1938 416 1974 Celestinus
438 1939 528 1983 Papa
547 1964 558 1979 ,
585 1951 622 1973 ac
647 1939 764 1982 Ephefi
795 1939 942 1975 unitersa
966 1939 1118 1982 synodus

226 1987 418 2029 horruerat,
444 1989 478 2022 &
489 1998 620 2032 propter
630 1989 697 2032 ipsa
717 2000 794 2023 eum
811 1988 1026 2034 degradarat,
1052 1990 1119 2023 fue·

227 2049 278 2074 rat
299 2039 496 2082 protestatus
514 2039 582 2073 esse·
600 2039 704 2083 spuria
717 2039 751 2073 &
768 2039 972 2077 calumniosa
983 2039 1118 2082 figmen-

227 2099 280 2124 ta.
309 2088 530 2133 Nequaquam
555 2090 618 2122 effe
637 2088 804 2123 Nestorii.
833 2089 877 2122 Et
889 2087 1038 2131 Populus
1049 2097 1119 2121 tan·

226 2148 264 2174 to
278 2139 445 2184 Episcopo
466 2137 666 2174 crediderat.
694 2137 820 2172 Verum
832 2139 904 2182 post
915 2137 983 2181 ejus
993 2136 1120 2172 abitum

226 2200 335 2224 novus
356 2189 471 2234 Regiae
491 2189 635 2224 civitatis
661 2188 843 2232 Episcopus
863 2187 1094 2223 Maximianus
1111 2212 1121 2227 ,

227 2239 305 2273 licet
327 2251 397 2273 non
419 2238 546 2274 summe
566 2237 680 2273 doetus
692 2237 897 2273 Orthodoxae
915 2248 1029 2273 tamen
1039 2237 1116 2272 fidei

227 2300 268 2324 ac
291 2289 379 2331 pacis
399 2289 470 2322 zelo
482 2289 618 2332 plenus,
643 2298 724 2323 mox
734 2288 878 2332 explevit
891 2313 903 2330 ,
927 2289 1036 2323 immo
1047 2299 1121 2331 prau-

228 2341 322 2374 venit
342 2337 542 2374 SanCtiffima
571 2338 734 2374 Mandata
768 2338 891 2383 praefati
921 2338 1119 2375 Pontificis:

231 2392 385 2432 congrega
391 2387 511 2431 sparsos
524 2413 535 2428 ‚
558 2394 700 2431 piumque
711 2394 846 2422 animum
857 2413 868 2428 ,
895 2390 1012 2430 qualem
1026 2399 1055 2422 te
1066 2388 1120 2421 ba·

233 2438 301 2470 bere
325 2442 463 2470 novimus
475 2460 486 2475 ‚
512 2442 545 2469 in
563 2448 633 2477 eos,
659 2448 730 2479 quos
755 2437 951 2470 Perturbatu-
967 2439 1119 2478 diffipave·

235 2495 286 2519 rat
299 2510 310 2527 ,
336 2496 453 2520 exerce.
481 2489 638 2530 congrega
658 2486 783 2528 Populot
804 2494 870 2519 tuos
879 2487 923 2518 ad
935 2489 1046 2519 Matris
1055 2485 1120 2529 suae

234 2536 326 2570 ubera
338 2549 349 2569 .·
374 2539 494 2569 Revoca
507 2559 517 2576 ,
541 2547 614 2577 quos
633 2540 749 2570 invitos
773 2541 883 2570 veneni
891 2534 997 2579 sapore
1009 2534 1120 2575 abstra-

234 2594 323 2620 xerat
345 2590 482 2617 inimicus
494 2608 502 2617 .
530 2583 684 2626 confirma
705 2590 738 2617 in
751 2584 837 2627 fide,
863 2596 935 2627 quos
945 2586 1062 2619 videris
1075 2590 1121 2620 in-

230 2635 314 2678 sidiis
324 2641 473 2677 appetitos
484 2659 492 2666 .
520 2639 603 2669 Cura
616 2658 627 2675 ,
652 2645 726 2677 quos
743 2633 911 2678 inspexeris
922 2636 1099 2669 vulneratos
1111 2662 1118 2669 .

233 2689 364 2720 Remove
381 2709 392 2726 ‚
417 2690 470 2727 qul
489 2693 547 2718 non
567 2689 713 2727 recipiunt
733 2685 912 2719 medicinam
935 2709 943 2717 .
971 2685 1120 2720 Demon-

233 2736 346 2770 stravit
364 2736 478 2769 omnia
501 2735 560 2770 ista
581 2735 709 2780 Scripta
727 2735 792 2770 effe
813 2735 959 2780 genuina
973 2735 1118 2771 Nestorii

233 2797 332 2829 opera
345 2810 355 2826 ‚
382 2785 523 2828 ideoque
546 2785 652 2828 ipsum
676 2786 767 2820 fuisse
777 2797 810 2820 re
824 2785 896 2820 vera
907 2783 1095 2823 haereticum
1108 2812 1119 2828 ‚

234 2834 450 2884 acjustiffitne
458 2835 669 2869 damnatum.
696 2836 741 2870 Et
760 2836 995 2880 consequenter
1015 2837 1048 2871 se
1057 2838 1120 2872 effe

233 2885 422 2931 legitimum
451 2885 668 2929 Episcopum.
695 2885 744 2921 Ita
762 2897 901 2922 omnem
921 2885 989 2923 fere
1011 2886 1120 2930 Popu-

232 2936 303 2970 lum
326 2936 344 2970 ὲ
365 2935 510 2970 Nestorii
531 2935 724 2971 patrocinio
742 2937 876 2972 retraxit
902 2937 944 2972 ad
954 2938 1045 2973 suam
1057 2939 1120 2972 Or-

233 2984 420 3022 thodoxam
452 2986 725 3021 communionem
745 3012 753 3020 .
792 2987 867 3022 Nec
894 2986 1033 3023 dubium
1053 2988 1121 3029 est,

233 3035 316 3078 quin
330 3036 432 3079 ipsum
451 3036 586 3070 Sanetus
596 3035 754 3078 Procius,
779 3046 859 3073 tunc
871 3037 1119 3073 vacantivus-E-

1900 170 1994 217 127

1225 233 1329 270 Porro
1353 235 1466 280 Regiae
1490 235 1635 270 civitatis
1663 237 1811 282 Populus
1840 238 2062 276 admirabatur

1179 284 1242 320 haec
1265 286 1377 321 omnia
1395 311 1403 319 .
1434 286 1478 320 Et
1499 286 1576 330 quia
1604 285 1859 325 Theodoretum
1881 290 2063 336 diligebat,

1178 335 1217 370 ad
1228 336 1331 380 ipsum
1342 337 1452 372 retulit
1464 350 1475 370 .-
1501 335 1671 370 Dubitans
1683 338 1717 372 ὅ(
1728 349 1871 383 quaerens
1892 353 1934 376 an
1947 343 2062 385 &ipse

1179 388 1328 430 probaret
1346 387 1403 421 ista
1426 385 1607 431 dogmata?
1633 385 1745 420 Immo
1768 388 1877 431 potius
1896 402 2038 434 quaerens
2050 416 2062 433 ,

1179 448 1220 471 an
1244 438 1357 483 &ipse
1366 437 1429 481 jam
1451 437 1611 472 didicisset
1634 436 1692 471 ista
1704 435 1854 471 haeretica
1866 439 2064 485 Conscripta

1177 488 1240 522 effe
1251 499 1406 534 germana
1415 489 1562 523 Nestorii
1574 488 1723 533 germina
1734 511 1746 528 ‚
1773 487 1914 531 ideoque
1926 490 1961 524 ἀ
1973 492 2040 532 ipse
2050 516 2063 532 ,

1181 538 1350 582 Ephesinis
1364 539 1516 574 *Decretis
1529 539 1737 583 acquiescens
1747 563 1759 580 ,
1786 549 1863 573 eum
1875 538 2064 576 anathema-

1180 589 1313 623 tizaret?
1341 590 1384 626 Et
1396 589 1461 633 ipse
1472 589 1626 633 rescripsit
1647 587 1734 623 hanc
1745 587 1949 633 Epistulam.
1976 591 2065 634 Ope-

1179 638 1250 672 rose
1273 640 1303 672 se
1324 649 1484 685 expurgat
1506 640 1547 674 de
1557 638 1661 677 haerefi
1678 653 1690 673 .-
1715 637 1931 674 Demonstrat
1943 640 1974 673 se
1987 641 2065 674 sem-

1179 698 1234 730 per
1253 689 1286 722 &
1303 687 1346 722 de
1364 690 1592 726 Sacro-Sansta
1601 690 1795 732 Trinitate,
1822 690 1910 725 &de
1929 690 2067 725 adoran-

1179 737 1224 772 do
1234 737 1426 772 Dominicae
1446 740 1687 775 Incarnationis
1708 741 1923 776 Sacramento
1939 739 2067 776 Ortho-

1180 787 1266 821 doxa
1281 788 1423 823 senfiffe,
1449 789 1529 822 Hoc
1539 789 1741 825 demonstrat
1763 802 1807 826 ex
1827 790 1891 824 suis
1903 790 2066 834 prioribus

1180 837 1333 882 Scriptis:
1362 838 1406 872 Et
1427 837 1569 881 vulgatis
1590 841 1624 873 ὃς
1638 840 1814 886 vulgandis
1829 867 1836 874 .
1863 839 2066 876 protestatur

1180 889 1212 922 se
1238 888 1272 922 in
1301 888 1367 923 illis
1393 888 1541 923 docuisse
1568 888 1755 925 Dominum
1781 891 1930 927 nostrum
1955 891 2066 937 Jesum

1179 936 1352 973 Christum
1375 939 1439 973 effe
1467 947 1674 981 nequaquam
1700 939 1783 973 duos
1807 966 1818 982 ,
1844 941 1898 976 sed
1922 940 2068 976 omnino

1178 988 1316 1023 unicum
1338 987 1463 1022 Filium
1477 1013 1488 1029 ,
1515 989 1651 1023 unicam
1678 986 1891 1032 Hypostafim
1909 992 1942 1026 δι
1963 992 2068 1036 perso-

1179 1049 1255 1074 nam
1277 1064 1289 1081 ,
1314 1038 1457 1082 ideoque
1483 1039 1515 1073 se
1535 1039 1630 1073 fuine
1654 1038 1780 1081 semper
1803 1037 2031 1076 alieniffimum
2048 1041 2068 1076 ὲ

1179 1087 1370 1134 blasphemo
1391 1099 1500 1124 errore
1523 1112 1535 1130 ‚
1560 1099 1660 1133 quem
1681 1086 1794 1122 omnis
1816 1097 1897 1122 tunc
1919 1089 2070 1128 Mundus

1181 1139 1374 1185 imponebat
1395 1139 1555 1174 Nestor-io
1578 1165 1585 1171 .
1612 1138 1718 1172 Hunc
1740 1147 1851 1172 tamen
1871 1148 1944 1172 non
1964 1141 2072 1174 nomi-

1179 1201 1236 1225 nat
1255 1215 1263 1224 .
1303 1190 1378 1225 Nec
1406 1189 1606 1233 Ephesmam
1635 1187 1809 1232 Synodurn
1836 1213 1844 1221 .
1871 1187 1948 1222 Nec
1973 1188 2071 1224 istum

1177 1241 1314 1276 damnat
1333 1266 1340 1273 .
1369 1240 1444 1274 Nec
1467 1239 1582 1284 probat
1605 1239 1864 1274 Ordinationem
1891 1237 2073 1275 Maximia-

1179 1289 1237 1324 ni.
1302 1290 1355 1324 uia
1380 1301 1499 1333 nempe
1522 1289 1743 1324 Ecclefiarum
1770 1300 1835 1334 pax
1847 1289 1988 1324 necdum
2001 1300 2074 1325 coa·

1178 1340 1280 1375 luerat
1303 1365 1310 1373 .
1339 1338 1498 1375 Necdum
1520 1338 1672 1375 credebat
1690 1339 1887 1375 Nestorium
1911 1338 2070 1375 deviasse.

1178 1390 1272 1425 Hinc
1295 1390 1357 1424 suae
1376 1391 1471 1425 famae
1493 1389 1707 1425 solummodo
1730 1391 1873 1425 consulit
1897 1416 1904 1423 .
1933 1391 1989 1425 De
2015 1391 2074 1425 suo

1181 1440 1315 1475 Amafio
1327 1440 1411 1475 reste
1422 1450 1529 1476 tacet:
1557 1441 1613 1475 Ne
1626 1451 1742 1475 contra
1753 1441 1846 1475 fluvii
1871 1441 1972 1475 istum
1984 1441 2076 1477 navi·

1178 1502 1261 1535 gans
1287 1491 1453 1536 impingat
1476 1492 1510 1525 in
1536 1492 1707 1535 scopulum
1733 1515 1741 1524 .
1776 1490 1923 1526 Videbat
1945 1491 2035 1525 enim
2055 1489 2075 1524 ὲ

1180 1541 1293 1587 Regiae
1304 1540 1449 1576 civitatis
1462 1540 1593 1586 Populo
1613 1540 1774 1586 plurimos
1794 1540 1854 1575 fibi
1867 1541 1903 1575 in
1915 1538 1981 1576 hoc
1992 1551 2076 1585 pun-

1179 1593 1232 1625 cro
1253 1590 1440 1626 dissentire.

1228 1640 1334 1675 Porro
1352 1639 1462 1674 laudat
1485 1639 1541 1673 hic
1562 1641 1625 1673 tria
1645 1649 1743 1683 opera
1768 1637 2072 1683 nobisincognita:

1178 1691 1304 1734 Scripta
1330 1691 1372 1724 ad
1393 1688 1607 1729 Monachos,
1633 1690 1654 1722 li
1681 1699 1735 1724 ros
1759 1688 1801 1723 de
1823 1690 2073 1724 Sacro-Sancta

1178 1740 1374 1781 Trinitate,
1399 1739 1570 1782 &Scripta
1592 1736 1632 1772 de
1681 1739 1829 1774 ominica
1845 1739 2079 1783 Dispensatio-

1182 1802 1241 1825 ne.
1268 1791 1395 1834 Scripta
1419 1789 1460 1824 ad
1473 1788 1664 1824 Monachos
1687 1790 1751 1824 esse
1775 1788 1894 1833 poffint
1916 1789 1986 1833 ejus
1999 1789 2075 1833 Epi·

1179 1840 1268 1873 stolae
1290 1839 1331 1873 ad
1343 1838 1515 1873 Andream
1533 1837 1742 1876 Monachum
1762 1838 2073 1882 Constantinopoli·

1179 1899 1293 1923 tanum
1309 1912 1321 1928 ,
1349 1899 1487 1931 quarum
1509 1885 1617 1922 unam
1635 1890 1798 1933 integram
1824 1888 1969 1932 vulgavit
1981 1889 2077 1933 Jaco-

1180 1938 1238 1973 bus
1250 1938 1444 1972 Sirmondus
1456 1962 1467 1983 ,
1494 1939 1624 1972 alterius
1635 1940 1859 1983 fragmentum
1871 1938 1974 1973 exstat
1987 1937 2074 1982 apud

1179 1987 1328 2022 Marium
1361 1988 1585 2021 Mercatorem
1609 2012 1616 2018 .
1650 1987 1766 2021 Exstat
1792 1988 1827 2020 &
1849 1988 1913 2020 alia
1940 1988 2008 2030 ejus
2033 1988 2076 2022 ad

1179 2048 1297 2070 omnes
1309 2036 1427 2080 Regiae
1448 2036 1593 2070 civitatis
1603 2035 1795 2071 Monachos
1820 2035 1969 2079 Epistola
1987 2060 1998 2076 ,
2024 2049 2077 2072 ve-

1181 2088 1252 2121 rum
1264 2085 1331 2120 haec
1350 2086 1522 2120 adversum
1535 2086 1731 2130 incipientes
1755 2097 1836 2120 tunc
1851 2085 2077 2130 Eutychiani·-

1181 2136 1244 2171 stas
1254 2136 1299 2177 est
1327 2134 1444 2180 scripta
1458 2135 1530 2180 post
1543 2136 1611 2179 ejus
1624 2137 1708 2171 intra
1723 2136 1886 2180 Cyrenses
1896 2148 2007 2172 muros
2017 2139 2076 2172 cir-

1181 2186 1415 2230 cumscriptum
1443 2186 1581 2220 exilium
1610 2211 1621 2227 ,
1658 2187 1801 2231 ideoque
1831 2187 1877 2221 est
1905 2187 2079 2224 manifeste

1182 2237 1246 2272 alia
1258 2262 1265 2270 .
1293 2237 1405 2271 Etiam
1418 2237 1590 2271 memorati
1606 2235 1662 2271 hic
1684 2237 1725 2271 de
1737 2237 1921 2272 Dominica
1932 2238 2076 2282 Dispen-

1184 2288 1312 2321 satione
1334 2286 1408 2320 libri
1431 2298 1501 2321 non
1525 2286 1645 2331 posfint
1655 2287 1719 2321 effe
1732 2286 1800 2330 ejus
1813 2286 2052 2333 Pentalogium
2070 2313 2077 2320 .

1184 2338 1263 2371 Hoc
1284 2337 1376 2372 enim
1397 2336 1469 2381 post
1488 2336 1523 2372 &
1544 2347 1662 2372 contra
1684 2335 1880 2381 Ephefinam
1900 2340 2077 2382 Synodum

1182 2387 1228 2421 est
1252 2387 1408 2429 scriptum
1430 2411 1442 2427 ,
1469 2387 1610 2431 ideoque
1635 2385 1731 2430 hujus
1752 2387 1904 2431 Epistolae
1926 2399 2074 2432 tempore

1184 2445 1241 2470 aut
1261 2434 1481 2475 scribebatur,
1507 2447 1564 2470 aut
1583 2448 1651 2470 erat
1662 2448 1743 2471 mox
1767 2438 1994 2473 scribendum:
2024 2437 2074 2473 At

1185 2483 1261 2522 vero
1280 2482 1333 2527 iffi
1351 2484 1427 2523 libri
1450 2494 1543 2519 erant
1555 2486 1638 2520 olim
1648 2486 1757 2529 scripti
1770 2512 1777 2519 .
1803 2487 1933 2521 Marius
1944 2488 2073 2522 Merca-

1184 2544 1236 2570 tor
1246 2531 1345 2569 etifim
1369 2533 1436 2568 haec
1455 2534 1573 2569 habet:
1599 2535 1798 2570 Theodoretus
1825 2538 1918 2570 aliam
1941 2542 1973 2570 in
1976 2537 2075 2580 favo·

1182 2597 1245 2620 rem
1256 2584 1497 2625 Nestmanorum
1518 2584 1803 2627 Constantinopolim
1819 2587 1982 2628 destinavit
1995 2591 2073 2632 Epi-

1174 2634 1282 2677 stolam
1295 2659 1306 2676 ,
1331 2640 1365 2667 in
1387 2645 1446 2677 qua
1466 2635 1561 2676 dicit,
1587 2636 1668 2679 quod
1691 2636 1770 2669 duas
1791 2638 1910 2678 quldem
1941 2647 2073 2673 naturas

1181 2687 1217 2720 <¹5
1227 2695 1334 2719 caetera
1339 2689 1468 2728 pietatis
1479 2685 1623 2730 dogmata
1632 2684 1813 2727 confiteretur
1824 2711 1835 2727 ,
1861 2696 1894 2719 ut
1908 2690 2049 2732 AEgyptit
2059 2714 2073 2732 ‚

1181 2737 1219 2770 de
1229 2740 1386 2779 iniquitate
1409 2737 1480 2769 vero
1491 2760 1502 2777 ,
1527 2746 1597 2778 quae
1614 2742 1647 2769 ln
1659 2735 1828 2778 Nestorium
1852 2739 2072 2782 commiffaqss,

1182 2786 1264 2820 nulla
1283 2785 1322 2828 fit
1343 2791 1482 2828 correptio
1502 2784 1659 2829 subficuta
1682 2812 1689 2820 .
1728 2786 1941 2835 Qibusdam
1968 2789 2072 2824 videri

1181 2836 1278 2881 poffit
1298 2835 1363 2871 esse
1384 2835 1452 2871 haec
1476 2836 1543 2881 ipsa
1566 2862 1573 2870 .
1601 2836 1650 2871 At
1672 2847 1797 2872 certum
1818 2837 1863 2870 est
1888 2849 1957 2870 non
1984 2839 2049 2873 effe
2064 2864 2073 2873 .

1182 2886 1318 2921 Etenim
1340 2886 1376 2920 in
1390 2887 1452 2922 hac
1474 2887 1565 2922 nulla
1578 2887 1624 2922 est
1646 2888 1805 2922 memoria
1815 2887 1856 2921 de
1870 2887 2067 2932 AEgyptiis,

1180 2936 1271 2971 nulla
1283 2936 1488 2981 querimonia
1506 2938 1548 2972 de
1559 2939 1730 2976 commissa
1751 2937 1925 2982 iniquitate
1945 2938 1982 2972 in
2003 2938 2071 2974 Ne·

1180 2987 1316 3022 florium
1334 3013 1343 3020 .
1371 2988 1454 3023 Haec
1479 2989 1575 3033 poffit
1595 2988 1739 3023 nostram
1762 2988 1942 3032 praeceffiffe
1971 3013 1978 3021 .
2007 2988 2071 3023 At-

1179 3047 1290 3073 tamen
1304 3050 1371 3073 non
1383 3040 1528 3074 constat.
1553 3038 1686 3072 Etenim
1701 3037 1768 3072 haee
1780 3036 1874 3072 verba
1887 3064 1898 3079 ‚
1913 3041 1960 3072 Et
1972 3041 2068 3083 AEgJ-

233 3085 410 3128 piscopus,
433 3085 556 3131 degens
577 3086 867 3133 Constantinopoli
878 3089 962 3123 inter
983 3088 1120 3132 Presby-
1174 3094 1257 3131 pm,
1285 3088 1421 3124 suadent
1443 3089 1626 3133 Epistulam
1650 3090 1713 3123 effe
1738 3087 1888 3132 scriptam
1911 3090 1982 3132 post
2004 3089 2068 3123 ini·

235 3144 345 3176 teros,
372 3135 497 3169 strenue
515 3137 674 3180 adjuverit
694 3163 701 3171 .
729 3138 820 3175 Nam
839 3140 876 3174 δε
901 3149 1015 3175 contra
1043 3139 1118 3182 Epi·

235 3186 374 3230 scopum
395 3184 523 3227 adhuc,
547 3188 775 3230 &praesentem
798 3189 989 3225 Nestorium
1013 3190 1115 3224 fuerat

236 3234 400 3280 intrepide
420 3237 658 3271 concionatus.
684 3238 773 3274 Eum
791 3238 827 3273 in
848 3240 908 3275 suo
924 3239 1116 3274 Constituto

238 3283 385 3330 Vigilius
406 3285 564 3321 Pontifex
589 3298 657 3322 non
668 3287 735 3325 fine
745 3290 963 3326 fundamento
973 3289 1116 3336 appellat

239 3336 471 3377 Erudmffimum
495 3338 679 3372 Sacerdotem
690 3363 698 3372 .
740 3363 743 3366 -

1179 3149 1247 3174 tarn
1259 3151 1371 3183 pacem
1384 3165 1392 3175 .
1419 3140 1591 3189 Qoniam
1605 3138 1732 3172 videtur
1744 3139 1778 3173 in
1793 3138 1970 3184 AEgyptiis
1980 3140 2066 3174 resta

1178 3187 1544 3234 dogmata'admittere:
1570 3188 1673 3239 Qd
1696 3199 1772 3223 ante
1785 3200 1897 3233 pacem
1911 3201 2067 3234 pernega-

1179 3239 1225 3273 vit
1235 3239 1482 3284 pertinaciffime
1492 3265 1499 3271 .
1527 3239 1638 3274 Etiam
1650 3251 1717 3275 non
1731 3240 1866 3275 modico
1877 3237 1947 3284 post
1959 3239 2063 3283 ipsam

1178 3299 1326 3335 tempore
1338 3291 1478 3335 perrexit
1492 3287 1532 3324 de
1544 3299 1670 3334 patrata
1692 3291 1730 3326 in
1742 3289 1935 3327 Nestorium
1944 3290 2061 3333 iniqui-

1177 3349 1243 3376 tate
1262 3343 1404 3387 graviter
1421 3351 1621 3377 murmurare
1633 3365 1641 3375 .
1932 3387 1997 3423 CA
