2320 3730
570 152 886 208 Sci-totns,
924 165 985 194 ετ
1022 145 1224 193 Norrs
1260 147 1659 198 utus-ritarae.

1892 159 1965 210 ‘35

207 239 255 275 de
276 240 415 276 servare,
439 236 475 270 δε
497 235 642 281 legitime
668 234 863 270 Concilium
885 235 953 268 fieri
969 258 982 275 ,
1007 232 1098 268 nullo
1158 232 1304 274 volufflet.
1326 234 1400 267 ,Παι-
1420 233 1490 265 verb
1510 233 1545 266 (¹5
1566 231 1683 274 ipfiper
1694 238 1755 270 ,Deo
1767 236 1950 278 Amiciffimos
1963 240 2041 279 Epi.

211 290 419 325 clericorum
444 298 552 330 neque
573 285 824 321 Monachorum
848 311 859 326 ,

211 350 273 373 nec
294 336 535 382 AEgyptiorum
546 362 557 378 ‚
583 337 772 372 introeunte
788 336 980 374 Concilium
996 348 1007 368 .-
1034 334 1110 378 Ne·-

209 399 273 431 que
286 388 357 422 ullo
371 388 536 433 Episcopo
549 412 559 428 ‚
584 389 641 431 qui
655 388 696 422 ad
707 387 988 431 perturbationem
1005 385 1099 419 Con-

208 437 278 472 cilii
290 438 390 479 adfit,
416 438 474 471 nisi
488 439 548 480 qui
563 449 698 473 vocatus
713 437 897 472 advenerit.
925 436 1023 469 Duos
1044 444 1098 467 au-

209 498 277 522 tem
299 500 377 523 curn
403 488 667 532 Metropolitano
688 486 937 530 uniuscujusque
964 484 1099 518 Provin-

210 540 267 572 ciae
287 538 513 580 elec'iiffimos,
537 539 575 573 ,ὃς
595 540 649 582 qui
675 538 794 582 possint
803 537 884 575 scire
906 534 1096 578 hujusmodi

210 589 427 633 quaestiones,
452 589 572 623 intrare
594 589 706 632 jubete
724 586 941 626 Concilium,
966 586 1002 622 ,ἃ
1023 585 1098 619 San-

210 640 336 674 &orum
355 638 490 674 Patrum
514 639 612 674 fidem
632 648 799 685 cumpace
824 637 858 670 &
878 635 1098 670 consonantia

209 690 405 725 confirmare
421 715 428 722 .
460 689 554 728 Alias
577 687 687 731 jubete
718 698 780 726 nos
808 686 927 732 absque
953 686 1099 729 periculo

209 740 313 776 redire
335 740 375 774 ad
397 739 544 784 propria.
568 737 748 776 Minantur
773 738 862 772 enim
889 737 922 772 ὃς
947 735 1015 780 ipsa
1038 747 1100 770 nos

208 791 278 828 vita
300 791 442 835 privare..

491 888 537 927 Et
548 885 807 932 Subscriptiones
818 914 825 922 .

255 988 435 1027 Nestorius
450 988 900 1033 constantinopolitanorum
917 988 1102 1032 Episcopus

313 1039 498 1082 subscripsi.

256 1089 392 1128 Fritilas
414 1089 596 1133 Episcopus
618 1088 794 1124 Heraclaeae
818 1113 829 1131 ‚
854 1087 1011 1124 Thraciae
1030 1088 1103 1121 Me-

312 1139 534 1182 tropolitanus
551 1164 562 1180 ,
588 1139 756 1183 subscripsi
771 1165 777 1171 .

260 1188 436 1224 Helladius
458 1189 638 1234 Episcopus
660 1188 780 1229 Tharfi
819 1189 1103 1233 Metropolitanus

310 1239 493 1283 subscripsi.

258 1290 459 1329 Berinianus
482 1289 664 1334 Episcopus
685 1288 797 1335 Pergae
824 1287 1104 1332 Metropolitanus

309 1339 475 1383 subscripsi
491 1365 499 1372 .

256 1391 426 1429 Maeonius
448 1390 627 1438 Episcopus
649 1388 850 1425 Sardaeorurn
872 1388 1105 1435 Metropolita-

313 1452 375 1475 nus
388 1439 552 1483 subscripsi
566 1465 574 1472 .

261 1492 435 1526 Dexianus
459 1489 643 1533 Episcopus
663 1489 818 1524 Seleuciae
839 1514 852 1531 ,
877 1489 1010 1525 Isauria*
1035 1489 1105 1523 Me·

309 1539 530 1584 tropolitanus
553 1563 564 1580 ,
590 1539 777 1583 subscripsi.
842 1536 845 1537 ⁷

259 1588 453 1626 Alexander
465 1590 644 1634 Episcopus
656 1588 818 1635 Apamaeae
826 1589 1106 1635 Metropolitanus

311 1640 479 1685 subscripsi
489 1636 500 1675 ,ζ
940 1637 942 1639 ’

260 1690 451 1731 Dalmatius
474 1690 658 1736 Episcopus
684 1690 803 1735 Cyzici
825 1691 1107 1736 Metropolitanus

314 1741 479 1786 subscripsi
493 1767 501 1774 .

261 1792 441 1828 Eutherius
474 1791 655 1837 Episcopus
665 1790 892 1836 Thyanorum
911 1790 1108 1835 Metropoli-

312 1854 409 1878 tanus
420 1841 583 1886 subscripsi
591 1867 600 1875 .

225 1910 228 1913 r
262 1893 383 1927 Petrus
402 1892 584 1934 Episcopus
606 1892 846 1935 Traianopolis
876 1890 1104 1935 Metropolita-

316 1953 378 1976 nus
396 1941 560 1984 subscripsi
574 1965 582 1974 .

264 1991 413 2035 Julianus
424 1989 604 2037 Episcopus
618 1989 812 2023 sardicensis
825 1988 1107 2033 Metropolitanus

313 2039 504 2084 subscripsi.
546 2036 550 2040 ’

263 2091 401 2126 Basilius
424 2090 609 2134 Episcopus
624 2087 801 2130 Thessaliae
821 2089 1107 2134 Metropolitanus

314 2141 477 2184 subscripsi
496 2164 504 2172 .

261 2191 373 2236 Cyrus
396 2191 579 2234 Episcopus
601 2188 849 2235 Aphrosidiadis
874 2189 1106 2236 Metropolita-

317 2252 378 2277 nus
396 2240 566 2283 subscripsi
579 2266 587 2273 .

264 2292 493 2330 Maximianus
514 2289 694 2337 Episcopus
719 2289 887 2326 Anazarbi
909 2290 1109 2336 Metropoli-

313 2353 411 2377 tanus
432 2341 600 2385 subscripsi
621 2367 629 2374 .

267 2391 458 2430 Alexander
495 2392 676 2436 Episcopus
712 2391 986 2442 Hierapolitanus
1037 2390 1109 2426 sub·

319 2442 442 2484 scripsi.

268 2488 464 2532 Dorotheus
476 2488 658 2536 Episcopus
679 2489 961 2534 Marcianopolis,
986 2488 1110 2523 Moefiae

318 2539 597 2583 Metropolitanus
608 2563 619 2579 ,
647 2538 828 2582 subscripsi.

269 2592 315 2632 Et
333 2584 449 2624 omnes
470 2587 549 2631 alii,
575 2588 632 2633 qui
648 2598 739 2623 erant
751 2590 871 2632 pariter
889 2612 901 2631 ‚
924 2586 1110 2633 subscripse-

316 2649 395 2679 runt
411 2638 559 2674 similiter
571 2635 593 2671 .“

406 2795 916 2843 δοΗοιιοΝ.

335 2940 404 2979 AEc
417 2940 602 2980 facinorosa
614 2940 760 2977 Nestorii
781 2940 933 2977 adversus
947 2939 1085 2985 primam
1098 2964 1109 2981 ,

358 2993 376 3026 a
394 3003 458 3039 qua
484 2990 681 3034 damnatus,
707 2992 837 3035 synodi
864 2991 1041 3027 Actionem
1068 2991 1108 3025 ad

223 3041 410 3085 Principem
435 3042 552 3080 relatio
579 3043 614 3077 δε
638 3043 847 3087 querimonia
874 3042 919 3076 est
952 3043 1102 3086 vulgata.

225 3091 322 3125 Duxi
332 3101 441 3129 tamen
456 3090 511 3128 hic
522 3092 765 3139 adjungendam
777 3092 823 3127 ob
842 3092 923 3127 duas
936 3093 1109 3137 praesertim

224 3141 384 3176 rationes.
412 3140 527 3180 Primo
541 3166 552 3183 ,
578 3143 665 3187 quod
693 3143 762 3181 haec
784 3144 822 3182 sit
838 3143 901 3178 alia
914 3143 1086 3183 translatio
1098 3166 1110 3188 ,

224 3203 296 3226 non
308 3201 421 3235 parurn
433 3191 595 3227 illustrans
616 3194 659 3228 rei
674 3194 785 3229 seriem
798 3219 806 3226 .
833 3194 967 3232 Deinde
980 3218 991 3235 ,
1017 3194 1107 3238 quod

223 3241 388 3276 adnexam
411 3239 528 3276 habeat
543 3244 696 3282 omnium
719 3244 959 3293 Episcoporum
978 3244 1108 3283 subscri·
1131 3281 1137 3288 ,

226 3291 401 3337 ptionem:
427 3291 509 3326 Non
533 3293 686 3332 undecim
711 3295 909 3337 dumtaxat,
940 3294 996 3333 sed
1021 3296 1106 3333 sexa-

223 3342 319 3387 ginta
343 3352 487 3378 novem.
518 3342 676 3382 Notanda
703 3346 777 3384 sunt
799 3345 868 3383 haec
892 3346 1107 3390 querimoniae

222 3392 340 3427 verba:
371 3391 558 3435 Promifimus
578 3395 624 3431 ad
644 3397 804 3431 Concilium
824 3401 983 3432 convenire
1003 3421 1015 3438 ,
1041 3407 1107 3439 quo·

224 3453 346 3488 tumque
364 3451 496 3488 tempore
517 3447 624 3482 comes
648 3446 862 3483 candidianus
883 3458 936 3483 nos
950 3452 1104 3484 convenire

897 297 958 319 nec
985 284 1098 319 nostro
1153 280 1251 326 scopos
1263 283 1539 316 demandavimus.
1568 282 1886 329 ElucidantSynodi
1907 287 2040 330 seriem,

1158 333 1194 367 δε
1213 332 1350 367 edicunt
1370 333 1523 373 causam,
1547 344 1591 366 ex
1614 345 1678 378 qua
1700 334 1872 372 Nestorius
1897 338 2042 372 adduaae

1159 383 1463 426 protestationinon
1475 383 1713 431 subscripserit.
1741 384 1810 417 Die
1833 387 1986 430 vigesima
1996 389 2051 425 seo(

1160 433 1268 468 cunda
1291 433 1378 477 Junii
1400 431 1590 468 inchoatam
1612 434 1785 477 Synodum
1813 435 1941 470 summo
1961 449 2044 473 mox

1161 495 1258 518 mane
1279 485 1478 519 accesserunt
1501 484 1617 528 Legati
1639 486 1656 518 a
1685 484 1843 519 Nestorio
1866 485 2043 530 Episcopi,

1161 535 1281 579 Legati
1301 535 1344 569 ab
1365 534 1438 578 ejus·
1450 536 1592 573 sastione
1605 559 1616 575 ,
1644 536 1677 569 δε
1698 536 1764 578 ipsc
1786 535 1910 569 Comes
1923 535 2045 571 Candi-

1160 583 1296 617 dianus.
1324 585 1520 626 Nestorius,
1544 586 1702 628 quoniam
1728 584 1832 629 pridie
1849 587 1954 620 fuerat
1966 586 2047 623 sole-

1162 633 1282 667 mniter
1303 635 1441 677 citatus,
1462 636 1680 675 ,contumaciae
1702 646 1816 671 notam
1837 637 1962 671 evitare
1982 635 2047 670 stu·

1161 682 1240 716 dens
1268 685 1449 726 spopondit
1468 687 1594 728 adesse,
1618 687 1808 722 dummodo
1828 687 1954 721 Comes
1973 697 2045 721 non

1158 734 1375 768 -intercederet
1387 759 1394 766 .
1423 735 1467 769 Et
1489 739 1621 780 praesens
1640 737 1764 773 Comes
1778 737 1887 772 statim
1899 736 2047 772 interces-

1161 784 1198 817 fit
1222 808 1229 816 .
1257 783 1389 817 Exinde
1407 784 1575 823 factionis
1597 787 1714 832 Legati
1733 787 1959 827 exhibuerunt
1983 788 2047 821 suae

1164 833 1405 877 protestationis
1425 834 1678 876 instrumentum
1693 863 1705 880 ,
1731 839 1765 873 &
1785 839 1860 874 viva
1874 849 1956 874 voce
1965 848 2053 882 quae-

1164 885 1241 918 dam
1272 885 1469 919 addiderunt
1491 909 1499 916 .
1526 884 1698 925 Nestorius
1723 889 1826 938 igitur
1852 914 1864 930 ,
1889 899 1932 923 ne
1957 889 2049 923 suam

1164 934 1361 969 obedientiae
1384 936 1591 978 sponsionem
1613 935 1772 976 videretur
1798 948 1942 974 evertere
1961 963 1973 980 ,
2000 938 2052 972 in-

1165 985 1349 1020 strumento
1370 985 1566 1021 subscribere
1588 997 1658 1020 non
1680 986 1810 1029 potuit.
1836 989 1962 1025 Omnia
1981 989 2052 1027 fue-

1166 1045 1242 1070 runt
1254 1035 1334 1070 fasta
1348 1048 1403 1080 per
1416 1036 1561 1071 studium
1584 1036 1618 1070 &
1630 1046 1732 1071 artem
1743 1061 1751 1077 ,-

1217 1085 1345 1120 Verum
1367 1087 1423 1131 qui
1445 1088 1520 1122 sunt
1533 1086 1710 1131 Episcopi,
1739 1097 1822 1131 quos
1835 1085 1951 1122 relatio
1974 1088 2055 1120 affir-

1167 1147 1236 1172 mat
1247 1137 1342 1172 fuiffe
1353 1137 1586 1181 exspectandos
1606 1149 1648 1171 ex
1663 1136 1758 1172 ltalia
1774 1137 1808 1172 &
1820 1137 1957 1172 Sicilia?
1983 1136 2056 1169 Ali-

1167 1188 1224 1232 qui
1252 1186 1444 1223 existimant
1481 1189 1575 1223 fuiffe
1611 1188 1781 1231 Julianum
1817 1187 2056 1231 Eclanenscm,

1168 1239 1351 1272 Orontium
1364 1263 1374 1279 ,
1389 1239 1522 1274 Florum
1535 1264 1545 1279 ,
1567 1238 1714 1283 aliosque
1726 1238 1924 1284 Pelagianos
1935 1263 1944 1278 ‚
1971 1243 2055 1279 quos

1170 1287 1374 1327 Nestorianae
1393 1289 1544 1324 Fastioni
1566 1289 1696 1324 constat
1721 1288 1896 1324 adhaefiss‘e.
1928 1286 2057 1322 Veram

1169 1337 1221 1372 isti
1238 1363 1249 1379 ‚
1276 1347 1390 1381 utpote
1401 1340 1592 1384 proscripti,
1618 1339 1653 1373 ἀ
1664 1341 1751 1384 quafi
1764 1340 1851 1374 Cain
1864 1350 1921 1386 per
1930 1336 2055 1377 Orbem

1169 1388 1378 1434 vagabundi,
1405 1402 1475 1425 non
1490 1400 1582 1425 erant
1595 1390 1629 1424 in
1643 1390 1756 1430 ltalia.
1784 1391 1888 1431 Erant
1902 1391 1936 1424 in
1951 1388 2059 1423 Thra-

1169 1439 1219 1473 cia
1231 1463 1242 1479 ,
1267 1449 1324 1474 aut
1341 1441 1426 1475 forte
1443 1441 1529 1485 apud
1544 1439 1708 1485 Ephesum
1720 1466 1731 1484 ,
1767 1441 1817 1480 vel
1827 1441 1930 1482 etiam
1943 1440 1977 1474 in
1989 1438 2059 1475 Co-

1171 1491 1291 1524 mitatu
1314 1490 1509 1526 Patriarchae
1532 1492 1669 1535 joannis
1688 1517 1696 1525 .
1726 1492 1873 1526 Proinde
1903 1490 2060 1524 existimo

1173 1540 1384 1575 Relationem
1407 1543 1607 1586 proclamare
1639 1540 1681 1577 ad
1705 1541 1865 1575 Celestini
1882 1539 2058 1574 Pontificis

1172 1591 1314 1635 Legatos
1336 1615 1347 1631 ‚
1377 1587 1556 1627 Arcadium
1579 1616 1590 1632 ,
1617 1590 1804 1632 Projectum
1826 1615 1837 1630 ,
1864 1599 1902 1623 ac
1932 1588 2063 1632 Philip-

1172 1651 1248 1684 pum
1264 1665 1275 1680 ,
1299 1641 1358 1684 qui
1381 1642 1422 1675 ad
1435 1642 1607 1675 secundam
1630 1640 1759 1684 Synodi
1784 1638 1987 1680 Affionem,
2014 1639 2061 1672 fa-

1170 1693 1255 1728 §tam
1267 1691 1322 1725 die
1334 1691 1461 1725 decima
1472 1692 1553 1738 Julii
1565 1717 1574 1732 ,
1599 1691 1778 1725 dixerunt:
1809 1689 1879 1732 Etfi
1887 1691 1998 1723 tardus
2008 1700 2063 1727 na·

1171 1746 1338 1786 vigationis
1344 1745 1511 1786 progressus
1525 1766 1537 1783 ‚
1562 1740 1750 1785 adversaque
1759 1740 1915 1784 tempestas
1926 1751 1979 1773 nos
1989 1751 2060 1773 ma·

1171 1793 1254 1826 xime
1264 1794 1450 1827 detinuerint
1463 1818 1474 1835 ,
1501 1799 1612 1834 itaut,
1638 1792 1705 1832 licut
1723 1791 1794 1835 spes
1806 1800 1896 1832 erat,
1922 1793 1968 1824 ad
1978 1790 2062 1831 desti-

1171 1851 1276 1875 natum
1297 1844 1555 1886 locumpervemre
1579 1848 1822 1885 nequiverimus,
1849 1851 1988 1876 attamen
2002 1845 2060 1879 Del

1165 1891 1402 1935 gubernatione,
1434 1891 1596 1933 vestraeque
1618 1893 1826 1925 Beatitudinls
1852 1891 2035 1924 orationibus
2050 1915 2060 1932 ‚

1170 1940 1268 1980 nestra
1289 1942 1485 1978 Medios-ritas
1496 1941 1551 1973 buc
1559 1943 1702 1982 applicuit
1713 1964 1724 1979 ,
1749 1941 1856 1983 ipsique
1862 1945 1986 1983 gratIas
1997 1946 2061 1984 agi-

1169 1999 1235 2021 mus
1254 2012 1266 2029 ,
1292 1990 1375 2032 quod
1396 1990 1626 2023 Beatltudlnem
1652 1988 1784 2029 vestram
1809 2013 1819 2030 ,
1846 1995 1904 2023 utto
1925 1995 1957 2022 in
1979 1991 2036 2022 Ioco
2050 2014 2061 2031 ,

1169 2040 1277 2073 &una
1288 2044 1321 2072 in
1328 2038 1391 2082 fide
1411 2049 1603 2082 manentem,
1629 2042 1730 2082 &pro
1750 2039 1880 2082 Ecclefia
1904 2043 1962 2074 Dei
1979 2038 2066 2084 sollt-

1168 2095 1261 2131 fitam
1272 2112 1284 2131 ,
1310 2095 1534 2130 invenerimus,
1837 2087 1839 2089 ’

1221 2140 1266 2176 Et
1280 2139 1360 2175 hinc
1380 2141 1486 2176 oritur
1508 2141 1645 2186 quaesiio
1660 2164 1671 2181 ,
1697 2140 1883 2187 Qomodd
1894 2142 2063 2177 Nestoria-

1170 2201 1218 2224 nae
1228 2191 1395 2226 Fastionis
1414 2191 1622 2236 querimonia
1643 2202 1713 2226 non
1727 2191 1826 2226 fuerit
1842 2192 1926 2235 justa
1938 2193 1955 2224 ,ἕ
1985 2193 2061 2239 Qa

1169 2241 1298 2275 ratione
1319 2241 1456 2276 Sanetus
1479 2242 1629 2285 Cyrillus
1650 2242 1878 2285 praesumpserit
1902 2243 1970 2276 fine
1994 2242 2063 2277 Ro-

1171 2291 1278 2325 manis
1306 2291 1442 2336 Legatis
1474 2291 1514 2327 ad
1536 2292 1719 2337 Synodalia
1740 2291 1825 2327 Asia
1857 2292 2061 2336 procedere?

1169 2342 1358 2389 Qomodo
1374 2354 1443 2376 non
1458 2343 1628 2378 attentarit
1639 2342 1835 2389 acephalum
1846 2343 2063 2378 Conciliabu-

1169 2392 1238 2425 lum
1268 2393 1282 2425 ?
1308 2392 1510 2436 Respondeo
1529 2405 1599 2427 non
1621 2394 1700 2428 istos
1725 2394 1815 2428 solos
1838 2419 1849 2434 ,
1885 2392 1939 2428 sed
1960 2395 2063 2428 etiam

1169 2442 1325 2474 Sanstum
1343 2441 1512 2482 Cyrillum
1535 2443 1630 2476 fuisse
1641 2443 1804 2477 Celestini
1825 2443 2001 2477 pontificis
2022 2454 2062 2477 ac

1171 2489 1331 2522 Romanae
1350 2489 1443 2523 Sedis
1467 2489 1640 2527 Vicarium
1664 2492 1698 2525 δε
1720 2491 1908 2536 Legatum,
1935 2492 1970 2525 &
1991 2494 2062 2536 qui-

1169 2538 1245 2574 dem
1267 2538 1304 2572 in
1318 2537 1484 2579 solidum,
1512 2539 1654 2583 ideoque
1680 2541 1751 2583 post
1771 2542 1896 2584 lapsum
1919 2542 2060 2582 synodo

1170 2588 1336 2632 praefixum
1348 2589 1529 2629 terminum
1553 2589 1693 2636 potuisse
1702 2589 1894 2633 procedere.
1920 2590 2066 2627 Italuci-

1168 2637 1209 2672 de
1226 2638 1352 2682 patebit
1372 2650 1415 2674 ex
1437 2640 1522 2673 infra
1539 2639 1738 2675 adducendo
1759 2640 2057 2684 Commonitorio,

1169 2688 1260 2733 quod
1297 2688 1366 2723 istis
1402 2689 1539 2734 Legatis
1573 2689 1665 2725 dedit
1700 2690 1851 2725 laudatus
1877 2691 2034 2726 Pontifex
2049 2716 2057 2724 .

1170 2738 1263 2774 Idem
1287 2747 1375 2784 patet
1395 2751 1437 2774 ex
1461 2739 1607 2785 Philippi
1629 2741 1747 2786 Legati
1767 2741 1873 2779 verbis
1898 2742 1938 2777 ad
1950 2743 2057 2786 Syno-

1168 2789 1248 2824 dum
1260 2815 1267 2823 .
1297 2793 1424 2824 Gratias
1446 2796 1562 2835 agimus
1575 2792 1694 2826 sanc‘Jae
1714 2803 1749 2826 ac
1772 2793 1940 2826 adorandae
1955 2796 2055 2826 Trini-

1168 2845 1228 2874 tati
1239 2865 1249 2882 ,
1273 2841 1354 2884 quod
1362 2852 1414 2875 nos
1425 2840 1547 2876 humiles
1554 2841 1659 2885 sanc‘lo
1667 2842 1763 2883 vestro
1776 2847 1933 2876 conventu
1946 2844 2054 2888 digna-

1168 2899 1201 2923 ta
1212 2890 1269 2931 est.
1299 2892 1422 2926 Dudum
1443 2894 1565 2935 quidem
1576 2893 1776 2933 §anfflffimus
1800 2896 1888 2935 Papa
1898 2892 1989 2932 noster
1998 2898 2055 2927 Ce-

1167 2941 1285 2982 Iestinus
1293 2950 1349 2984 per
1365 2940 1440 2987 suas
1450 2943 1585 2986 epistolas
1606 2945 1652 2976 ad
1661 2944 1819 2984 cyrillum,
1845 2943 1989 2977 sanarum
2003 2949 2054 2977 Vt-

1167 3003 1234 3025 rum
1245 3016 1256 3033 ,
1284 2993 1321 3027 de
1327 2991 1474 3036 praesentt
1496 2993 1552 3028 hac
1565 2993 1654 3038 causa
1673 2993 1812 3035 definivit
1824 3018 1834 3033 ,
1858 3005 1925 3036 quae
1939 2995 2052 3028 lltterae

1162 3040 1248 3085 sacro
1272 3042 1366 3084 vestro
1385 3046 1484 3078 Coetui
1501 3043 1577 3091 sunt
1596 3044 1742 3079 exbibttae
1765 3067 1774 3076 .
1801 3048 1848 3077 Et
1872 3055 1950 3078 nunc
1970 3045 2052 3078 alias

1166 3093 1283 3131 rut-stim
1292 3095 1337 3127 ad
1343 3095 1600 3129 corroborationem
1612 3093 1763 3130 catholicae
1769 3095 1843 3138 fidei
1862 3102 1919 3137 per
1931 3105 1982 3127 nos
1995 3099 2050 3128 ml-

1159 3142 1200 3190 fit
1219 3145 1266 3178 ad
1275 3144 1403 3185 vestram
1427 3151 1555 3178 omnium
1581 3148 1731 3180 Pietatem
1744 3171 1751 3178 .
1777 3144 2053 3180 Nestorianaeim·

1165 3195 1295 3243 pietatis
1306 3207 1343 3230 ac
1353 3197 1492 3239 personae
1502 3195 1676 3231 damnatio
1695 3196 1759 3240 jam
1773 3196 1895 3239 peraeta
1916 3205 1984 3229 erat
1996 3207 2052 3240 per

1166 3245 1272 3281 solum
1290 3245 1510 3285 Pontificem:
1537 3247 1616 3285 Erat
1635 3257 1719 3291 opus
1740 3246 1809 3281 sola
1829 3246 2027 3281 executione
2040 3271 2047 3281 .

1165 3295 1264 3334 Hanc
1284 3296 1340 3331 ille
1349 3297 1553 3342 delegaverat
1569 3297 1604 3332 &
1619 3297 1753 3341 Cyrillo
1766 3321 1777 3338 ,
1802 3297 1836 3331 δε
1854 3296 1958 3331 tribus
1975 3296 2049 3330 aliis

1164 3346 1389 3392 Legatisesuo
1403 3348 1535 3382 Latere.
1563 3348 1757 3393 Singulisin
1770 3346 1913 3382 solidum
1930 3373 1937 3379 .
1952 3348 2047 3379 Hinc

1164 3397 1283 3445 Cyrilli
1295 3398 1455 3441 processus
1466 3397 1529 3432 fuit
1542 3409 1598 3443 per
1610 3397 1712 3434 hosce.
1733 3408 1797 3433 tres
1814 3395 2048 3439 comprobatus

1164 3458 1201 3484 ac
1221 3447 1385 3486 stabilitus
1407 3473 1414 3484 .
1442 3449 1486 3485 Et
1504 3458 1629 3486 certum
1651 3449 1698 3486 est
1716 3474 1728 3493 ,
1755 3447 1845 3494 quod
1870 3444 2047 3530 {estodus

1903 3504 1999 3531 Qi'um
