2320 3730
636 146 1053 200 Senotl1s‚E·r
1088 141 1277 188 Nous
1313 147 1715 191 ILLusTRA‘TAE.

400 304 442 349 c
458 305 500 351 A
514 304 547 348 P
564 305 609 351 U
626 301 667 350 T
702 303 960 351 cxcvm.
996 303 1140 362 --287

246 435 489 509 Postquam
518 442 653 506 longo
679 443 966 508 multiloquio
994 441 1143 508 praeci-

319 513 629 581 pueJoannem
644 516 804 562 Sannae
817 513 1035 562 memoriae
1050 547 1063 571 ,
1100 514 1142 559 δε

316 588 407 648 ejus
424 581 757 652 Co-Episcopos
775 581 1004 634 maledixit
1019 618 1033 644 ‚
1070 581 1141 630 hic

316 652 409 721 ipse
442 658 652 715 IrenaeuS,

236 793 446 865 -Epistola,
483 796 631 862 inquit
645 831 659 855 ‚
694 792 836 860 Cyrilli
854 793 908 841 ad
936 796 1143 861 Imperato-

316 884 419 926 rem,
456 863 666 932 accufimtz's
677 882 805 914 contra
843 884 920 922 eos,
958 867 1022 928 qui
1043 865 1144 907 circa

317 931 585 983 Antiochenam
608 942 793 990 Joannem
806 970 819 992 ,
853 932 892 980 eb
916 931 1014 998 quod
1038 929 1143 996 quast

317 1003 643 1063 anathematizare
667 1038 681 1062 ‚
716 1003 864 1069 inquit
883 1038 897 1062 ,
932 1000 1009 1066 viſs
1044 1002 1143 1064 Ne-

263 1097 265 1099 v
304 1072 466 1138 storiam
482 1108 496 1133 ,
531 1091 574 1120 ea
588 1070 868 1140 spshfint-t'unt,
908 1089 986 1136 quae
1019 1075 1079 1117 <9⁴
1094 1068 1142 1116 il-

316 1142 350 1192 le
360 1179 374 1205 ‚
411 1141 449 1190 eb
461 1141 556 1208 quod
568 1140 756 1190 Theodori
789 1146 849 1188 <9⁴
861 1140 1018 1189 Diodori
1036 1145 1142 1188 Scri-

313 1230 387 1284 pta
422 1216 624 1261 mirentur.

380 1333 528 1368 Ternam
541 1333 643 1368 vitam
659 1331 828 1377 providere
838 1333 857 1369 ὲ
870 1341 951 1367 terra
962 1330 1009 1366 est
1034 1330 1139 1366 incul-

407 1383 513 1427 pabile
533 1390 589 1417 iter
611 1383 651 1418 ad
673 1385 806 1423 Deum,
832 1384 1031 1426 Patremque
1046 1406 1058 1422 ‚
1084 1380 1139 1426 qui

247 1434 285 1468 in
303 1433 394 1469 coelis
413 1434 459 1468 est
483 1458 494 1474 ,
520 1434 671 1477 inquiens
691 1447 698 1466 :
731 1441 805 1470 Haec
828 1433 867 1475 est
893 1441 994 1467 autem
1014 1430 1080 1476 sola
1106 1432 1140 1465 6·

245 1493 364 1518 aeterna
375 1488 442 1517 vita
451 1508 462 1524 ,
488 1491 520 1515 ut
531 1481 704 1528 cognoscant
716 1493 746 1517 te
756 1483 851 1527 [bium
862 1485 897 1518 (5
907 1494 1012 1517 verum
1028 1485 1140 1521 Deum,

247 1535 283 1567 ό·
304 1545 393 1576 quem
420 1532 516 1575 misisti
530 1531 644 1579 Jesum
653 1533 823 1573 Christum.
850 1533 914 1568 Sed
927 1532 1039 1567 nescio
1050 1542 1139 1575 quo-

246 1583 354 1617 modo
364 1583 498 1626 quidam
509 1583 642 1627 fingunt
653 1582 787 1625 quidem
796 1582 885 1617 restis
896 1582 983 1616 circa
1003 1579 1070 1615 hoc
1089 1591 1141 1624 pe-

247 1631 346 1666 dibus
365 1630 532 1667 ambulare
550 1656 561 1673 ,
586 1630 668 1666 dum
691 1631 877 1667 claudicent
901 1656 913 1672 ‚
939 1631 975 1666 ὅ(
994 1630 1141 1665 veritatis

247 1682 339 1716 viam
350 1680 530 1716 deserentes
542 1690 707 1717 vertantur
718 1682 760 1717 ad
772 1683 907 1718 alteram
922 1705 933 1722 ,
958 1692 1028 1726 quae
1037 1681 1078 1715 ad
1088 1693 1140 1715 ex-

247 1731 479 1771 terminium,
506 1731 787 1777 perditionemque
813 1732 960 1776 perducit
986 1756 994 1763 .
1021 1730 1140 1765 Adhae-

247 1793 322 1817 rent
339 1782 430 1816 enim
451 1780 657 1825 quorundam
677 1781 989 1826 Conscriptionibus
1011 1780 1139 1815 interdi-

248 1832 326 1866 ais.
355 1832 399 1866 Et
422 1842 460 1866 ut
474 1831 559 1867 clare
581 1831 692 1866 dicam
711 1832 758 1867 rei
783 1843 953 1872 naturam,
980 1829 1138 1875 siquidem

250 1882 405 1925 scriptum
423 1881 469 1916 est
481 1908 492 1924 ,
520 1886 565 1915 Et
578 1882 713 1925 loquebar
725 1885 763 1918 de
775 1882 943 1924 testimoniis
963 1888 1023 1916 tuis
1043 1892 1139 1916 coram

250 1932 379 1976 Regibus
395 1955 406 1972 ‚
419 1933 454 1966 (θ’
464 1945 521 1966 non
533 1932 737 1974 confundebar
751 1957 763 1974 ,
790 1931 993 1968 Theodorus
1004 1931 1139 1975 quidam

250 1983 316 2016 fuit
338 2007 350 2024 ,
376 1982 409 2016 &
430 1983 506 2017 ante
530 1982 618 2017 hunc
647 1983 821 2018 Diodorus
847 1982 1027 2027 Episcopus
1047 2007 1058 2023 ‚
1084 1981 1139 2016 hic

250 2032 387 2075 quidem
408 2031 523 2068 Tharsi
539 2058 549 2073 ,
576 2032 632 2068 ille
654 2034 732 2068 vero
753 2033 980 2077 Mopsuestiae.
1008 2032 1059 2065 Hi
1083 2031 1139 2064 Pa·
1202 2050 1205 2053 ν

248 2091 312 2115 tres
322 2083 456 2116 fuerunt
469 2080 615 2116 Nestorii
628 2082 834 2125 blasphemiae
846 2107 853 2114 .
881 2083 919 2115 ln
932 2081 1022 2115 libris
1035 2081 1138 2120 enim,

249 2142 332 2176 quos
343 2133 600 2175 composuerunt
612 2157 623 2173 ,
650 2131 765 2176 agresti
779 2131 906 2166 insania
917 2131 963 2165 usi
977 2131 1051 2164 sunt
1062 2141 1138 2164 con·

248 2193 299 2216 tra
311 2182 464 2216 omniurn
477 2181 623 2214 nostrum
634 2182 836 2214 salvatorem
849 2180 1033 2219 Christum,
1045 2180 1139 2223 iguo·

248 2240 357 2265 rantes
367 2229 433 2273 ejus
449 2229 661 2272 Mysterium.
695 2228 815 2262 Voluit
828 2229 929 2271 igitur
939 2228 1059 2272 impius
1071 2227 1136 2261 Ne-

248 2280 366 2314 storius
385 2290 444 2320 ea,
470 2278 683 2322 quaeillorum
695 2279 788 2318 sunt,
815 2276 856 2310 ad
879 2277 1025 2310 medium
1036 2276 1140 2310 dedu·-

248 2342 322 2366 cere
335 2353 345 2369 ,
370 2329 405 2364 &
425 2329 444 2363 a
465 2329 542 2363 Deo
563 2329 660 2363 Sacra
684 2329 828 2372 privatus
850 2326 895 2360 est
908 2325 1016 2361 Aula.
1044 2327 1138 2361 Dum

249 2379 330 2414 vero
341 2376 665 2413 anathematizassent
679 2402 690 2418 ,
711 2388 782 2419 quae
792 2374 859 2418 ejus
870 2375 945 2410 sunt
956 2400 967 2416 ,
995 2376 1137 2411 nonnul-

250 2431 276 2464 li
289 2428 439 2463 Orientis
464 2428 643 2472 Episcopi,
669 2427 773 2462 altero
796 2425 897 2461 modo
911 2424 976 2460 haec
994 2425 1061 2469 ipsa
1073 2437 1138 2459 rur·

249 2481 301 2514 sus
312 2478 494 2518 inducunt,
519 2477 600 2512 dum
615 2490 675 2519 ea,
703 2488 773 2521 quae
784 2476 857 2511 sunt
868 2472 1069 2516 Theodori,
1085 2475 1138 2509 ad-

247 2529 410 2564 mirantur
421 2552 432 2569 ‚
458 2529 493 2562 &
513 2539 590 2562 eum
603 2527 686 2563 reste
698 2527 805 2571 sapere
816 2527 932 2561 dicunt
942 2551 953 2567 ,
978 2526 1012 2560 &
1023 2527 1138 2560 conso-

245 2577 289 2612 ne
305 2577 456 2613 Patribus
481 2577 619 2619 nostris,
647 2576 851 2618 Athanasio,
875 2576 975 2617 dico,
1001 2576 1035 2610 &
1059 2577 1138 2610 Gre-

246 2628 345 2673 gorio
365 2652 376 2669 ‚
412 2637 510 2669 atque
531 2627 650 2661 Basilio
667 2652 675 2659 .
707 2620 770 2661 Sed
795 2626 1001 2661 mentiuntur
1021 2637 1136 2660 contra

244 2679 382 2713 Sanaos
392 2675 513 2711 Viros.
540 2677 743 2721 Scripserunt
757 2677 846 2710 enim
869 2685 1138 2721 quantacumque

246 2726 425 2762 Theodori
450 2727 485 2760 &
498 2725 643 2761 Nestorii
657 2726 752 2762 malis
765 2727 838 2760 sunt
850 2726 977 2760 adversa
999 2727 1135 2760 sentien-

244 2787 315 2813 tes.
342 2776 437 2823 Qia
448 2775 551 2819 igitur
571 2775 698 2816 didici,
724 2776 815 2820 quod
829 2776 871 2811 de
894 2775 946 2810 his
971 2776 1004 2809 δε
1026 2775 1136 2810 vestris

245 2828 312 2872 piis
323 2825 468 2861 Auribus
479 2826 630 2872 ingerant
651 2826 818 2871 quaedam,
846 2837 929 2871 rogo
951 2836 987 2860 ut
1011 2827 1135 2860 animas

245 2877 509 2912 vestrasintactas
521 2875 663 2910 omnin&
674 2900 684 2916 ‚
711 2875 963 2921 impollutasque
974 2876 1102 2911 servetis
1116 2876 1134 2910 a

244 2925 426 2962 Theodori
451 2927 486 2961 δε
499 2925 643 2962 Diodori
667 2926 888 2970 impietatibus
901 2952 909 2958 .

301 2977 395 3011 Sicut
406 2978 497 3011 enim
508 2979 601 3021 supra
613 2977 681 3021 jam
691 2976 762 3011 dixi
775 3001 786 3018 ‚
812 2976 984 3012 Nestorius
994 2988 1031 3012 ea
1042 3002 1053 3019 ,
1065 2988 1133 3021 quae

244 3026 390 3070 ipsorum
405 3026 500 3067 sunt,
524 3027 735 3068 estlocutus,
761 3026 851 3061 &ob
863 3027 927 3062 hoc
953 3037 989 3061 ut
1013 3027 1132 3071 impius

244 3073 484 3111 condemnatus
506 3076 552 3111 est
574 3076 615 3111 ab
637 3076 809 3110 universali
833 3077 972 3121 Synodo
993 3076 1078 3123 apud
1093 3078 1132 3111 Ε·

246 3124 383 3170 phesum
395 3137 594 3171 congregata
604 3126 697 3170 juxta
706 3127 774 3160 Dei
787 3127 989 3162 voluntatem
1002 3151 1009 3159 .
1038 3128 1131 3176 Qo-

247 3176 340 3210 niam
353 3175 431 3210 vero
443 3175 597 3211 simulant
607 3176 741 3218 quidem
760 3178 792 3211 se
810 3177 1005 3222 Symbolum
1028 3178 1129 3212 confi·

248 3226 331 3267 teri,
361 3225 451 3269 quod
469 3227 650 3270 expositum
671 3226 718 3261 est
740 3226 775 3261 in
796 3238 917 3272 magna
941 3228 976 3262 &
995 3229 1129 3272 antiqua

247 3275 388 3319 synodo
405 3276 539 3311 Nicaena
552 3302 564 3318 ,
587 3275 756 3311 declinant
779 3277 855 3311 vero
864 3278 932 3320 ejus
943 3278 1020 3312 falsa
1034 3279 1128 3311 inter-

247 3326 432 3371 pretatione
446 3327 599 3363 virtutem
611 3351 622 3369 ,
647 3336 844 3372 rogaverunt
863 3327 1129 3364 Archi-Mandri-

1913 163 2009 206 359

1199 236 1239 261 ta:
1254 227 1402 262 Orientis
1424 224 1617 262 Orthodoxi
1638 229 1840 275 interpretari
1872 229 1891 264 a
1916 241 1970 266 me
1993 231 2082 267 idem

1199 277 1396 321 Symbolum
1410 301 1422 318 ,
1444 276 1535 322 quod
1556 277 1846 321 &interpretatum
1868 281 1913 316 est
1928 307 1935 314 .
1963 282 2007 316 Et
2027 293 2082 315 ne·

1201 329 1370 363 cessarium
1382 328 1445 363 fuit
1457 352 1468 368 ‚
1494 327 1579 362 utin
1592 327 1710 362 vestras
1724 331 1791 371 pias
1815 332 1847 365 ὃς
1858 330 1982 365 Christi
2003 331 2082 365 ami-

1201 389 1254 412 cas
1268 378 1374 413 Aures
1387 378 1568 422 perveniret
1579 376 1644 412 hoc
1656 388 1754 421 opus.
1781 379 1902 414 Vestrae
1922 379 2080 425 siquidem

1201 428 1454 473 Tranquillitati
1465 427 1544 462 inest
1557 428 1641 462 inter
1651 427 1712 462 alia
1725 427 1812 462 bona
1839 430 1871 463 ὃ(
1885 428 1968 470 hoc,
1996 431 2080 466 utin

1204 478 1407 514 sermonibus
1419 479 1459 514 de
1469 480 1553 514 recia
1564 477 1630 513 fide
1649 478 1717 512 fine
1739 478 1913 513 cessatione
1930 477 2079 515 delectari

1203 530 1324 564 velitis.

1204 643 1373 684 Sanctam
1384 640 1584 695 Epistolam
1593 654 1664 696 pro
1679 637 1749 682 suis
1766 640 1935 681 Patribus
1953 640 2000 682 ad
2013 640 2083 681 hoc

1260 699 1443 753 praecipue
1455 699 1608 752 protulit
1620 698 1780 739 Irenaeus
1796 726 1808 746 ³
1822 711 1861 739 ut
1870 697 2084 739 Nestorium

1259 757 1436 810 probaret
1454 770 1532 796 non
1556 753 1628 797 effe
1650 757 1827 797 novitatis
1844 755 2083 802 authorem-1,

1260 813 1348 854 dum
1369 812 1507 854 constet
1529 841 1541 859 ,
1570 814 1673 867 quod
1699 813 1821 854 multae
1843 810 1998 853 haereses
2016 814 2086 853 Pa·-

1259 883 1354 910 trum
1375 884 1446 924 pro
1465 867 1502 910 se
1513 869 1565 910 ob
1577 870 1650 910 hoc
1678 869 1793 924 ipsum
1814 869 2002 925 proferant
2033 868 2087 910 le·-

1260 929 1428 974 ffiones,
1457 940 1523 967 nec
1543 939 1664 968 tamen
1685 928 1735 968 ob
1755 927 1829 978 hoc
1840 940 1969 968 eorum
1982 928 2087 967 Prin-

1258 986 1358 1039 cipes
1378 997 1456 1024 non
1477 982 1544 1022 sint
1562 987 1739 1025 novitatis
1761 985 1951 1026 authores.
1981 985 2087 1024 Nam

1260 1054 1299 1083 ut
1321 1041 1369 1082 de
1384 1039 1466 1082 aliis
1490 1041 1638 1079 interim
1659 1039 1804 1086 sileam,
1834 1040 2010 1082 Eusebius
2023 1043 2088 1082 in-.

1260 1111 1373 1152 opere
1393 1095 1652 1151 Apologetico
1666 1109 1735 1149 pro
1745 1099 1909 1151 Origene
1938 1099 1976 1137 &
1995 1098 2091 1152 dog-

1260 1154 1418 1195 matibus
1439 1156 1535 1200 ejus,
1565 1152 1605 1193 id
1624 1151 1696 1200 est,
1726 1165 1796 1206 pro
1820 1153 2091 1193 Praeexistentia

1259 1211 1552 1253 &Restitutione
1574 1208 1802 1264 composito,
1829 1210 1934 1264 quod
1945 1212 2093 1265 Marty-

1259 1271 1309 1309 ris
1337 1271 1375 1309 δε
1391 1266 1498 1322 ipfius
1508 1264 1654 1308 Eusebii
1669 1264 1911 1308 Caesareenfis
1932 1269 2092 1307 nomini.-

1260 1326 1329 1367 bus
1339 1337 1589 1380 praenotatur,
1617 1324 1740 1365 multis
1753 1323 1862 1365 vaide
1883 1324 2093 1379 praeceden-

1260 1386 1351 1424 tium
1362 1384 1513 1427 Patrum
1523 1382 1741 1423 testimoniis
1754 1379 1835 1423 usus
1844 1381 1895 1423 est
1919 1394 1988 1435 pro
1999 1395 2098 1435 prae-

1258 1442 1369 1483 diciis
1393 1439 1580 1482 erroribus
1597 1471 1606 1479 .
1636 1440 1721 1480 Nec
1741 1452 1863 1481 tamen
1885 1437 2024 1481 idcirco
2046 1438 2095 1480 ab

1260 1497 1423 1539 Ecclesia
1452 1498 1526 1538 Dei
1565 1496 1626 1539 vel
1653 1499 1839 1552 Origenes
1869 1495 2094 1543 absolvitur,

1261 1554 1364 1610 quafi
1374 1568 1451 1595 non
1474 1554 1583 1608 fuerit
1607 1556 1789 1597 novitatis
1803 1555 2001 1600 Inventor,
2031 1551 2095 1595 sed

1259 1612 1314 1652 illi
1325 1614 1460 1666 pariter
1475 1612 1694 1652 addicuntur
1704 1643 1713 1651 .

1203 1669 1380 1712 Similiter
1390 1669 1524 1710 Ariani
1554 1671 1592 1708 &
1620 1668 1884 1709 Macedoniani
1896 1667 2095 1708 abutuntur

1259 1726 1475 1769 testimoniis
1487 1724 1661 1780 Dionysii
1677 1725 1925 1766 Alexandrini
1938 1723 2096 1765 Pontifi-

1258 1787 1310 1825 cis
1331 1813 1343 1831 ‚
1371 1786 1409 1824 δε
1437 1796 1519 1823 cum
1540 1785 1593 1823 eis
1613 1785 1724 1823 etiarn
1745 1781 1948 1823 Donatistae
1968 1783 2094 1822 Sancti

1259 1842 1439 1895 Martyris
1454 1840 1666 1894 Cypriani,
1685 1842 1723 1879 &
1733 1841 1927 1895 ostoginta
1936 1836 1997 1879 sex
2011 1839 2095 1879 Co-

1258 1895 1527 1952 Episcoporum
1558 1899 1660 1944 ejus,
1689 1896 1873 1938 Concilio
1893 1894 2016 1936 fadio:
2045 1896 2094 1936 Et

1257 1956 1304 1997 de
1324 1954 1496 1995 omnibus
1520 1953 1579 1994 his
1600 1954 1697 1994 idem
1716 1983 1728 2001 ‚
1757 1953 1863 2008 quod
1892 1953 1994 2000 dixi,
2023 1950 2095 1993 ser-

1258 2025 1321 2054 vat
1333 2010 1516 2052 Ecclesia.
1546 2012 1594 2050 Et
1607 2011 1802 2066 Pelagius,
1832 2008 2095 2050 Diaboliciaua

1257 2068 1346 2108 thor
1367 2070 1525 2113 erroris,
1556 2070 1666 2106 etiam
1692 2069 1794 2107 Beati
1809 2068 1965 2114 Joannis
1986 2065 2097 2106 Con-

1258 2123 1577 2177 stantinopolitani
1604 2121 1771 2163 Praesulis
1791 2152 1804 2170 ,
1842 2125 1880 2163 &
1908 2123 2097 2164 Mediola-

1258 2179 1378 2220 nenfis
1397 2177 1584 2218 Ambrosii
1603 2206 1615 2223 ,
1643 2181 1681 2216 &
1702 2179 1881 2225 aliorum,
1911 2178 2093 2234 ipsiusque

1256 2234 1453 2290 Augustini
1466 2261 1479 2280 ,
1508 2233 1705 2274 laudabilis
1717 2247 1828 2275 tantae
1850 2236 2093 2290 Expugnato-

1258 2294 1308 2332 ris
1320 2288 1511 2331 haeresios.
1542 2290 1627 2331 Nec
1638 2302 1759 2332 tamen
1781 2292 1834 2333 ob
1848 2291 1922 2333 hoc
1952 2292 2013 2334 vel
2027 2292 2092 2347 ipsi

1259 2348 1473 2389 Nestoriani
1487 2347 1607 2388 dicere
1619 2361 1818 2402 potuerunt
1829 2378 1840 2396 ‚
1853 2350 1956 2404 quod
1969 2350 2090 2391 nullus

1257 2406 1517 2459 praedic'torum
1548 2403 1657 2446 fuerit
1677 2409 1854 2447 novitatis
1885 2409 2060 2448 inventor
2078 2439 2088 2447 .

1257 2461 1323 2502 An
1338 2460 1434 2502 forte
1456 2460 1595 2502 idcirco
1612 2461 1706 2503 alios
1726 2466 1902 2504 novitatis
1923 2477 2088 2517 reperto·-

1256 2534 1314 2560 res
1325 2516 1481 2559 asserunt
1493 2521 1699 2567 nominari,
1721 2523 1807 2575 quia
1817 2521 1864 2561 de
1876 2521 2087 2575 praeceden-

1256 2579 1347 2617 tium
1378 2577 1527 2615 Patrum
1557 2577 1766 2618 nominibus
1785 2606 1798 2625 ,
1828 2577 2085 2633 Scriptisques·

1254 2632 1509 2674 mentiuntur?
1538 2632 1612 2674 Sed
1621 2646 1749 2675 contra
1761 2634 1834 2675 hoc
1855 2635 1965 2675 nobis
1988 2635 2087 2677 testis

1254 2688 1306 2732 est
1319 2690 1382 2731 illa
1392 2687 1548 2731 vetustas
1577 2692 1615 2730 &
1630 2689 1871 2732 consonantia
1885 2692 2086 2740 Codicum,

1253 2750 1310 2788 cui
1323 2750 1386 2802 qui
1399 2761 1475 2788 non
1486 2747 1601 2788 credit
1610 2776 1622 2794 ,
1633 2762 1703 2789 nec
1713 2761 1842 2789 contra
1854 2748 2087 2791 Manichaeos

1253 2806 1300 2846 de
1313 2807 1403 2846 novi
1415 2801 1618 2845 testamenti
1632 2805 1811 2846 librorum
1825 2807 1969 2846 invenit
1981 2807 2086 2860 quod

1251 2859 1411 2903 adstruat
1434 2864 1583 2902 veritate
1602 2892 1611 2901 .
1642 2864 1680 2903 Si
1702 2861 1795 2917 ergo
1815 2860 1902 2902 vere
1919 2864 2086 2904 Manetis

1254 2917 1497 2974 blasphemias
1509 2932 1744 2966 execrantur,
1773 2918 1966 2973 quomodo
1988 2922 2022 2960 ei
2045 2922 2086 2960 in

1251 2979 1411 3018 maxima
1439 2973 1624 3017 &summa
1640 2973 1709 3016 suae
1722 2975 1867 3016 haercfis
1887 2975 2085 3018 confirma-

1251 3037 1354 3076 tione
1365 3045 1538 3088 poterunt
1551 3030 1781 3074 consonare?
1811 3033 1895 3073 Cur
1906 3047 1999 3089 ergo
2017 3032 2083 3089 ipsi

1251 3094 1426 3133 novitatis
1439 3093 1651 3131 inventores
1674 3088 1819 3131 nostros
1829 3091 1957 3132 Patres
1978 3104 2083 3132 accu-

1250 3147 1341 3197 sant,
1368 3149 1456 3189 dum
1479 3147 1595 3203 longe
1618 3150 1847 3203 antiquiores
1867 3148 1917 3189 ab
1928 3146 2081 3202 Ephesi-

1250 3220 1325 3255 no,
1351 3203 1413 3246 sed
1441 3207 1479 3246 &
1500 3204 1564 3245 alii
1583 3204 1633 3246 ab
1655 3203 1735 3259 ipso
1755 3219 1908 3260 quoque
1917 3206 2080 3246 Nicaeno

1250 3262 1431 3305 Concilio
1457 3260 1627 3317 Magistri
1658 3261 1888 3310 Clarissimi,
1917 3261 2006 3304 vere
2034 3274 2078 3301 ac

1249 3318 1400 3377 proprie
1422 3348 1435 3367 ,
1465 3319 1502 3361 id
1531 3317 1610 3368 cst,
1646 3318 1772 3362 summi
1801 3334 1843 3362 ac
1871 3317 2078 3410 l‘empgerni

1996 3383 2027 3408 el
