2320 3730
80 1211 234 1246 AdmNoc.

102 1253 160 1282 Sub
182 1257 227 1284 Ire

79 1301 143 1322 naeo
179 1296 242 1331 Epi,-

78 1330 167 1369 scopo
179 1337 239 1370 Hae.

78 1380 193 1406 reuco.

361 217 454 275 348

329 300 400 345 Qi
413 298 514 333 multa
526 297 627 341 millia
639 302 743 343 paffus
757 312 826 334 non
841 296 1025 339 acquievit,
1041 303 1076 327 ut
1091 304 1165 328 cum

328 350 466 394 reliquis
487 360 561 385 eum
576 374 589 398 ‚
614 350 672 400 qui
690 362 760 391 non
782 348 960 388 deliquerat
974 369 984 386 2
1012 344 1166 380 condem·

328 410 421 434 naret
442 424 449 432 .

677 496 765 529 XII.

702 216 1036 262 VARIORUM
1071 213 1314 256 PATRUM
1351 213 1681 273 ErrsroxAE,

1208 302 1279 329 ttur
1296 307 1314 329 a
1336 296 1454 331 Sansto
1479 297 1631 341 Cyrillo,
1656 300 1788 342 Firmo,
1813 301 2004 345 &Acacio,
2033 303 2103 339 istic

1228 345 1412 389 Episcopis.
1443 347 1554 382 Multa
1575 347 1701 388 millia,
1727 361 1795 391 quae
1812 350 1966 388 Meletius
1985 355 2105 388 dicitur

1208 395 1267 442 {ab
1292 395 1419 431 Acacio
1440 398 1562 443 pass'uS,
1589 396 1677 432 haud
1696 398 1795 434 dubie
1815 402 1966 443 paffusest
1977 415 2105 449 propter

1207 446 1460 489 *petulantiamz
1489 450 1607 484 Forsan
1637 459 1794 491 patratam
1815 449 1964 486 adversus
1975 454 2107 489 anathe-

1226 508 1279 530 ma
1293 522 1303 537 ,
1331 498 1420 541 quod
1435 500 1576 533 Aeacius
1598 496 1783 533 Theodoro
1804 499 2105 542 Mopsuestienfiin-

281 550 520 598 JuLIANUs
556 548 836 592 Metropolitanus
859 545 1051 580 sardicensis
1068 569 1080 587 ,
1107 545 1163 588 qui
1225 547 1380 587 flixit‚ac
1391 549 1458 592 ejus
1468 549 1697 595 dogmatibus.
1725 549 1859 583 Etenim
1872 552 2104 594 praesensRele-

325 603 438 645 &ipse
459 602 491 633 se
516 598 681 633 insontem
701 598 720 631 ὲ
746 597 884 637 fraterna
907 597 1081 640 punitione
1104 597 1163 630 ser·

324 662 402 691 vans
415 674 425 690 ‚
451 649 493 691 ad
504 649 608 689 multa
635 647 740 691 millia
757 646 979 694 periculorum
994 646 1161 691 pervenire

271 702 274 705 ’
323 701 507 747 praeelegit.

275 850 312 884 T
315 849 584 886 HEOSEBIUS
610 849 791 895 Episcopus
802 850 858 885 Cii
870 874 882 891 ,
907 849 1157 894 quierubescen-

321 901 409 936 tibus
433 913 509 936 eum
531 902 647 945 ejicere
660 900 858 936 habentibus
882 901 1093 944 potestatem,
1121 900 1155 933 in

323 953 380 986 sua
403 953 448 987 est
460 952 630 991 defundius
644 952 787 987 Ecclesia
800 977 807 984 .
834 952 908 985 Nec
920 961 1028 985 tamen
1039 949 1154 984 Nesto-

319 1002 360 1036 rii
383 1001 577 1047 depositioni
599 1003 762 1039 consensit
780 1027 787 1039 ,
815 1000 890 1034 Nec
913 1001 1156 1036 communicare

318 1053 483 1089 ullatenus
503 1054 636 1099 pertulit
672 1051 723 1087 his
746 1077 757 1095 ‚
783 1053 839 1096 qui
862 1049 1154 1094 cyrilloadjunffi

317 1104 414 1137 sunt.

263 1249 498 1287 ACILINUS
542 1250 710 1285 Barbaliffi
735 1275 745 1291 ‚
774 1247 1017 1294 Euphratesia*
1045 1249 1114 1283 Hic
1133 1248 1152 1282 ὲ

311 1303 427 1337 Castro
458 1300 592 1344 quidem
614 1302 747 1347 fugatus
772 1299 816 1334 est
829 1324 840 1340 ‚
867 1300 947 1335 dum
968 1299 1153 1335 communi-

310 1365 382 1387 care
398 1350 616 1386 Antiocheno
631 1364 700 1387 non
724 1351 941 1393 acquiesceret
950 1363 964 1393 ;
990 1351 1060 1394 post
1085 1349 1151 1383 haec

309 1414 420 1438 autem
435 1402 697 1437 communicavit
719 1399 850 1447 quidem
863 1426 875 1448 ,
901 1413 969 1435 non
985 1411 1097 1437 tamen
1117 1401 1150 1434 &

308 1453 511 1489 Homicidio
530 1451 658 1488 assensit
670 1478 677 1486 .

256 1603 550 1641 MAxiMiNth
593 1553 814 1639 Deniieyriadis
850 1601 1026 1637 Therraliae
1048 1626 1059 1642 ,
1094 1601 1150 1645 qui

307 1667 389 1690 mox
409 1656 547 1699 seipsum
561 1655 630 1698 post
644 1656 761 1688 factam
781 1654 816 1688 in
828 1652 985 1692 Nestorio
996 1652 1152 1701 iniquita-

263 1726 265 1729 ·
307 1715 375 1742 tem
388 1704 430 1741 ab
447 1705 590 1761 Ecclesia
598 1705 774 1750 separavit.

451 1861 939 1906 SCHOLION.

368 2008 421 2040 Oc
448 2006 559 2050 Caput
583 2006 629 2041 est
639 2004 759 2041 summi
771 2005 942 2050 ponderis.
968 2002 1153 2039 Revelat&

400 2055 499 2090 docet
520 2067 567 2089 res
585 2055 650 2089 huc
671 2057 769 2098 usque
790 2053 1152 2097 poenitusincognitas.

255 2104 374 2145 Primo
391 2130 402 2146 ,
428 2103 518 2149 quod
529 2105 634 2140 Sancti
647 2104 768 2147 Cyrilli
778 2103 940 2146 judicium
953 2126 964 2142 ‚
992 2111 1059 2145 quo
1070 2111 1153 2143 qua-

257 2166 337 2192 tuor
349 2155 588 2197 Metropolitas
601 2155 620 2186 a
632 2165 712 2195 pace
722 2153 922 2191 excluserat,
950 2163 1021 2186 non
1034 2150 1153 2184 habue-

258 2208 302 2242 rit
337 2203 491 2238 effectum
519 2203 553 2235 in
585 2200 743 2235 omnibus
769 2223 776 2231 .
805 2201 942 2233 Etenim
974 2199 1154 2233 Helladius

260 2254 458 2290 Tharsenfis
470 2252 534 2287 fuit
555 2249 709 2286 admissus
722 2251 756 2283 in
769 2259 883 2293 pacem
895 2274 906 2290 ,
933 2248 968 2283 &
980 2248 1154 2292 permanfit

255 2306 462 2349 Episcopus.
489 2300 619 2345 Nempe
641 2300 686 2335 ob
706 2302 795 2334 suam
815 2299 1003 2334 Romanam
1016 2297 1154 2342 appella-

259 2356 412 2396 tionem,
438 2354 471 2388 &
490 2353 685 2387 Romanum
698 2350 905 2393 Rescriptum
918 2374 929 2391 ,
956 2361 1023 2393 quo
1040 2348 1154 2382 xistus

260 2405 400 2441 Tertius
411 2403 573 2438 Pontifex
587 2413 656 2436 non
667 2401 773 2435 solum
786 2399 870 2434 istud
885 2400 993 2434 Sancti
1007 2397 1128 2442 Cyrilli
1143 2423 1154 2440 ,

263 2468 325 2491 nec
340 2455 446 2489 solum
459 2450 827 2494 Constantinopolitani
847 2450 994 2485 Concilii
1005 2475 1016 2491 ,
1043 2450 1096 2483 sed
1109 2458 1154 2482 et-

260 2508 332 2542 iam
346 2504 503 2549 Ephesmi
516 2503 663 2538 Concilii
674 2503 853 2537 Decretum
876 2499 1153 2535 circumduxerat.

262 2557 317 2591 Ex
330 2556 398 2601 quo
412 2553 604 2589 lucidiffime
616 2562 703 2596 patet
714 2577 724 2593 ,
751 2551 839 2594 quod
852 2550 1030 2585 Orientalis
1045 2548 1157 2584 Eccle-

263 2609 311 2641 fia
334 2608 458 2649 semper
478 2601 733 2639 constantiffime
753 2599 923 2636 crediderit
942 2599 1154 2635 Generalium

265 2656 479 2699 Synodorum
501 2655 623 2688 sancita
651 2651 773 2686 subesse
797 2651 955 2685 Romano
976 2649 1155 2690 Pontifici,

263 2705 410 2748 §deoque
421 2703 509 2737 hunc
520 2704 584 2737 effe
597 2701 753 2736 omnibus
765 2701 833 2736 istis
844 2701 1040 2745 superiorem
1050 2726 1057 2733 .
1086 2700 1156 2734 Do-

268 2753 403 2794 rotheus
414 2755 446 2788 &
460 2752 636 2788 Eutherius
647 2754 833 2786 manserunt
845 2751 1024 2795 pertinaces
1034 2776 1045 2793 ,
1071 2750 1156 2784 ideo-

270 2817 336 2850 que
355 2806 390 2840 &
416 2804 581 2847 perierunt
600 2813 674 2837 cum
698 2800 888 2844 perditionis
898 2802 970 2835 filio
984 2826 991 2834 .
1019 2800 1067 2836 At
1080 2800 1157 2844 quid

272 2858 392 2892 facturn
403 2854 448 2889 est
462 2853 503 2888 de
514 2853 671 2887 Himerio
683 2853 696 2886 ?
706 2852 840 2885 Etenim
852 2851 891 2885 de
902 2853 969 2894 ejus
983 2850 1160 2895 pertinacia

276 2918 315 2941 ac
327 2905 430 2940 exilio
453 2904 543 2938 nulla
562 2902 617 2937 hic
635 2901 682 2936 est
707 2901 882 2936 memoria.
910 2901 1012 2935 Nulla
1030 2902 1108 2936 item
1120 2901 1161 2934 de

276 2956 343 3000 ejus
356 2955 576 2990 conversione.
587 2951 642 2986 An
652 2952 787 2986 forfitan
807 2959 883 2986 ante
895 2949 961 2985 haec
972 2952 1086 2985 omnia
1097 2951 1166 2985 fue-

275 3008 319 3042 xit
341 3016 489 3041 mortuus
508 3029 518 3046 ,
540 3005 662 3049 ignoro
682 3026 689 3034 .
717 2999 888 3048 Qidquid
909 3001 944 3033 fit
962 3025 973 3041 ‚
999 3001 1164 3036 Nicome-

278 3057 394 3091 dienfis
417 3055 601 3090 Eunomius
623 3051 730 3088 adfuit
750 3050 1009 3086 Chalcedonenfi
1045 3052 1165 3087 Conci-

281 3107 347 3140 lio.

331 3155 410 3189 Hoc
424 3155 531 3199 Caput
543 3153 686 3189 secundo
698 3152 809 3194 docet,
821 3150 910 3196 quod
921 3150 1026 3195 plures
1035 3151 1090 3185 alii
1101 3152 1168 3186 fue·

282 3205 348 3240 rint
370 3205 388 3238 a
412 3216 488 3247 pace
509 3206 629 3239 exclusi
642 3232 650 3239 .
677 3204 781 3239 Porro
803 3201 1071 3246 Hierapolitanus
1088 3201 1166 3236 Ale-

283 3252 406 3290 xander
430 3256 510 3287 Dux
532 3255 635 3288 totius
669 3254 848 3297 pertinaciae
866 3278 877 3294 ‚
907 3252 942 3286 in
977 3252 1166 3296 Egyptum,

282 3304 624 3345 Marcianopolitanus
658 3303 851 3339 Dorotheus
882 3303 918 3337 in
949 3301 1166 3345 Cappadociae

284 3353 522 3396 Metropolim,
547 3354 808 3397 Mopsuestienfis
827 3352 983 3387 Meletius
1007 3353 1070 3386 fuit
1090 3353 1164 3386 rere,

287 3415 381 3453 gatus
395 3402 615 3441 Melitinam:
640 3403 795 3449 Nempe,
822 3400 959 3440 utfirme
969 3402 1166 3438 custodiren-

1224 613 1377 646 gatorum
1389 600 1570 645 Catalogus
1581 600 1628 634 uti
1640 601 1674 634 δε
1684 598 1809 643 Capitis
1819 600 1932 635 titulus
1942 601 1987 635 est
1996 602 2106 639 lrenaei

1222 662 1305 695 opus
1316 677 1327 694 ,
1354 651 1492 694 ideoque
1504 650 1689 685 mirandum
1708 661 1777 684 non
1788 650 1834 684 est
1854 651 1943 694 quod
1954 652 2108 688 Sandium

1222 703 1388 745 Cyrillum
1400 714 1438 736 ac
1449 702 1517 745 ejus
1527 700 1798 746 communionem
1815 699 1956 736 dicteriis
1966 702 2086 737 laceret
2095 727 2109 744 ‚

1221 751 1282 786 hos
1293 762 1402 787 autern
1414 752 1643 786 schismaticos
1653 762 1747 786 ornet
1770 751 1947 786 encomiis.
1973 753 2109 788 Memo-

1221 812 1305 837 ratus
1317 803 1372 837 hic
1382 802 1518 836 Basilius
1527 804 1592 837 fuit
1604 803 1733 837 Lariffae
1754 802 1934 846 Episcopus
1946 826 1958 842 ,
1982 801 2107 838 Metto-

1219 854 1320 897 polita
1331 853 1525 887 Theffaliae.
1554 852 1593 885 In
1614 855 1671 887 sua
1690 852 1877 895 Illyriciana
1899 852 2041 887 Dioecefi
2052 850 2107 887 ha-

1220 904 1291 938 buit
1315 905 1481 938 consortes
1502 903 1669 947 Iulianum
1692 902 1915 937 Sardicensem
1935 913 2012 936 cum
2035 903 2106 947 ipso

1218 954 1439 988 Demetriadis
1451 954 1614 997 Episcopo
1626 978 1633 984 .
1660 953 1786 987 Erroris
1796 953 1829 987 δι
1841 952 2023 997 pertinaciae
2032 953 2105 986 istic

1217 1001 1377 1048 originem
1388 1005 1508 1050 ignoro
1521 1029 1527 1036 .
1555 1004 1686 1047 Opinor
1698 1004 1878 1045 provenisse
1890 1015 1933 1037 ex
1943 1013 1984 1037 eo
1993 1027 2004 1043 ‚
2015 1002 2105 1047 quod

1217 1055 1402 1088 Orientales
1424 1053 1550 1096 Illyrici
1571 1052 1748 1087 Antistites
1770 1063 1849 1086 tunc
1869 1064 1937 1087 non
1949 1052 2020 1086 rard
2029 1051 2106 1086 adi-

1217 1114 1287 1138 rent
1308 1103 1468 1137 solemnes
1479 1104 1626 1144 Synaxes
1639 1102 2003 1145 Constantinopolitani
2025 1102 2105 1146 Epi-

1219 1153 1329 1196 scopi,
1359 1153 1393 1185 δε
1403 1149 1556 1194 Synodos
1571 1174 1578 1181 .
1605 1151 1654 1184 Ita
1665 1149 1810 1184 illivirus
1832 1151 1850 1184 ὲ
1862 1151 2015 1187 Nestorio
2025 1150 2103 1187 hau-

1218 1205 1340 1237 serant.
1370 1203 1465 1236 Hinc
1488 1212 1558 1234 non
1579 1200 1647 1234 fine
1668 1200 1769 1234 caufis
1793 1198 1986 1244 Apostolica
2007 1202 2105 1237 Sedes

1215 1252 1414 1297 improbavit
1436 1251 1513 1285 istos
1536 1251 1699 1291 accessus,
1725 1250 1867 1295 ideoque
1893 1250 1964 1285 istic
1995 1253 2105 1294 posuit

1215 1305 1308 1338 suum
1321 1302 1509 1338 Vicarium.
1537 1301 1708 1349 Qidquid
1720 1301 1756 1334 sit
1768 1322 1779 1338 ²
1803 1300 1867 1335 hoc
1888 1312 2036 1344 tempore
2047 1303 2102 1337 Sa-

1215 1354 1386 1395 turninus,
1413 1363 1511 1397 quem
1531 1351 1550 1385 ὲ
1571 1351 1781 1385 Maximiano
1795 1350 2106 1395 Constantinopoli-

1215 1414 1295 1439 tano
1304 1405 1528 1438 consecratum
1540 1401 1879 1445 Marcianopolitanus
1887 1399 2036 1444 Populus
2055 1400 2105 1436 bis

1215 1454 1374 1497 abjecerat
1394 1479 1405 1495 ,
1435 1452 1568 1489 tandem
1600 1452 1725 1494 accepit
1747 1452 1920 1494 pacificam
1943 1451 2104 1494 poffeffio-

1217 1517 1293 1539 nem
1310 1504 1400 1539 istius
1410 1502 1559 1538 Ecclefiae
1573 1526 1580 1534 .
1608 1501 1800 1536 Alexandro
1815 1500 1994 1536 Panolbius
2006 1526 2018 1542 ‚
2043 1500 2104 1534 Pa-

1217 1554 1330 1588 nolbio
1342 1555 1483 1597 Ioannes
1495 1577 1505 1591 ‚
1533 1552 1652 1594 Joanni
1666 1552 1807 1587 succeffit
1816 1551 1999 1596 Stephanus
2011 1575 2022 1594 ‚
2044 1550 2102 1596 qui

1215 1605 1320 1640 adfuit
1341 1601 1600 1638 Chalcedonenfi
1622 1600 1799 1637 Concilio.

1421 1815 1688 1870 CAPUT
1721 1819 1889 1868 CXCI.
1936 1818 2100 1866 --280

1218 1964 1310 2008 Lex
1339 1976 1417 2026 quae
1438 1974 1565 2009 contra
1591 1957 1821 2022 Nestorium
1827 1956 2016 2027 proposita
2038 1956 2103 2021 esti

1263 2097 1489 2141 Mperatores,
1516 2097 1654 2130 Caesares
1666 2120 1678 2136 ,
1699 2096 1912 2131 Theodofius
1930 2096 1965 2129 δε
1981 2095 2102 2131 Valen-

1289 2146 1456 2186 tinianus,
1487 2144 1636 2180 Vistores
1657 2169 1668 2186 ,
1694 2144 1969 2189 Triumphatores
1991 2169 2003 2185 ,
2027 2145 2101 2179 Ma-

1215 2197 1321 2236 ximi,
1347 2197 1471 2238 semper
1484 2194 1644 2239 Augusti.
1673 2194 1935 2229 Debitaanobis
1949 2194 2099 2230 Piiffimae

1216 2244 1388 2290 Religioni
1409 2242 1553 2277 cultura.
1580 2243 1624 2277 Et
1650 2251 1783 2282 caetera,
1809 2254 1879 2287 quae
1898 2242 1998 2287 polita
2023 2245 2099 2280 sunt

1217 2293 1304 2340 prius
1315 2319 1326 2335 ,
1351 2292 1607 2339 quibusjubetur
1617 2302 1654 2326 ut
1669 2292 1814 2327 Nestorii
1823 2292 1970 2328 vindices
1981 2305 2099 2328 vocen-

1217 2356 1270 2380 tur
1291 2344 1503 2383 Simoniani,
1528 2353 1565 2376 ut
1589 2342 1664 2376 libri
1684 2342 1753 2386 ejus
1771 2353 1905 2378 utantur
1927 2367 1939 2384 ,
1966 2352 2003 2378 ut
2025 2345 2098 2378 nus-

1216 2407 1316 2441 quam
1339 2394 1460 2428 talibus
1481 2393 1578 2426 liceat
1596 2394 1797 2432 convenire,
1822 2402 1858 2427 ut
1883 2393 2096 2436 proscribatur

1216 2446 1272 2490 qui
1284 2446 1332 2480 eis
1345 2445 1455 2478 locum
1466 2442 1687 2477 conveniendi
1698 2442 1898 2487 ubicumque
1914 2443 2082 2487 praebuerit
2090 2467 2098 2477 .

1216 2495 1320 2546 Qod
1334 2491 1388 2531 hic
1399 2493 1534 2538 ponitur
1556 2491 1598 2528 ab
1608 2492 1730 2528 lrenaeo
1740 2516 1749 2526 .

1408 2648 1900 2692 SCHOLION.

1331 2795 1399 2830 AEc
1409 2790 1595 2828 Theodosii
1615 2793 1686 2827 Lex
1698 2792 1801 2827 exstat
1815 2792 1850 2826 in
1861 2789 1953 2827 tertia
1965 2800 2053 2836 parte
2063 2790 2108 2826 E-

1355 2843 1478 2890 phefini
1500 2842 1666 2877 Concilii:
1694 2843 1739 2877 Er
1758 2846 1770 2883 ‚'
1796 2841 1874 2877 licet
1897 2854 1966 2877 non
1989 2842 2108 2886 plena,

1222 2899 1256 2932 in
1278 2893 1515 2931 Theodofiano
1535 2893 1662 2927 Codice
1685 2919 1691 2925 .
1719 2893 1860 2927 Praesens
1887 2893 2107 2936 fragmentum

1222 2946 1267 2983 est
1278 2945 1390 2981 exalia
1402 2944 1614 2979 translatione
1625 2968 1633 2975 .
1659 2942 1741 2977 Haec
1767 2941 1855 2976 haud
1867 2940 1965 2975 dubie
1977 2953 2037 2976 nos
2049 2940 2108 2974 do-

1224 2997 1336 3033 cuiffet
1356 2994 1479 3038 aliquid
1499 3019 1510 3036 ,
1537 2993 1679 3038 ideoque
1703 2992 1886 3028 dolendum
1907 2991 1953 3028 est
1977 3015 1991 3033 ‚
2016 2988 2107 3036 quod

1225 3058 1294 3084 non
1311 3045 1488 3082 habeamus
1500 3046 1661 3091 integram
1674 3068 1683 3078 .

1429 3197 1514 3303 Q

1884 3435 2059 3478 CAPUT
