2320 3730
558 186 862 241 ScHO'LlIs,
912 181 974 230 er
1009 180 1208 230 Norls
1243 195 1640 231 ILLUSTRATAE.

368 391 638 441 CAPUT
674 396 887 444 XXXIV.
936 406 1078 439 -122

197 578 420 644 Contestatio
466 578 636 647 secunda
679 616 694 642 ,
755 598 869 647 quam
919 584 1082 633 Joarmes

268 648 513 699 Antiochenus
562 648 765 720 Epssopus
816 686 829 712 ,
891 653 950 696 ξφ
996 647 1083 697 reli-

957 718 967 734 Χ

270 723 356 786 qui.
373 755 407 768 ..
426 758 439 773 .
475 726 535 768 <9⁴
567 725 678 768 totius
712 719 851 784 Synoah'
884 756 899 780 ,
946 739 973 767 a
1010 736 1083 786 qua

269 789 398 838 direft'z'
435 794 532 857 sitm
563 827 577 851 ‚
626 793 847 859 Imperatori
881 788 1084 854 Theodofio

268 860 323 907 ad
379 860 726 929 Corstantinopolim
784 861 948 910 direxere
996 876 1085 934 per-

258 927 378 994 fimas
398 965 412 979 .

263 1116 354 1162 AEpe
373 1117 439 1162 jam
462 1118 622 1156 Pietatem
646 1121 803 1163 vestram,
830 1122 932 1167 &per
946 1133 1028 1162 nos,
1055 1121 1091 1155 &

288 1180 344 1212 per
359 1168 552 1205 Relationes
572 1173 765 1207 edocuimus
790 1197 801 1213 ‚
827 1173 904 1216 quia
931 1172 1091 1216 periclita-

200 1227 256 1253 tur
280 1220 369 1253 restae
391 1220 504 1265 gloriae
527 1221 651 1266 dogma
673 1223 835 1265 corrumpi
848 1245 859 1261 ‚
882 1223 916 1256 δε
938 1221 1091 1255 Ecclesiae

201 1269 335 1312 Corpus
344 1271 531 1305 exscindere
543 1271 726 1306 moliuntur
741 1271 776 1304 hi
789 1296 799 1312 ,
825 1271 880 1314 qui
892 1271 1006 1304 onmia
1015 1281 1092 1304 con-

202 1318 373 1360 fundunt,
399 1321 523 1364 quique
533 1329 601 1356 tam
612 1323 745 1356 cunstas
758 1321 996 1356 Ecclesiasticas
1024 1321 1093 1354 san·

202 1368 347 1409 errones,
372 1380 471 1412 quam
493 1382 609 1406 omnes
629 1371 794 1406 calcavere
806 1371 1031 1415 Imperatorias
1051 1371 1091 1403 le·

204 1428 280 1463 ges,
308 1419 502 1454 &universa
513 1422 632 1463 pariter
643 1422 865 1461 miscuerunt,
895 1431 931 1456 ut
950 1420 1094 1461 haerefis,

203 1467 317 1512 quae'a
339 1469 471 1511 Cyrillo
492 1469 539 1504 est
551 1470 799 1512 Alexandrino,
825 1471 1031 1516 promulgata
1044 1470 1092 1503 fir-

204 1525 313 1553 metur
333 1541 341 1549 .
377 1518 468 1552 Nam
494 1518 574 1554 dum
596 1522 774 1556 convocati
797 1521 816 1554 a
839 1521 939 1555 vestra
967 1522 1094 1555 Pietate

203 1567 373 1603 fuissemus
394 1568 434 1603 ad
470 1568 637 1613 Ephesum
659 1595 670 1611 ‚
698 1581 736 1605 ut
761 1571 997 1605 discuteremus
1021 1581 1090 1611 eas,

203 1628 278 1662 quae
297 1626 419 1654 exortae
441 1620 537 1661 sunt,
563 1620 756 1665 quaestiones
773 1646 784 1662 ,
810 1621 844 1655 &
858 1621 1094 1665 Evangelicam

202 1675 302 1711 atque
325 1665 553 1712 Apostolicam
575 1669 713 1712 Fidem,
742 1683 811 1716 quae
833 1672 851 1705 a
870 1671 978 1705 Beatis
993 1671 1095 1704 Patri-

204 1717 269 1752 bus
284 1717 330 1751 est
347 1720 489 1762 expofita
502 1744 513 1761 ,
540 1721 762 1756 firmaremus:
790 1723 882 1757 Dum
909 1732 970 1756 nec
983 1722 1092 1758 cunffi

206 1767 364 1812 Episcopi
387 1770 612 1806 conveniffent
631 1796 642 1812 ,
668 1773 724 1816 qui
746 1773 873 1806 fuerant
893 1771 1096 1811 convocati,

206 1817 259 1852 illi
280 1819 429 1854 fecerunt
448 1821 642 1864 particulare
655 1823 849 1857 Concilium
862 1847 873 1862 ,
899 1824 954 1865 qui
979 1820 1097 1855 haereti-

208 1867 314 1903 cailla
325 1869 502 1912 Capitula,
532 1871 606 1905 Arii
633 1872 859 1909 &Eunomii‚
886 1881 983 1913 atque
996 1870 1097 1913 Apol-

210 1916 322 1951 linarii
345 1920 481 1953 vesaniae
501 1922 646 1955 consona
669 1945 680 1961 ,
706 1922 792 1955 inter
817 1921 915 1955 Gesta
936 1943 946 1959 ‚
974 1931 1043 1964 quae
1063 1921 1098 1953 in

211 1967 340 2009 Scripto
361 1969 437 2002 sunt
459 1967 590 2009 habita,
618 1972 847 2005 firmaverunt.
875 1971 919 2003 Et
941 1970 1098 2014 quosdam

211 2015 347 2060 quidem
359 2015 565 2062 seducentes;
591 2020 718 2063 aliquos
731 2020 826 2061 vero,
855 2019 966 2063 quide
981 2018 1098 2052 Haeresi

214 2065 422 2110 pulsabantur
449 2092 461 2109 ,
501 2069 542 2103 ad
569 2071 842 2104 communionem
869 2069 1099 2112 suscipientes,

213 2126 284 2150 non
311 2118 524 2160 praeveniente
545 2119 697 2162 Judicio;
725 2120 799 2154 aliis
819 2119 898 2153 vero
911 2129 1099 2153 excommu-

211 2166 392 2201 nicationis
427 2169 628 2203 solutionem
654 2182 713 2214 pro
735 2169 883 2205 mercede
909 2168 1100 2211 reddentes·,

210 2217 395 2250 nonnullos
416 2228 525 2252 autem
551 2220 604 2262 spe
618 2220 826 2265 principatus
848 2220 1101 2262 incompetentis

213 2270 376 2300 armantes
400 2289 411 2305 ‚
447 2267 653 2312 sibimetipsis
680 2270 933 2305 multitudinem
960 2269 1100 2313 college-

214 2325 292 2350 runt
304 2330 315 2349 :
343 2316 533 2361 Tamquam
546 2320 709 2354 nescirent
722 2344 733 2361 ,
758 2322 834 2364 quia
848 2320 924 2354 fidei
947 2319 1101 2364 pietatem

212 2377 282 2400 non
297 2365 446 2402 ostendat
458 2369 659 2411 multitudo,
686 2371 740 2405 sed
764 2372 900 2405 veritas.

265 2415 369 2449 Lectae
381 2418 454 2450 sunt
467 2418 598 2460 quidem
612 2420 689 2452 item
703 2420 818 2453 litterae
830 2419 965 2454 Pietatis
976 2420 1082 2453 vestrae
1094 2441 1104 2456 ,

216 2474 297 2507 quas
319 2475 373 2505 per
385 2464 631 2499 Candidianum
654 2467 1015 2511 Magnificentiffimum
1039 2468 1104 2501 Co·

217 2513 331 2547 mitem
345 2513 528 2555 direxistis,
556 2526 626 2558 quae
648 2517 888 2557 continebant,
914 2517 992 2560 quia
1010 2528 1105 2560 opor·

217 2572 266 2597 tet
286 2572 362 2596 cum
385 2561 541 2598 charitate
553 2564 691 2599 fraterna
708 2590 718 2607 ,
744 2566 922 2610 &pacifice
933 2578 986 2601 eas
999 2591 1009 2606 ‚
1036 2578 1105 2610 quae

217 2612 479 2656 pullulaverant,
505 2614 621 2648 discuti
635 2615 854 2658 quaestiones,
880 2617 1104 2650 convenienti-

216 2661 278 2696 bus
300 2661 368 2703 his,
395 2663 451 2707 qui
476 2664 650 2699 convocati
675 2667 750 2699 sunt
767 2690 778 2706 ,
808 2667 885 2699 Deo
905 2666 1106 2700 amiciffimis

217 2711 373 2750 omnibus
386 2713 554 2757 Epist-opis
567 2715 704 2757 pariter.-
732 2716 776 2749 Et
797 2715 880 2750 nihil
907 2715 1002 2750 lectio
1013 2725 1104 2750 tanta

218 2763 357 2806 profecit
382 2788 387 2794 .
425 2763 530 2798 Venit
554 2764 720 2801 Palladius
742 2766 966 2801 devotiffimus
997 2767 1105 2811 Magi-

218 2813 374 2853 finanus,
400 2813 517 2848 alteras
529 2815 657 2858 Imperii
683 2817 779 2850 vestri
804 2818 926 2851 litteras
940 2816 1104 2858 deferens,

219 2861 437 2906 significantes
448 2865 523 2906 quia
540 2874 670 2908 oportet
682 2868 814 2908 omnia,
841 2878 913 2909 quae
933 2866 1104 2911 particula·

220 2913 298 2946 riter
307 2913 389 2947 fasta
404 2914 477 2948 sunt
493 2939 504 2955 ‚
529 2915 694 2958 exstirpari
708 2941 719 2957 ,
744 2918 777 2951 &
791 2917 831 2951 ab
843 2917 941 2951 initio
956 2928 1106 2951 reconve-

220 2962 291 2996 nire
312 2962 503 2999 Concilium
517 2989 527 3004 ,
554 2976 592 2999 ac
605 2976 713 2999 verum
735 2967 871 3012 Dogma
895 2967 1031 3001 firmari.
1060 2968 1104 3001 Et

221 3009 288 3045 hoc
311 3022 438 3056 quoque
461 3016 550 3057 pium
573 3016 751 3051 Decretum
775 3018 912 3052 vestrum
950 3017 1105 3052 consuete

222 3069 446 3104 contemptum
459 3066 503 3099 est
519 3064 560 3098 ab
575 3063 626 3099 his
637 3089 647 3105 ‚
671 3067 727 3111 qui
739 3068 857 3102 temere
869 3069 1019 3102 universa
1032 3078 1105 3111 prae-

224 3110 359 3145 sumunt
389 3136 394 3142 .
437 3113 582 3148 Advenit
608 3116 727 3151 deinde
762 3117 1105 3163 Magnificentiffimus

223 3160 385 3205 Magister
398 3161 537 3204 Joannes
551 3189 561 3205 ,
587 3166 642 3208 qui
657 3167 807 3202 omniurn
820 3179 899 3204 tunc
920 3170 1020 3212 usque
1030 3168 1105 3202 Lar-

222 3211 393 3254 gitionum
415 3211 537 3247 Comes
554 3225 642 3255 erat,
666 3216 780 3252 alteras
791 3218 958 3260 deferens,
984 3218 1103 3263 fignifi-

225 3270 338 3294 cantes
357 3260 445 3302 quod
457 3262 553 3296 trium
566 3263 723 3307 depositio
733 3268 750 3301 a
762 3269 865 3302 vestro
881 3269 1025 3312 Imperio
1038 3269 1105 3302 fue-

225 3310 268 3343 rit
279 3311 471 3353 approbata:
503 3313 547 3347 Et
559 3315 634 3357 quia
647 3317 838 3359 pullulantia
849 3320 997 3352 scandala
1010 3329 1105 3362 opor-

1856 201 1943 232 111

1141 265 1250 301 Beatis
1276 266 1311 300 &
1331 265 1454 300 Sanetis
1463 263 1614 300 Patribus
1636 269 1777 309 exposita
1801 269 1869 312 est,
1895 270 1936 305 ab
1948 281 2020 305 om.

1142 316 1237 350 nibus
1259 316 1401 351 roborari
1423 341 1430 348 .
1474 316 1584 350 Etiam
1610 316 1704 350 istam
1731 319 1836 363 legem
1864 320 2020 358 consuete

1141 366 1319 411 transgreffi
1330 367 1422 400 sunt:
1451 367 1555 414 Qod
1566 366 1722 400 omnibus
1734 367 1850 403 ludunt
1860 396 1867 403 .

1191 416 1274 451 Non
1293 416 1380 451 enim
1403 417 1596 460 quieverunt
1620 417 1719 452 etiam
1746 429 1805 461 pro
1832 418 2021 462 hujusmodi

1142 465 1278 501 leffione
1295 479 1303 499 t
1332 466 1375 501 Et
1395 467 1680 502 communicantes
1700 468 1887 511 Depositis,
1912 471 1947 504 δε
1968 483 2020 506 eo-

1143 527 1212 550 rum
1224 518 1382 556 nomina,
1406 518 1491 560 quafi
1513 520 1614 552 essent
1635 518 1788 562 Episcopi
1810 542 1821 558 ‚
1850 520 2025 554 nominau-

1142 576 1206 600 tes.
1235 567 1309 601 Nec
1321 567 1399 601 vero
1412 568 1488 611 paffi
1502 568 1574 602 sunt
1588 567 1739 603 abdicare
1751 591 1762 608 ,
1788 579 1858 611 quae
1877 569 1918 603 ad
1941 580 2028 604 mor-

1143 615 1222 650 bum
1246 618 1552 662 corruptionemque
1572 618 1631 662 piae
1640 617 1733 653 Fidei
1754 619 1827 653 sunt
1838 619 2026 663 promulga-

1144 675 1176 699 ta
1190 665 1361 709 Capitula.
1391 669 1434 701 Et
1447 665 1511 702 haec
1523 692 1534 708 ,
1560 667 1638 702 dum
1651 667 1760 713 saepius
1770 667 1811 703 ad
1823 668 2028 714 disceptatio-

1145 725 1218 748 nem
1230 726 1421 750 vocarentur
1442 717 1459 750 a
1473 718 1584 752 nobis.
1614 718 1746 754 Paratas
1757 720 1847 754 enim
1861 719 2032 755 haeretico-

1145 776 1218 799 rum
1240 765 1473 808 Capitulorum
1493 767 1720 805 convistiones
1737 768 1910 804 habuimus
1934 797 1943 805 .
1983 769 2029 804 Et

1146 814 1234 849 testis
1245 815 1289 848 est
1303 814 1420 848 horum
1433 817 1580 857 praefatus
1592 819 1936 864 Magnificentiffimus
1957 820 2030 854 Ma·

1147 865 1269 910 gister,
1296 865 1352 909 qui
1379 865 1412 898 &
1426 875 1486 898 nos
1513 865 1643 908 &ipsos
1668 869 1810 904 &tertio
1831 869 2031 905 convocavit

1148 916 1180 949 ἀ
1192 915 1325 957 quarto.
1359 914 1516 958 Dumque
1527 913 1593 949 hoc
1604 926 1857 959 proponeremus
1870 946 1881 962 ,
1905 919 2011 956 audiit
2023 944 2030 951 .

1150 965 1358 1010 Rogavimus
1383 964 1471 1008 prins
1495 964 1562 999 haec
1581 975 1714 1009 propter
1738 969 1870 1004 illorum
1897 970 2035 1015 pertina-

1150 1015 1258 1057 ciam,
1285 1025 1322 1050 ut
1343 1015 1409 1049 huc
1430 1025 1643 1050 evocaremur
1665 1041 1671 1048 .
1699 1015 1745 1050 Et
1766 1019 1915 1053 venimus
1937 1046 1948 1061 ,
1974 1031 2035 1054 nee

1151 1066 1321 1110 paululum
1346 1065 1516 1101 remorati.
1544 1065 1620 1100 Nec
1640 1076 1683 1100 ex
1705 1076 1772 1109 quo
1787 1066 1955 1108 venimus,
1980 1071 2036 1104 ali·

1151 1115 1284 1159 quaudo
1295 1117 1487 1150 cessavimus
1502 1139 1513 1156 ,
1540 1116 1576 1150 δε
1589 1126 1700 1150 coram
1714 1116 1841 1151 Pietate
1852 1117 1953 1150 vestra
1966 1142 1977 1157 ‚
2003 1120 2038 1153 δε

1151 1178 1261 1200 coram
1287 1166 1492 1201 Confistorio
1513 1166 1697 1202 excellente
1715 1175 1891 1212 rogantes,
1919 1176 1956 1200 ut
1980 1178 2040 1211 pro

1152 1216 1317 1260 Capitulis
1328 1226 1492 1251 certamen
1504 1217 1708 1261 exciperent:
1737 1214 1782 1252 Et
1795 1227 1851 1253 aut
1874 1216 1914 1251 ad
1928 1217 2042 1252 confli-

1152 1268 1238 1300 Ctum
1261 1268 1434 1307 venirent,
1461 1276 1516 1302 aut
1540 1268 1628 1303 certe
1651 1266 1809 1312 pellerent
1838 1278 1874 1302 ea
1885 1275 2042 1311 tanquam

1138 1318 1139 1322 ’
1151 1317 1244 1351 Fidei
1258 1315 1466 1351 Orthodoxae
1478 1317 1586 1353 aliena
1599 1344 1610 1360 ,
1636 1319 1669 1353 ὅ(
1683 1328 1906 1363 permanerent
1927 1319 1960 1352 in
1974 1318 2044 1352 sola

1153 1365 1227 1401 fidei
1247 1367 1454 1411 expolitione
1469 1367 1650 1403 Beatorum
1661 1368 1796 1403 Patrum
1809 1394 1821 1411 ,
1847 1369 1905 1414 qui
1927 1368 2045 1403 Nicaeae

1154 1428 1382 1452 convenerunt
1394 1444 1400 1451 .

1205 1467 1248 1501 Et
1273 1479 1349 1503 ecce
1370 1468 1419 1502 illi
1444 1468 1597 1512 quidem,
1625 1469 1681 1514 qui
1707 1468 1793 1504 nihil
1810 1468 1930 1505 horum
1943 1470 2046 1504 facere

1155 1518 1332 1553 voluerunt
1344 1543 1354 1558 ,
1380 1518 1481 1556 sedin
1495 1518 1555 1553 hac
1567 1517 1715 1556 haeretica
1737 1521 1957 1554 controversia
1980 1530 2048 1563 per-

1155 1569 1267 1603 sistunt
1287 1593 1298 1608 ‚
1324 1580 1394 1613 quae
1410 1567 1450 1604 ad
1464 1569 1688 1606 Ecclesiastica
1713 1569 1748 1609 δι’
1770 1570 1988 1606 Sacerdotalia
1999 1569 2048 1602 of-

1156 1618 1229 1652 ficia
1244 1619 1431 1661 pertinent,
1458 1619 1856 1662 permittunturimplere;
1885 1630 1946 1652 nos
1970 1617 2049 1652 vero

1156 1668 1275 1712 absque
1289 1668 1438 1702 Collesta
1450 1677 1545 1702 tanto
1566 1678 1714 1711 tempore
1736 1678 1964 1712 permanentes
1979 1693 1989 1711 a.
2016 1669 2050 1701 &

1157 1718 1191 1751 in
1219 1716 1373 1760 Epheso,
1403 1716 1527 1758 &hic,
1553 1718 1586 1751 δε
1610 1718 1704 1760 illic,
1731 1727 1830 1763 atque
1859 1718 1913 1753 hic
1927 1719 2052 1763 pericu-

1141 1773 1143 1786 *
1158 1768 1266 1803 lorum
1288 1767 1395 1801 millia
1409 1768 1513 1802 multa
1526 1769 1658 1813 perpessi
1671 1794 1678 1801 .
1708 1769 1751 1803 Et
1764 1769 1898 1812 lapidati
1922 1768 1940 1802 a
1954 1768 2050 1803 servis

1158 1819 1279 1853 amistu
1293 1817 1492 1852 Monachali
1506 1818 1700 1861 oporteffls.
1729 1818 1773 1852 Et
1785 1819 1845 1852 hac
1866 1818 1965 1862 paulo
1989 1819 2049 1852 mi-

1159 1868 1222 1901 nus
1234 1864 1345 1900 subito
1358 1867 1563 1909 interempti.
1593 1867 1924 1914 Qievimusquippe
1947 1880 2004 1911 pro
2017 1868 2052 1901 fi-

1143 1917 1213 1958 }dei
1234 1917 1354 1959 pietate
1386 1916 1499 1950 omnia
1512 1916 1723 1951 sustinentes.
1752 1917 1829 1951 Post
1852 1915 2052 1961 haecplacuit

1144 1959 1145 1972 ¹
1161 1967 1281 2001 Pietati
1294 1965 1401 1999 vestrae
1427 1965 1459 1998 ὅ(
1475 1976 1535 1998 nos
1560 1966 1593 1999 &
1613 1966 1689 2000 illos
1704 1967 1822 2009 pariter
1846 1979 2030 2001 convocare
2042 1993 2052 2008 ‚

1144 2039 1145 2048 1
1160 2016 1194 2049 &
1206 2027 1261 2049 eos
1273 2015 1328 2057 qui
1343 2014 1523 2056 pertinaces
1536 2015 1610 2047 sunt
1621 2039 1632 2056 ,
1658 2026 1776 2060 cogere
1790 2015 1830 2049 ad
1843 2017 2053 2061 Dogmatum

1144 2065 1271 2099 'venire
1295 2062 1566 2107 disceptationem
1588 2089 1595 2096 .
1629 2066 1789 2108 Dumque
1817 2065 1882 2101 hoc
1906 2069 2053 2102 futurum

1144 2114 1331 2157 'sustineret
1351 2113 1461 2149 Pietas
1485 2114 1583 2149 vestra
1602 2139 1613 2155 ,
1641 2115 1681 2149 ad
1707 2116 1887 2152 Civitatem
1911 2119 2053 2162 profesta

1145 2182 1146 2185 ¹
1163 2166 1208 2201 est
1224 2192 1231 2199 .

1214 2216 1258 2250 Et
1278 2215 1354 2250 illos
1377 2215 1534 2260 quidem,
1561 2219 1824 2261 quiaccusantur
1848 2218 1968 2253 haerefis
1983 2244 1992 2259 ‚
2020 2219 2056 2253 δε

1146 2290 1147 2304 2
1164 2277 1306 2308 quorum
1318 2266 1452 2310 quidam
1464 2267 1597 2309 quidem
1609 2277 1740 2311 propter
1752 2266 1817 2302 hoc
1827 2270 1845 2302 a
1860 2270 1955 2303 nobis
1967 2269 2059 2303 dam·

1165 2318 1234 2351 nati
1249 2318 1321 2351 sunt
1337 2341 1348 2358 ,
1375 2316 1431 2350 alii
1444 2316 1522 2351 vero
1533 2318 1875 2353 excommunicationi
1901 2319 2055 2362 subjesth

1147 2395 1148 2399 ,
1164 2369 1219 2411 qui
1232 2368 1331 2401 etiam
1345 2366 1512 2409 nunciam
1523 2367 1581 2401 sub
1592 2368 1655 2402 alia
1668 2368 1798 2413 Regula
1810 2369 1951 2404 obnoxii
1965 2371 2054 2409 sunt,

1147 2452 1148 2455 Ἴ
1165 2417 1204 2449 ad
1218 2416 1400 2449 Civitatem
1415 2417 1523 2449 venire
1533 2419 1682 2460 praecepit
1693 2442 1705 2459 ,
1730 2419 1765 2453 δε
1783 2419 1961 2453 Sacerdotii
1988 2419 2057 2453 Mi-

1146 2459 1149 2487 l
1166 2465 1334 2498 nisterium
1346 2474 1453 2508 gerere
1465 2487 1476 2503 ‚
1503 2465 1536 2498 &
1548 2465 1746 2509 Episcopum
1758 2469 1945 2502 consecrare
1956 2480 1965 2509 3
1994 2479 2055 2503 nos

1166 2514 1259 2554 vero,
1289 2513 1345 2557 qui
1369 2523 1533 2547 certamen
1556 2526 1616 2558 pro
1629 2516 1681 2558 pia
1698 2516 1764 2550 fide
1777 2517 1993 2561 suscepimus,
2019 2519 2055 2553 &

1165 2574 1265 2598 omne
1289 2562 1469 2607 periculum
1496 2574 1557 2605 pro
1583 2566 1673 2598 restis
1700 2566 1861 2609 elegimus
1900 2567 2055 2602 sustinere

1168 2612 1408 2659 Dogmatibus‚
1434 2623 1494 2646 nec
1510 2612 1642 2648 Urbem
1654 2613 1740 2655 juffit
1752 2615 1870 2650 intrare
1882 2641 1892 2657 ,
1910 2628 1970 2652 nec
1984 2629 2056 2662 pro-

1167 2675 1310 2709 pugnare
1324 2674 1381 2706 pro
1392 2662 1457 2697 fide
1468 2687 1479 2704 ‚
1505 2661 1584 2697 dum
1596 2674 1804 2709 expugnetur
1825 2666 1866 2700 ab
1879 2667 1951 2701 aliis
1962 2691 1973 2707 ‚
1999 2678 2056 2702 ne-

1166 2726 1229 2758 que
1244 2726 1303 2757 pro
1315 2712 1541 2757 Dogmatibus
1563 2714 1806 2750 reffisinfistere
1818 2739 1829 2757 ‚
1856 2715 1909 2751 sed
1932 2727 1992 2752 nec
2013 2717 2054 2753 ad

1167 2763 1294 2809 propria
1309 2763 1424 2797 saltem
1443 2762 1547 2797 redire
1558 2765 1712 2800 conceffit
1724 2791 1732 2798 .

1218 2816 1261 2848 Et
1275 2815 1385 2847 sumus
1406 2812 1620 2849 Chalcedone
1631 2817 1748 2856 anxii,
1774 2816 1809 2850 δε
1823 2817 1977 2852 coarctati
1999 2827 2054 2862 ge-

1168 2864 1288 2898 mimus
1299 2864 1340 2899 de
1351 2862 1539 2905 schismate,
1568 2866 1657 2910 quod
1671 2876 1786 2900 contra
1801 2866 1978 2901 Ecclesiam
1990 2877 2054 2900 me·

1167 2914 1331 2949 ditantur.
1359 2914 1469 2957 Hujus
1493 2917 1536 2948 rei
1559 2917 1687 2960 gratia,
1713 2926 1883 2960 tamquam
1906 2916 1962 2961 qui
1982 2917 2056 2951 nul-

1168 2965 1236 2999 lum
1250 2964 1451 3009 Responsum
1467 2965 1634 3008 potuimus
1644 2965 1793 3002 obtinere
1805 2991 1814 3007 ‚
1840 2967 2053 3002 necessarium

1166 3016 1322 3050 duximus
1333 3016 1496 3049 Pietatem
1516 3018 1652 3051 vestram
1666 3027 1720 3058 per
1738 3014 1928 3051 haslitteras
1938 3017 2053 3052 edoce-

1167 3078 1200 3100 re
1221 3068 1254 3100 in
1279 3066 1450 3109 conspectu
1475 3066 1564 3106 Dei,
1589 3065 1758 3101 &Christi
1769 3067 1860 3110 ejus,
1888 3068 1923 3101 ἀ
1944 3067 2050 3102 Sansti

1167 3117 1326 3160 Spiritus,
1350 3115 1426 3160 quia
1447 3117 1467 3149 fi
1489 3115 1561 3157 quis
1581 3126 1658 3150 ante
1690 3116 1930 3152 restitutionem
1952 3119 2052 3153 resto-

1165 3178 1237 3200 rum
1247 3168 1456 3211 Dogmatum
1468 3166 1564 3199 fuerit
1576 3166 1748 3201 ordinatus
1759 3167 1800 3202 ab
1813 3166 1865 3202 his
1875 3192 1886 3208 ,
1912 3168 1968 3210 qui
1989 3167 2054 3202 ha:-

1166 3215 1264 3251 retice
1283 3217 1324 3251 de
1345 3216 1408 3250 fide
1431 3216 1596 3256 sentiunt,
1625 3225 1759 3251 omnem
1779 3218 1902 3252 necesse
1912 3218 1976 3252 effe
1990 3217 2053 3252 Ec-

1165 3267 1294 3302 clefiam
1305 3267 1460 3310 separari,
1488 3264 1710 3301 scindentibus
1722 3269 1786 3302 sese
1811 3267 1995 3312 &Populis
2015 3268 2051 3301 ἅ·

1167 3317 1271 3352 Cleris
1283 3341 1294 3358 ,
1320 3317 1354 3351 &
1364 3326 1476 3351 contra
1490 3316 1630 3351 invicem
1643 3317 1879 3353 collidentibus
1892 3344 1899 3351 .
1928 3317 2049 3352 Nullus

224 3369 307 3396 teret
326 3361 444 3402 evelli,
470 3363 505 3396 δε
528 3363 628 3398 solam
650 3365 748 3400 fidem
773 3391 783 3408 ,
809 3380 878 3412 quae
898 3369 933 3402 in
953 3369 1063 3403 Nicaea
1087 3368 1105 3402 a
1166 3368 1255 3403 enim
1267 3366 1317 3412 pie
1328 3367 1538 3402 sentientium
1551 3367 1718 3403 sustinebit
1732 3391 1744 3410 ,
1767 3379 1804 3404 ut
1824 3368 1890 3403 illis
1903 3377 2053 3406 commu·¹

325 3409 430 3451 Cbrzst.
443 3415 523 3455 Lupi
535 3418 634 3456 Opera
646 3418 757 3449 T.V11.

1590 3415 1620 3452 Κ
1673 3429 1695 3455 2

1894 3416 1999 3456 nicet,
