2320 3730
54 1915 191 1946 2.Tim-1·

573 219 893 286 Scuomrs,
924 239 987 274 ετ
1021 224 1223 274 Νοτῐέ
1257 229 1645 272 llLUSTRArAE.

209 313 370 354 stantibus
379 313 621 349 communicare
633 317 689 350 suo
701 317 852 361 legitimo
874 328 911 351 ac
923 312 1092 351 Orthodo-

201 380 260 403 <xo
281 366 460 409 Episcopo.
486 364 684 408 Huiusmodi
707 367 878 406 homines,
905 367 927 399 fi
951 366 1000 400 vel
1010 363 1090 398 scin-

208 418 313 454 tillam
336 415 500 449 charitatis
522 415 699 458 haberent,
727 428 795 451 non
814 417 990 450 lacerarent
1009 415 1089 449 Cor-

209 477 270 512 pus
290 464 412 501 Christi
437 490 447 506 ,
472 467 561 510 quod
590 467 635 501 est
661 465 819 502 Ecclefia.
848 464 980 512 Qasr&
999 462 1091 498 disci-

200 528 282 552 ·mus
302 541 313 556 ,
338 516 425 560 quod
449 516 588 559 Joannes
625 515 811 551 Antiochia}
831 511 996 548 Patriarha
1016 537 1029 553 ,
1055 513 1090 546 &

205 567 322 600 cuneta
342 566 410 609 ejus
430 565 542 601 Factro
563 567 738 603 firmiffime
754 564 950 600 crediderint
962 588 974 604 ,
1000 562 1089 608 quod

203 615 340 651 Sanstus
360 615 525 658 Cyrinus,
552 630 589 652 ac
610 618 666 661 ipfi
683 615 844 651 adhaerens
864 614 1023 660 Ephefina
1033 613 1090 657 Sy-

204 666 316 701 nodus
336 665 491 700 docerent
513 669 645 702 unicam
658 676 804 701 naturam
820 666 856 699 in
875 663 1009 698 Christo
1020 665 1091 698 Do-

205 716 302 751 mino
314 741 321 748 .
348 715 429 751 Haec
440 717 505 752 fuit
515 728 586 754 tota
596 716 689 753 radix
699 716 791 752 istius
815 715 988 762 pertinacis
998 714 1069 749 odii
1081 735 1090 746 .

393 1022 659 1070 CAPUT
693 1024 877 1073 XLVII.
944 1037 1080 1084 --135

203 1207 300 1257 Alia
333 1210 502 1279 Epssola
537 1211 765 1260 Theodoretz‘
807 1212 861 1259 ad
904 1211 1090 1281 Populum

283 1317 285 1323 .
342 1280 788 1349 Constantinopolitanum
802 1318 816 1344 ,
852 1301 951 1330 com-

518 1351 738 1399 mendatitia
763 1387 777 1400 .

302 1510 460 1547 Uantum
474 1521 537 1546 nos
545 1512 665 1546 anxios
676 1512 759 1546 sacit-
767 1522 856 1546 error
874 1523 987 1548 eorum
999 1537 1010 1554 ‚
1034 1512 1091 1556 qui

326 1563 441 1596 restam
463 1561 548 1597 viam
571 1562 835 1607 dereliquerunt,
860 1573 927 1597 tam
951 1563 1092 1596 laetificat

311 1650 313 1653 v
355 1611 461 1645 vestras
482 1613 559 1646 Deo
583 1611 809 1646 Aru-bilitatis
840 1611 966 1647 fervens
992 1613 1091 1648 Zelus

203 1669 265 1703 pto
275 1658 476 1706 Evangelica
494 1661 558 1696 fide
570 1687 578 1695 .
605 1663 794 1697 Invenimus
804 1664 892 1698 enim
904 1664 937 1697 δε
953 1663 1091 1697 Beatum

203 1708 350 1745 Paulum
370 1711 540 1746 dolentem
567 1712 701 1755 quidem
712 1715 810 1747 nimis
829 1713 871 1748 de
884 1715 1007 1748 insania
1032 1714 1091 1747 ini-

203 1759 382 1803 micorum,
396 1762 612 1796 reanimatum
620 1773 729 1798 tamen
741 1762 783 1798 de
794 1765 922 1798 unitate
934 1764 1090 1798 fidelium.

206 1808 316 1845 Unde
326 1812 360 1845 δε
371 1811 559 1847 Timotheo
572 1813 714 1847 scribens
729 1814 892 1847 tristitiam
905 1838 917 1854 ,
943 1825 1040 1857 quam
1052 1814 1092 1846 de

204 1858 274 1892 illis
284 1859 424 1895 habebat
437 1886 448 1902 ‚
472 1863 628 1895 revelavit
654 1864 689 1896 &
699 1862 901 1906 refrigerium
911 1887 923 1903 ‚
949 1862 1039 1905 quod
1051 1862 1092 1896 de

207 1908 279 1942 istis
291 1934 302 1950 ,
328 1910 495 1953 inquiens:
526 1911 612 1952 Nosti
622 1917 695 1954 qula
706 1910 880 1955 averfisunt
890 1915 910 1945 ἃ
921 1924 967 1945 me
980 1923 1093 1954 omnes,

206 1957 340 2001 quisunt
355 1965 390 1993 in
403 1959 484 2001 Afia.
514 1964 648 2003 ,Quorum
671 1962 709 2001 est
720 1961 858 1995 Philetus
884 1963 919 1995 Θ
943 1965 1094 2006 Hermoge-

208 2020 274 2042 nes.
302 2009 347 2044 Et
355 2009 532 2044 ostendens
542 2011 660 2044 fastam
671 2010 728 2045 fibi
739 2011 897 2055 perillam
910 2013 1093 2056 angustiam

209 2058 383 2097 Divinitus
399 2060 662 2098 consolationem
683 2084 694 2099 ‚
722 2072 801 2094 mox
822 2060 1032 2102 superadjecit
1059 2060 1093 2093 δε

209 2106 296 2143 haec:
322 2112 383 2143 Det
392 2113 537 2142 Dominus
549 2108 777 2152 misericordiam
791 2108 959 2151 Onefipbori
971 2113 1094 2150 Domui,

208 2163 260 2200 qul
265 2156 347 2202 sape
357 2171 404 2194 me
415 2158 610 2203 refrigeravit
620 2184 632 2200 ,
657 2161 692 2194 Θ
704 2168 841 2193 catenam
852 2171 949 2193 meam
962 2171 1020 2193 non
1031 2171 1093 2194 eru-

209 2208 275 2242 buit
287 2232 296 2240 .
323 2211 373 2241 Et.
389 2214 517 2242 veniens
541 2212 668 2241 Romam
685 2209 840 2251 studiofis‘cs
868 2221 914 2243 me
932 2208 1067 2252 quaefivit
1081 2235 1091 2250 ,

211 2259 247 2291 Θ
256 2262 376 2292 invenit
385 2284 394 2291 .
421 2261 484 2292 Det
497 2258 542 2291 illl
554 2261 698 2293 Dominus
710 2263 850 2293 invenire
863 2258 1093 2304 misericordiam

210 2310 233 2340 ἃ
253 2311 334 2342 Deo.

259 2357 450 2392 Maximam
468 2358 569 2404 igitur
590 2359 695 2393 &nos
715 2358 872 2394 habemus
895 2361 1094 2395 consolatio·

211 2416 291 2447 nem
300 2431 312 2447 ,
337 2408 416 2440 Deo
426 2407 650 2441 Amabilitatis
662 2408 771 2441 vestrae
782 2409 996 2442 devotionem
1008 2434 1015 2441 .
1046 2410 1094 2442 Et

211 2455 350 2490 firmitas
360 2452 438 2489 fidei
449 2454 560 2489 vestrae
569 2455 716 2490 dissolvit
740 2457 906 2491 tristitiam
920 2458 1067 2492 nostram
1084 2481 1095 2498 ‚

212 2515 314 2548 quam
332 2504 416 2548 parit
438 2503 556 2548 hyems
577 2529 589 2545 ,
615 2517 686 2549 quae
706 2506 955 2550 comprehendit
985 2507 1095 2542 Eccle-

213 2556 273 2589 fias
294 2579 304 2588 .
341 2553 450 2590 Unde
470 2553 569 2588 etiam
603 2554 713 2597 saepius
738 2555 880 2590 scribens
901 2557 1094 2592 festinamus

210 2603 315 2639 etiam
334 2608 464 2646 accipere
481 2604 621 2638 sanctam
651 2604 827 2639 lectionem
851 2606 989 2640 vestram
1013 2632 1020 2638 .
1049 2608 1094 2642 Et

206 2756 316 2796 -usque
343 2754 385 2788 ad
408 2762 547 2788 mortem
572 2753 754 2790 dostrinam
776 2755 931 2791 traditam
954 2755 1052 2791 nobis
1078 2757 1096 2791 a

214 2804 340 2839 Sanstis
360 2801 546 2847 Apostolis.
575 2801 780 2839 Attestantur
800 2806 878 2840 vero
900 2805 951 2840 his
980 2806 1097 2841 litteris
1139 2828 1141 2830 -

212 2854 401 2890 &Domini
423 2854 490 2888 mei
511 2853 721 2895 sanstiffimi,
747 2855 868 2891 &Deo
892 2856 1095 2891 Amiciffimi

216 2903 372 2949 Episcopi
394 2904 535 2947 joannes
553 2927 564 2944 ‚
596 2902 632 2936 &
654 2903 767 2940 Petrus
786 2930 798 2946 ,
823 2906 858 2940 &
884 2905 1011 2942 Eliseus
1025 2930 1036 2946 ‚
1060 2907 1095 2942 δε

217 2953 362 2998 Alphius
375 2978 386 2994 ,
411 2954 445 2988 &
466 2951 657 2998 Iephthale:
687 2953 758 3004 Qii
777 2956 949 3002 elegerunt
971 2957 1092 3002 expelli

216 3002 260 3037 ab
271 3003 423 3038 Ecclefiis
435 3003 494 3037 fibi
514 3003 716 3045 commistis,
744 3005 891 3042 &multa
914 3008 1019 3043 millia
1044 3008 1092 3042 lu-

215 3054 331 3087 eruum
351 3053 470 3096 species
490 3053 644 3088 sustinere
658 3077 669 3095 ‚
696 3066 796 3098 quam
804 3056 936 3100 perdere
948 3056 1091 3103 Aposto-

216 3103 317 3137 licam
338 3099 556 3138 haereditatem
576 3126 584 3136 ·
610 3103 827 3142 Confidentes
851 3107 955 3154 igitur
979 3133 991 3150 ‚
1016 3108 1093 3152 quia

218 3163 291 3187 non
310 3151 535 3188 sustinebimus
553 3152 712 3196 despicere
726 3180 737 3197 ‚
762 3165 801 3191 ut
821 3158 871 3193 vel
898 3169 961 3193 una
983 3156 1094 3203 sillaba

218 3202 385 3237 Doctrina».
407 3227 418 3243 ,
447 3214 546 3247 quam
572 3205 768 3249 percepimus
793 3231 805 3248 ‚
847 3217 1095 3253 corrumpatur,

219 3252 300 3286 state
323 3252 359 3286 in
371 3251 474 3295 Fide,
500 3252 636 3288 viriliter
650 3256 737 3300 agite
751 3280 763 3298 ‚
787 3258 1070 3294 &confortamini
1088 3284 1096 3292 .

219 3302 346 3336 Omnia
366 3302 466 3337 vestra
486 3304 521 3336 in
543 3301 698 3340 charitate
717 3305 816 3341 fiant.
843 3308 888 3343 Et
900 3310 994 3345 Deus
1004 3309 1091 3355 pacis

219 3353 283 3388 erit
307 3351 499 3390 vobiscum.

322 3452 429 3494 ebrss.
443 3457 526 3499 Lupa*
537 3458 635 3498 opera
646 3456 680 3488 T.
694 3458 762 3490 Vn.

214 2653 399 2689 indicamus
407 2652 483 2695 quia
495 2664 557 2687 nos
568 2654 663 2688 noste
673 2664 711 2688 ac
723 2654 778 2689 die
803 2665 862 2699 pto
875 2655 995 2698 pietate
1007 2656 1096 2691 labo-

215 2716 284 2739 rem
292 2704 499 2748 suscipimus,
524 2704 558 2738 &
569 2704 731 2747 speramus
744 2715 805 2739 nos
832 2716 901 2739 non
913 2705 1097 2750 perdures

1854 233 1953 278 v161

1332 417 1840 463 Seu-onom

1227 562 1260 596 X
1272 560 1332 598 hac
1344 562 1490 608 Epistola
1500 564 1654 600 discimus
1662 587 1673 603 ,
1698 561 1789 608 quod
1799 560 1927 597 turbida
1939 563 2029 598 Con-

1253 613 1537 658 stantinopolitani
1547 614 1670 660 Populi
1679 626 1737 659 pro
1757 613 1916 648 Nestorio
1926 611 2030 656 rabies

1147 661 1296 704 quotidie
1306 662 1501 700 decresceret
1510 677 1548 701 ac
1558 666 1764 711 mitigaretur
1773 690 1781 698 .
1809 664 1898 712 Qiia
1914 673 2030 707 nempe

1146 710 1373 746 Maximianus
1394 714 1574 759 Episcopus
1585 727 1653 750 non
1669 714 1828 751 definebat
1848 713 2032 758 opportune

1146 772 1184 794 ac
1196 759 1534 805 impouunffinstare,
1560 768 1704 808 itemque
1722 775 1855 811 arguere
1874 764 1909 798 δι
1930 763 2034 799 incre-

1147 821 1241 854 pare,
1267 810 1372 845 immo
1393 811 1426 845 δε
1449 811 1595 847 Nestorii
1603 816 1757 851 Fautores
1769 815 1952 860 Episcopos
1964 812 2034 847 ubi-

1145 871 1287 903 cumque
1306 861 1444 905 ejicere‚
1470 862 1505 897 &
1527 861 1609 897 alios
1630 868 1813 901 consecrare
1837 866 1874 899 in
1887 864 2033 908 ipsorum

1147 910 1344 946 Cathedras.
1374 911 1424 946 Hi
1447 912 1539 956 ejeffi
1561 912 1735 948 veniebant
1755 914 2035 958 Constantinopo-

1147 961 1230 1001 lim,
1254 962 1356 996 &sua
1377 961 1563 997 calamitate
1585 961 1753 1006 Populum
1774 963 1971 999 reducebant
1992 962 2037 999 ad

1147 1012 1224 1046 sana
1242 1011 1399 1046 confilia.
1426 1011 1516 1046 Inter
1538 1010 1598 1045 hos
1613 1022 1705 1046 erant
1716 1013 1873 1055 Ioannes,
1898 1014 2036 1055 Petrus,

1149 1061 1476 1106 ElizeuS‚Alphius,
1502 1059 1735 1106 &Jephtha1e.
1763 1060 1823 1095 An
1834 1060 1949 1096 Petrus
1971 1064 2037 1098 fue-

1148 1113 1191 1146 rit
1213 1111 1473 1155 Traianopolis,
1497 1122 1541 1146 an
1562 1111 1667 1147 Prusae
1692 1111 1897 1156 Episcopus,
1925 1113 2035 1146 nescio

1147 1162 1319 1196 affirmare.
1350 1162 1568 1207 Itemignoro
1592 1162 1735 1197 aliorum
1757 1160 1874 1196 Sedes.
1901 1158 2040 1194 Interim

1149 1210 1384 1247 Theodoretus
1405 1211 1512 1246 studet
1532 1212 1719 1248 confortare
1744 1212 1806 1246 suae
1824 1210 1975 1246 Faffloni
1987 1210 2041 1245 ad-

1149 1261 1253 1296 dietos
1264 1261 1656 1306 Constantinopolitanos
1664 1287 1677 1304 ,
1702 1263 1867 1298 affirmans
1877 1261 1908 1295 se
1921 1261 1956 1295 δε
1967 1261 2041 1294 suos

1150 1311 1311 1356 persistere
1325 1312 1540 1347 firmiffimos.
1569 1312 1762 1355 Erantisti‚
1788 1310 1846 1355 qui
1857 1311 1898 1346 ad
1909 1310 2043 1346 audien-

1151 1362 1207 1395 das
1227 1361 1324 1405 ipfius
1333 1364 1514 1397 conciones
1533 1363 1718 1408 frequenter
1741 1363 1934 1407 navigarant
1945 1359 2044 1394 Chal-

1152 1411 1313 1446 cedonem
1326 1437 1334 1445 .
1362 1413 1430 1448 Eos
1450 1424 1590 1449 conatur
1613 1413 1776 1449 obdurare
1793 1412 1829 1447 in
1855 1413 1913 1447 sua
1928 1420 2044 1446 contu-

1153 1463 1258 1496 macia
1270 1472 1385 1497 contra
1407 1463 1605 1508 Ephefinam
1623 1462 1816 1508 Synodum.

1201 1513 1333 1548 Harum
1353 1525 1460 1548 rerum
1481 1515 1631 1549 Socrates
1653 1511 1856 1557 compendio
1868 1510 2042 1546 meminit:

1152 1565 1306 1596 caeteram
1322 1564 1386 1605 post
1408 1563 1610 1606 depositionem
1635 1563 1764 1604 Nestorii
1785 1560 1975 1606 graviffimus
1995 1568 2043 1593 tu-

1150 1614 1261 1645 multus
1280 1614 1419 1653 Ecclelias
1431 1614 1685 1656 constantinopoli
1695 1616 1867 1653 occupavit.
1896 1615 1986 1643 Nam
1997 1609 2044 1641 di-

1151 1660 1235 1704 visus
1258 1662 1295 1703 est
1307 1665 1439 1705 Populus
1454 1663 1488 1696 ob
1499 1669 1620 1698 inanem
1630 1665 1665 1697 Θ
1678 1662 1803 1703 stultam
1820 1661 1904 1694 illius
1914 1660 2045 1703 gari-uh·-

1151 1721 1246 1746 tatem
1268 1737 1275 1744 .
1303 1715 1413 1747 Clerici
1435 1714 1555 1756 quidem
1582 1723 1680 1747 omnes
1707 1723 1773 1746 eum
1804 1709 2046 1744 anathematiza-

1151 1773 1241 1796 runt.
1267 1764 1313 1796 stc
1338 1763 1417 1797 enim
1428 1775 1480 1797 nos
1508 1760 1866 1805 Cbrssianisententiam
1876 1767 1977 1795 contra
1992 1764 2045 1791 im-

1148 1815 1200 1854 pi?
1225 1814 1374 1854 loquentes
1385 1814 1539 1854 prolatam
1555 1824 1664 1846 vocare
1676 1809 1878 1851 consuevimus
1891 1835 1902 1850 ‚
1927 1809 2046 1852 quando

1153 1862 1236 1894 illam
1258 1863 1344 1894 velut
1366 1866 1398 1893 in
1409 1861 1511 1895 tabula
1529 1859 1704 1904 propositam
1714 1860 1828 1902 publice
1839 1864 1971 1893 omnium
1983 1869 2048 1892 ocu·

1152 1913 1191 1945 Its
1214 1921 1249 1944 ac
1269 1916 1388 1945 notitiae
1396 1910 1569 1955 subjicimus
1584 1938 1590 1944 .
1621 1911 1775 1944 Affirmat
1791 1908 1857 1944 haec
1872 1907 2046 1954 contigisse

1154 1971 1230 1995 ante
1252 1961 1452 1995 Maximiani
1473 1962 1667 1996 electionem
1682 1985 1689 1992 .
1716 1959 1903 2004 Contigiffe
1927 1959 2045 1992 viden·-

1154 2021 1205 2044 tur
1227 2010 1377 2044 adversus
1403 2011 1510 2045 illam.
1540 2011 1596 2047 Ad
1619 2012 1721 2054 ipsam
1732 2020 1774 2043 ex
1789 2008 2046 2051 Principisjuffu

1152 2060 1353 2103 processurus
1377 2059 1493 2094 Clerus
1515 2055 1644 2095 videtur
1659 2057 1858 2103 Ephefinum
1874 2056 1914 2092 de
1928 2058 2048 2095 Nesto-

1153 2109 1203 2143 rio
1225 2108 1384 2151 judicium
1408 2121 1447 2143 ac
1469 2110 1642 2144 anathema
1669 2108 1800 2153 publice
1812 2120 1866 2153 per
1879 2109 2049 2143 civitatem.

1154 2159 1288 2193 affixisse
1299 2183 1310 2199 ,
1337 2170 1435 2203 atque
1448 2160 1493 2194 ita
1506 2161 1597 2194 fuisi'e
1610 2161 1695 2203 apud
1707 2170 1823 2193 omnes
1834 2159 2050 2198 contestatus,

1153 2208 1243 2252 quod
1257 2209 1404 2253 legitime
1417 2210 1605 2252 procederet
1630 2208 1672 2243 ad
1694 2211 1895 2244 creationem
1909 2210 1988 2242 novi
2007 2210 2050 2242 E-

1154 2258 1278 2302 piscopi
1295 2283 1302 2289 .
1330 2259 1375 2292 Et
1386 2258 1536 2294 adversus
1563 2258 1628 2293 hoc
1641 2258 1794 2292 videntur
1807 2258 1825 2292 ὲ
1836 2257 1967 2301 Populo
1979 2259 2050 2301 qui-

1153 2307 1228 2343 dam
1253 2306 1362 2343 turbas
1384 2310 1575 2344 concitasse.
1604 2308 1730 2343 Eadem
1750 2307 1816 2343 fere
1829 2309 1969 2343 Socratis
1982 2319 2049 2341 ver-

1156 2358 1196 2392 ba
1217 2358 1389 2403 Liberatus
1413 2358 1585 2394 Diaconus
1611 2359 1743 2393 inseruit
1764 2360 1824 2393 suo
1860 2358 2047 2394 Breviario.

1158 2408 1241 2440 Haec
1265 2406 1364 2450 igitur
1387 2406 1529 2442 turbatio
1549 2409 1724 2452 permansit
1742 2409 1844 2444 etiam
1854 2409 1925 2452 post
1938 2407 2049 2443 Maxi-

1158 2456 1262 2491 miani
1274 2456 1554 2492 consecrationem
1569 2483 1577 2490 .

1912 3453 1993 3491 CA-
