2320 3730
361 216 455 253 190

282 483 362 526 quid
386 482 640 526 impartiendum
652 507 659 513 .

278 683 536 722 anathematizat
548 684 658 719 omnis
670 678 813 715 Ecclesia
827 702 836 719 s

488 988 750 1045 CAPUT
788 991 928 1044 LXII.

336 1181 505 1254 Epistola
541 1182 698 1229 Andreae
719 1179 912 1249 ··Ep1‘fiopi
921 1217 935 1242 ,
971 1198 1089 1247 quam

437 1251 668 1305 Theodoreto
716 1250 899 1321 Episcopo
933 1252 985 1301 ad

515 1322 637 1389 fimm
671 1322 858 1395 refiripstt
883 1359 895 1373 .

357 1534 559 1571 Lexandrini
585 1534 708 1569 litteras
730 1534 820 1580 legi,
848 1536 881 1569 &
905 1534 924 1569 a
946 1534 1000 1569 sua
1020 1532 1154 1578 quidem

382 1585 553 1629 putredine
568 1597 637 1619 non
652 1585 775 1620 receffit
790 1585 862 1619 ullo
875 1585 978 1619 modo
991 1609 1002 1625 ,
1029 1584 1153 1618 ficut&

260 1646 318 1670 tua
333 1638 447 1679 utique
462 1634 629 1678 Sapientia
651 1635 790 1678 repetit,
817 1635 944 1669 easdem
965 1635 1089 1670 litteras
1111 1634 1154 1667 le-

257 1698 359 1731 gens.
389 1686 480 1734 Qia
502 1684 582 1719 vero
604 1685 877 1719 condescensione
899 1685 982 1727 opus
1014 1684 1060 1718 est
1080 1707 1090 1723 ‚
1116 1694 1151 1717 ut

255 1737 401 1771 solvatur
411 1736 501 1770 orbis
511 1745 667 1770 terrarum
682 1733 839 1776 schisma,
865 1736 899 1769 ὃς
918 1747 988 1770 non
1014 1733 1153 1778 amplius

254 1786 417 1821 discissam
430 1786 648 1829 despiciamus
661 1785 839 1819 Ecclefiam
851 1808 861 1824 ,
887 1786 996 1819 forsan
1009 1785 1099 1819 enim
1111 1784 1151 1819 ad

254 1836 358 1879 majus
374 1835 555 1879 procedunt
567 1834 654 1868 mala
670 1858 682 1874 ‚
708 1833 938 1876 sicompositio
967 1834 1058 1867 nulla
1082 1845 1151 1877 pro-

251 1888 390 1926 veniat,
417 1885 500 1919 bene
521 1895 584 1919 tuae
609 1884 733 1928 placuit
752 1884 923 1919 Sanetitati
942 1907 952 1923 ,
979 1884 1067 1918 illius
1084 1885 1152 1927 qui-

252 1938 330 1971 dem
342 1937 601 1980 propositionem
615 1935 839 1977 ficutimpiam
852 1936 982 1978 fugere3
1009 1936 1059 1968 uti
1075 1935 1151 1968 vero

253 1986 306 2021 his
320 1997 390 2029 quae
405 1985 576 2028 scripsisti,
603 1984 922 2017 &anathematizare
934 1995 990 2017 eos
1013 1985 1069 2027 qui
1095 1997 1151 2027 pu-

253 2048 327 2071 rum
343 2034 514 2068 hominem
526 2034 645 2067 dicunt
662 2033 831 2067 Christum
845 2057 854 2071 ,
882 2035 916 2066 &
928 2033 983 2075 qui
1006 2033 1041 2064 in
1068 2033 1151 2066 duos

252 2086 357 2121 Filios
369 2096 472 2123 unum
497 2085 608 2118 Deum
624 2084 732 2116 secant
746 2106 753 2114 .
783 2081 936 2115 Arbitror
961 2079 1038 2114 vero
1060 2083 1148 2124 quod

252 2137 288 2171 &
312 2135 584 2178 subscriptionem
605 2133 714 2167 modis
724 2131 883 2167 omnibus
906 2131 1016 2175 exigat
1027 2129 1151 2174 deposi-

252 2188 377 2221 tionis.
408 2184 526 2228 Aliqui
541 2183 618 2217 vero
645 2183 678 2215 &
703 2181 768 2215 hoc
793 2181 925 2215 forsitan
938 2180 1079 2215 facient.
1106 2182 1150 2215 Et

251 2236 393 2271 arbitror
403 2235 502 2269 etiam
513 2233 680 2275 Cyrillurn
693 2257 703 2272 ‚
729 2231 784 2265 etsi
797 2240 913 2264 omnes
925 2229 1064 2264 minime
1078 2230 1149 2264 sub·

252 2286 432 2322 scribamus
457 2310 467 2326 ,
505 2283 640 2317 illorum
661 2283 732 2316 fore
755 2280 993 2324 subscriptione
1015 2289 1149 2314 conten·

252 2347 344 2372 tum.
374 2337 441 2370 Scit
455 2345 509 2368 tua
523 2334 702 2372 Sanctitas,
731 2331 806 2375 quia
819 2329 886 2364 haec
913 2330 1035 2364 &ante
1047 2330 1082 2364 in
1095 2331 1149 2364 lo·-

252 2389 425 2423 curionem
438 2386 587 2419 venerint
602 2409 612 2423 ‚
638 2382 772 2425 quando
785 2382 819 2414 in
833 2379 1016 2415 Antiochia
1029 2391 1148 2415 conve-

253 2439 363 2472 nimus
389 2436 529 2481 pariter.
559 2436 627 2469 Ora
649 2433 773 2478 igitur,
801 2432 930 2476 quaeso,
959 2442 995 2465 ut
1019 2431 1147 2465 nullum

254 2490 311 2523 siat
324 2487 598 2531 impedimentum
612 2485 709 2530 paci,
734 2483 768 2517 δε
790 2481 998 2518 ordinationi
1021 2482 1148 2518 sansta-

255 2551 328 2575 tum
351 2538 566 2573 Ecclesiarum
585 2560 592 2568 .

444 2691 951 2736 SenoLioN.

329 2841 374 2875 Et
397 2837 483 2873 hanc
505 2836 691 2880 Epistolam
727 2835 956 2869 samosatensis
997 2832 1146 2870 Andreas

354 2888 470 2935 probat
488 2886 696 2922 Theodoreti
719 2886 894 2919 confilium
912 2909 922 2924 ,
948 2885 983 2918 δε
997 2884 1146 2929 fingulos

255 2941 323 2984 eius
334 2941 489 2975 articulos
503 2963 510 2970 .
540 2937 595 2971 Ad
607 2937 704 2971 illum
714 2944 823 2970 tamen
834 2960 845 2976 ‚
874 2934 930 2978 qui
941 2933 1146 2969 Nestorianae

255 2991 482 3026 damnationis
505 2987 779 3032 subscriptionem
801 2986 909 3030 tangit
929 3009 939 3024 ,
971 2984 1064 3019 addit
1091 2985 1148 3018 ali·

256 3042 336 3085 quid
349 3040 585 3077 moderaminis
601 3065 608 3072 .
635 3038 757 3072 Censet
773 3037 876 3080 ipsum
902 3035 964 3068 effe
988 3032 1145 3077 adiapho-

256 3102 328 3125 rum
343 3116 353 3132 ,
381 3092 520 3134 ideoque
537 3101 596 3133 pro
614 3098 727 3123 neutra
740 3097 829 3130 parte
844 3083 1016 3120 instantius
1029 3096 1145 3129 urgen-

256 3140 357 3173 dum.
384 3140 480 3175 Istam
497 3151 638 3182 namque
650 3137 921 3181 subscriptionem
934 3146 974 3168 ex
991 3136 1143 3171 Orienta—

258 3189 343 3224 libus
366 3191 535 3234 Episcopis
547 3189 681 3232 quidam
708 3188 872 3222 admissuri
887 3188 983 3224 sunt,
1010 3185 1143 3228 quidam

259 3240 387 3284 penitus
401 3240 587 3273 refutaturi:
615 3239 648 3271 δε
667 3239 731 3281 ipse
742 3239 841 3272 etiam
865 3235 1010 3279 Cyrillus
1028 3260 1039 3276 ,
1067 3235 1142 3270 licet

258 3290 393 3333 quidam
415 3290 576 3328 refutent,
605 3288 791 3330 aliquorum
810 3286 1044 3328 subscriptione
1067 3297 1143 3319 con-

258 3349 369 3374 tentus
389 3337 569 3379 acquiescet
581 3362 588 3368 .
617 3335 766 3371 Andreas
786 3339 887 3382 igitur
901 3337 1011 3371 censet
1026 3347 1142 3370 unum-

257 3400 420 3437 quemque
431 3386 687 3433 petmittendum
699 3388 781 3422 circa
793 3387 858 3423 hoc
870 3388 1027 3433 punctum
1038 3386 1073 3420 in
1084 3388 1142 3423 suo

1001 1002 1163 1050 -2-150

702 198 1045 245 vincutum
1082 193 1338 237 PATRUM
1373 192 1735 252 lammam„

285 283 388 317 modo
410 282 510 316 essent
525 279 829 317 anathematizanda
842 278 988 315 Nestorii
1002 277 1179 320 dogmata.

287 332 421 373 Utique
443 333 478 365 in
501 332 666 377 generali.
698 333 800 367 Ratio
829 339 920 369 erat,
947 326 1038 371 quod
1049 325 1180 360 anathe-

282 393 336 415 ma
350 382 460 428 infligi
481 394 551 416 non
572 384 667 426 poffit
678 383 734 416 nisi
765 382 800 414 in
812 379 986 423 singulares
1007 375 1178 411 articulos.

282 432 438 478 Qinto‚
465 433 555 477 quod
576 432 695 476 Cyrilli
718 426 998 474 postulationibus
1022 427 1101 461 esset
1122 427 1181 461 ali-

684 479 786 527 Qod
809 476 1110 514 anathematizandi
1132 479 1176 511 es-

280 533 350 567 sent
362 531 396 567 hi
410 560 419 576 ,
435 534 478 568 de
490 533 608 578 quibus
622 531 677 566 ille
690 530 858 566 accusabat
870 527 1061 562 Nestorium
1074 551 1085 567 ,
1100 528 1175 562 arth

279 583 363 618 culi.
389 583 524 624 christus
547 583 587 622 est
597 591 697 625 purus
717 581 814 614 bomo.
845 583 882 611 In
904 576 1020 618 cbristo
1032 575 1107 620 sunt
1117 579 1173 611 duo

275 633 351 675 filii.
379 633 511 674 Christus
530 645 588 667 non
609 633 648 674 est
670 637 773 665 Deus.
802 629 878 663 Hos
898 628 990 663 enim
1014 628 1170 664 articulos

1241 276 1332 310 sensu
1345 275 1527 311 abundare·
1552 280 1596 313 Et
1605 281 1778 325 adjungit:
1801 283 1865 317 scit
1886 291 1940 316 tua
1951 281 2106 317 saenffleas
2115 301 2131 324 ‚-

1239 332 1311 368 quia
1333 325 1396 359 haec
1408 328 1443 360 (¹5
1455 335 1528 360 ante
1536 332 1569 360 in
1577 330 1750 363 locutionem
1772 339 1912 366 venerint
1924 359 1936 375 ,
1961 335 2081 377 quando
2088 338 2127 366 m

1239 375 1392 410 Antiochia
1405 382 1598 413 convenimus
1614 385 1751 420 pariter.
1777 380 1930 421 Affirmat
1942 384 2029 420 duo.
2057 383 2127 417 Pri-

1235 426 1314 467 mo,
1341 428 1432 471 quod
1450 427 1510 462 ista
1530 429 1585 462 sex
1602 429 1845 474 Episcoporum
1858 432 2010 475 Synodus
2027 434 2126 469 fuerit

1233 476 1315 511 fasta
1326 478 1411 521 apud
1426 478 1665 514 Antiochiam.
1693 479 1847 515 Secund&
1859 506 1870 522 ,
1897 485 2053 526 quodista
2067 486 2125 519 cir-

1232 538 1270 561 ca
1289 528 1384 563 illum
1394 529 1567 563 articulum
1588 530 1719 566 libertas
1729 530 1827 565 fuerit
1843 531 1914 566 illic
1937 536 2100 577 proposita
2111 559 2124 575 ‚

1231 579 1376 622 agitata,
1404 578 1561 623 probata.
1589 581 1638 615 Ita
1663 580 1781 617 clarius
1802 582 1888 618 infra
1914 583 2083 619 audiemus
2102 584 2122 618 ὲ

1230 627 1450 664 Theodoreto
1463 657 1470 663 .
1499 629 1648 666 Andreas
1659 631 1789 677 insuper
1810 631 1927 676 probat
1938 633 2062 677 Cyrilli
2073 633 2123 670 lit-

1229 687 1311 714 teras
1327 704 1338 720 ,
1364 689 1398 715 at
1407 691 1476 715 non
1488 690 1573 716 totas
1584 696 1595 715 .-
1623 682 1748 718 Censet
1759 683 1843 726 ipsas
1856 695 1897 718 ex
1908 684 2040 730 integro
2053 695 2123 719 non

1227 730 1374 763 recedere
1395 730 1414 763 ὲ
1438 732 1672 775 Capitulorum
1694 733 1869 778 putredine
1891 759 1898 765 .
1937 734 1982 768 Et
2003 733 2120 770 addit.-

1225 781 1305 814 sicut
1329 782 1364 815 er
1375 790 1427 814 tua
1445 784 1600 824 sapientia
1612 790 1721 826 reperit
1731 809 1739 817 .

1276 830 1325 864 At
1348 831 1426 865 vero
1446 832 1598 876 inscripta
1616 834 1656 868 ad
1678 835 1784 878 ipsum
1797 834 1946 879 Epistola
1968 834 2116 870 Alexan-

1225 878 1281 914 der
1294 881 1422 916 nullam
1435 880 1531 925 hujus
1542 882 1586 916 rei
1598 882 1716 918 fecerat
1735 886 1928 919 memoriam
1942 899 1948 918 :
1975 885 2068 920 Fecit
2081 885 2118 919 in

1225 929 1349 975 scriptis
1371 932 1488 967 litteris
1503 933 1543 967 ad
1555 932 1791 969 Berrhaeensem
1803 935 1965 974 Acacium
1977 962 1984 968 .
2013 937 2118 984 igitur

1225 979 1339 1020 harum
1350 983 1480 1027 copiam
1495 984 1627 1019 miserat
1649 985 1692 1020 ad
1704 984 1875 1020 Andream
1889 1009 1897 1019 .

1435 1306 1701 1387 CAPUT
1737 1341 1901 1388 Lxm.
1950 1354 2109 1415 m151²

1220 1525 1391 1597 Epssola
1437 1525 1598 1593 e'zfilem
1645 1528 1802 1577 Andreae
1849 1528 2028 1599 Episcopi
2061 1529 2115 1577 ad

1397 1597 1437 1641 A
1453 1597 1664 1645 exandrum
1708 1598 1938 1667 Epssopum
2104 1599 2107 1601 ’

1486 1667 1821 1737 Hierapolitanum
1834 1705 1847 1716 .

1298 1837 1405 1870 Orum
1428 1845 1499 1877 quae
1521 1834 1562 1869 ad
1587 1846 1640 1870 rne
1659 1836 1832 1873 Dominus
1850 1850 1942 1874 meus
1952 1843 2108 1877 Sanstiffi·

1324 1896 1397 1920 mus
1409 1883 1646 1920 Theodoretus
1659 1886 1842 1933 Episcopus
1853 1891 1990 1935 scripsit,
2001 1898 2110 1928 exem‘-

1217 1937 1269 1980 pla
1289 1947 1352 1970 tuae
1364 1936 1535 1970 sanctitati
1546 1936 1652 1970 direxi
1665 1962 1672 1969 .
1701 1938 1746 1971 Et
1759 1940 1834 1982 quia
1846 1941 1979 1982 quidem
1999 1943 2110 1986 Cyril'-

1217 1988 1392 2020 lierrorem
1404 1986 1576 2020 multoties
1599 1987 1721 2021 millies
1740 1989 2017 2033 anathematizet,
2043 2005 2110 2028 ma-

1216 2036 1370 2068 nifestum
1393 2036 1439 2068 est
1462 2035 1513 2069 his
1536 2036 1771 2079 quipervidere
1792 2040 1945 2075 subtilius
1966 2042 2106 2077 volunt.

1215 2082 1308 2130 Qia
1332 2081 1408 2116 vero
1431 2093 1557 2125 tempus
1583 2096 1653 2118 non
1669 2089 1853 2128 permittit,
1879 2101 1915 2125 ut
1926 2092 2107 2127 secundum

1214 2132 1371 2168 acribiam
1384 2133 1619 2166 ratiocinemur
1632 2144 1763 2178 propter
1784 2137 1921 2173 schisma
1931 2143 2085 2185 generale
2095 2167 2106 2184 ‚

1214 2182 1304 2225 quod
1315 2183 1437 2217 fastum
1449 2182 1495 2216 est
1505 2207 1517 2223 ,
1545 2183 1578 2216 &
1600 2184 1679 2226 quia
1690 2185 1815 2227 majora
1827 2189 2028 2225 sustinentur
2038 2202 2106 2226 ma-

1216 2234 1246 2267 la
1257 2233 1298 2267 de
1310 2231 1512 2266 Perfistentia
1530 2232 1638 2266 nostra
1650 2256 1661 2273 ‚
1689 2243 1771 2277 puto
1783 2237 1873 2280 quod
1896 2237 1978 2273 bene
1998 2242 2029 2274 se
2051 2240 2108 2275 ha·-

1214 2283 1289 2317 beat
1303 2307 1314 2324 ,
1342 2292 1379 2317 ut
1398 2282 1510 2326 aliqua
1531 2281 1802 2320 condescensione
1822 2297 1951 2323 utamur
1974 2301 2033 2333 pro
2047 2291 2107 2326 Ec-

1213 2332 1385 2368 clesiastica
1398 2343 1496 2375 pace.
1526 2333 1570 2366 Et
1583 2332 1671 2367 illius
1692 2334 1825 2375 quidem
1846 2339 2104 2381 propositionem

1213 2384 1399 2428 fugiamus,
1425 2394 1494 2427 quae
1505 2382 1605 2426 impia
1619 2382 1663 2415 est
1676 2407 1688 2423 ,
1715 2384 1793 2418 ficut
1808 2397 1869 2420 nec
1886 2387 1944 2422 ille
1956 2389 2102 2425 nostram

1212 2434 1370 2476 suscepit.
1401 2429 1731 2466 Anathematizemus
1743 2434 1821 2468 vero
1835 2446 1892 2470 eos
1906 2461 1917 2477 ‚
1943 2438 2000 2481 qui
2020 2439 2105 2474 duos

1211 2485 1316 2518 Filios
1325 2483 1444 2517 dicunt
1457 2507 1466 2522 ,
1494 2483 1583 2526 quod
1598 2482 1693 2516 nobis
1705 2483 1870 2526 objiciunt
1881 2487 2079 2523 insaniffime
2091 2504 2103 2523 .-

1214 2534 1276 2569 Vel
1288 2534 1345 2579 qui
1359 2533 1549 2566 Hominem
1564 2542 1681 2575 purum
1692 2532 1879 2569 Dominum
1892 2536 2039 2572 nostrum
2055 2539 2105 2582 Je-

1201 2586 1282 2618 -sum
1304 2581 1472 2617 Christum
1488 2606 1495 2613 .
1524 2581 1570 2613 Et
1592 2581 1685 2623 super
1699 2580 1751 2614 his
1776 2584 1985 2628 suscipiamus
1999 2589 2102 2631 pacis

1209 2631 1485 2676 compositionem
1498 2654 1505 2661 .
1532 2629 1692 2664 Reddent
1702 2640 1813 2665 autem
1829 2634 2015 2677 rationem,
2042 2638 2102 2683 qui

1210 2683 1309 2727 impie
1331 2680 1480 2724 sapiunt,
1507 2679 1616 2722 Judici
1637 2681 1788 2715 omnium
1803 2708 1810 2715 .
1839 2683 1884 2717 Et
1900 2685 2016 2727 nobis,
2045 2689 2098 2722 vel

1208 2734 1230 2767 fi
1254 2729 1485 2776 dispensatorie
1503 2740 1616 2771 pacem
1637 2731 1847 2774 suscipiamus
1872 2759 1882 2774 ,
1909 2746 1980 2779 pars
2003 2738 2098 2774 nulla

1208 2784 1253 2818 est
1267 2794 1341 2818 cum
1355 2780 1406 2814 his
1416 2805 1427 2821 ‚
1438 2781 1492 2824 qui
1503 2778 1602 2823 impie
1612 2780 1757 2824 sapiunt·
1786 2781 1956 2820 Praevideo
1971 2798 2098 2831 autem,

1209 2835 1286 2879 quia
1307 2832 1349 2867 de
1370 2830 1570 2865 Perfistentia
1599 2829 1706 2865 nostra
1733 2830 1818 2866 nihil
1840 2836 2003 2871 evincitur
2029 2849 2096 2873 am-

1210 2884 1315 2928 plius,
1341 2882 1401 2916 nisi
1426 2888 1462 2914 ut
1474 2878 1666 2916 Orthodoxi
1687 2882 1850 2925 pellantur
1860 2884 2029 2927 Ecclefiis,
2057 2889 2093 2923 &

1209 2936 1342 2979 Dogma
1365 2944 1406 2967 ex
1426 2940 1502 2966 toto
1511 2931 1735 2966 absorbeatur.
1766 2934 1890 2980 Qaero
1904 2935 2005 2980 igitur
2016 2938 2094 2972 San-

1208 2985 1349 3019 critatem
1369 2992 1460 3017 tuam
1483 3005 1493 3021 ,
1520 2993 1556 3016 ut
1582 2993 1846 3028 quantacumque
1874 2986 2024 3028 poffibile
2046 2987 2094 3022 est

1208 3033 1480 3070 condescensione
1501 3032 1606 3078 magis
1628 3043 1776 3068 utamur.
1803 3034 1975 3071 Scitenim
1998 3037 2094 3081 Spiri-

1208 3085 1304 3121 tualis
1314 3083 1481 3128 Sapientia
1493 3093 1547 3118 tua
1561 3107 1571 3124 ,
1598 3083 1675 3126 quia
1685 3084 1765 3119 sicut
1777 3084 1865 3119 zelus
1889 3086 1924 3119 in
1946 3096 2096 3131 tempore

1208 3139 1266 3172 suo
1278 3134 1379 3170 multa
1392 3134 1497 3167 millia
1509 3134 1656 3178 peragit,
1682 3135 1726 3168 sic
1751 3135 2029 3171 &condescensio
2056 3138 2094 3172 in

1206 3197 1353 3230 tempore
1363 3194 1440 3227 apto
1454 3196 1572 3229 magna
1586 3183 1673 3218 bona
1686 3194 1844 3229 operatur.
1871 3186 2010 3221 Etmihi
2022 3188 2095 3231 qui-

1205 3237 1279 3272 dem
1294 3237 1423 3280 placent
1436 3235 1494 3268 ista
1506 3259 1513 3266 .
1542 3234 1575 3270 Si
1589 3234 1668 3268 vero
1679 3235 1797 3270 melius
1808 3236 1931 3279 aliquid
1947 3237 2093 3281 pervidet

1205 3287 1365 3322 Perfeffio
1378 3296 1434 3319 tua
1445 3310 1455 3325 ‚
1482 3296 1551 3328 quae
1561 3283 1740 3320 secundum
1753 3285 1864 3319 Deum
1878 3284 1946 3328 est',
1974 3297 2090 3321 notum

1205 3337 1300 3372 nobis
1310 3337 1363 3369 fac
1374 3361 1381 3368 .
1410 3336 1549 3369 Litteras
1561 3335 1636 3370 illas
1651 3335 1692 3370 ad
1704 3335 1943 3371 Sanniffimum
1956 3336 2092 3379 Episco-

1202 3399 1284 3433 pum
1306 3385 1561 3422 Theodoretum
1585 3386 1728 3433 dirigere
1758 3385 1914 3432 dignetur
1931 3385 2092 3422 Sanctitas

1970 3443 2026 3470 tua
2038 3459 2046 3468 .
