2320 3730
582 158 890 214 Scuotns,
930 170 994 202 ET
1027 153 1222 200 Norrs
1258 166 1653 203 Ittusrnnrffi.

207 242 442 287 brosorumque
461 243 668 286 Dogmatum
692 242 760 286 ejus
772 267 782 283 ,
809 244 842 277 &
861 242 1082 276 communice-

208 304 282 328 mus
294 295 345 335 ei,
369 294 403 325 ὅ(
417 293 647 334 amplectamur
657 305 730 326 eum
743 318 753 333 ‚
779 294 813 326 ὅς
835 293 902 336 ejus
913 303 1019 337 genua
1043 302 1090 324 te-

209 353 342 378 neamus
354 366 365 381 ,
389 343 424 384 &
438 342 522 376 nihil
536 354 648 379 eorum
661 367 672 383 ,
698 355 768 390 quae
778 343 817 376 ad
838 343 904 386 ejus
927 342 1088 375 honorem

209 392 392 436 pertinent,
419 393 629 429 omittamus.
657 394 689 428 Si
705 394 781 434 vero
799 393 961 428 contraria
972 390 1090 435 fignifi-

210 451 281 475 cata
292 442 412 476 fuerint
423 440 493 481 his,
519 454 588 486 quae
598 442 752 476 dicuntur
771 442 812 477 ab
824 453 864 476 eo
875 467 886 482 ,
914 441 1088 474 habeamus

210 490 350 534 qualiter
359 503 432 526 cum
444 493 642 527 conscientia
655 492 741 527 bona
753 516 764 532 ,
790 492 824 525 δε
848 491 1019 528 firmitate,
1046 490 1090 522 se·

209 541 411 586 curitateque
423 545 523 585 usque
534 543 575 578 ad
587 542 776 588 sanguinem
790 541 889 576 fidem
908 549 1014 575 veram
1037 539 1090 574 de·

208 590 343 626 fendere
360 618 368 625 .

261 642 451 687 Cognoscat
462 644 550 677 enim
560 644 715 679 Sanctitas
725 643 823 676 vestra
835 664 845 681 ,
872 641 948 686 quia
961 642 980 674 fi
994 640 1091 674 toties

209 689 328 726 mill-ies
339 693 401 726 effe
414 694 509 728 illum
521 694 724 728 diffamemus
735 691 972 726 Orthodoxum
984 716 995 731 ,
1022 701 1090 724 non

209 748 320 775 tamen
346 744 490 788 corrigat
511 745 551 778 de
573 744 755 787 praeteritis‚
785 740 868 776 nihil
885 742 1091 786 proficiemus

209 791 352 835 amplius
362 815 372 831 ,
398 794 455 827 nifi
468 804 504 827 ut
518 792 699 837 proditores
709 795 798 827 rectae
810 792 885 826 fidei
897 793 1090 836 judicemur.

209 841 294 876 Non
308 844 398 878 enim
410 844 547 887 patietur
558 843 599 877 de
610 844 726 877 caetero
738 868 748 884 ,
774 843 832 876 nisi
847 852 884 876 ut
906 854 980 877 cum
993 840 1092 883 majo-

211 891 240 926 ri
260 892 395 926 audacia
411 916 423 932 ,
448 903 644 936 cooperante
664 893 719 927 fibi
741 903 887 937 tempore
900 917 910 932 ,
939 893 1003 935 ipse
1022 891 1094 934 qui·

211 941 287 976 dem
300 942 494 976 fiducialiter
505 954 580 987 agat
591 955 645 987 per
657 942 792 976 haeresim
807 967 818 983 ‚
846 953 906 975 nos
917 952 1026 975 autem
1047 941 1092 973 ita

211 991 384 1027 dedititios
406 993 478 1026 suos
501 992 535 1026 in
559 1003 631 1026 toto
642 993 775 1026 Mundo
798 991 896 1025 nobis
919 990 1093 1025 detrahens

212 1043 341 1075 afferat:
370 1041 501 1087 Qppe
510 1042 595 1083 quafi
609 1042 665 1083 qui
679 1040 820 1074 haerefim
843 1042 1069 1085 negaverimus
1082 1064 1092 1079 ,

211 1089 466 1132 acquieverimus
487 1089 562 1123 vero
581 1089 650 1133 ejus
669 1089 887 1126 Orthodoxiae
918 1090 1093 1125 secundum

210 1139 333 1181 ipsum.
361 1140 454 1173 Olim
467 1150 630 1184 namque,
658 1141 738 1174 olim
761 1151 876 1175 votum
900 1141 945 1175 est
959 1150 1093 1174 natum:

211 1187 406 1236 Qia&his
418 1190 602 1232 quiRomae
626 1192 722 1230 sunt,
750 1191 784 1225 ὅ(
806 1191 927 1234 ubique
951 1191 1094 1225 nostram

211 1239 446 1273 correctionem
458 1240 662 1274 annuncient
675 1265 682 1272 .
709 1241 830 1287 Quaeso
852 1242 956 1285 igitur
976 1241 1096 1274 Sanffi-

209 1297 313 1322 tatem
325 1289 459 1323 vestram
471 1300 540 1323 non
553 1290 733 1325 transitorie
747 1314 758 1330 ,
783 1301 888 1334 neque
918 1290 1096 1324 indiscusse

211 1339 412 1381 acquiescere
423 1338 493 1380 his,
520 1351 590 1382 quae
604 1352 693 1374 nunc
714 1340 912 1375 nunciantur
933 1339 973 1374 ab
986 1340 1095 1385 AEgy-

213 1397 292 1432 pt03
320 1388 392 1427 sed,
419 1400 453 1422 ut
476 1389 631 1432 praedixi,
658 1390 771 1424 omnia
792 1392 919 1431 facere,
945 1390 1096 1434 nihilque

212 1438 394 1481 relinquere
405 1450 517 1473 eorum
528 1464 539 1480 ‚
566 1450 636 1481 quae
646 1440 687 1474 ad
700 1438 845 1475 laborem
859 1442 892 1475 ὃ(
912 1452 995 1484 opus
1008 1466 1019 1482 ,
1046 1439 1096 1474 vel

213 1489 378 1532 pertinent
392 1489 432 1522 ad
445 1489 571 1523 itineris
581 1490 812 1534 fatigationem
824 1501 922 1535 atque
934 1492 1077 1525 studium
1087 1513 1097 1529 ‚

214 1548 252 1572 ut
275 1538 506 1582 dignoscentes
527 1539 717 1580 veritatem,
744 1551 801 1574 aut
811 1542 920 1575 revera
940 1542 1097 1584 poeniten-

214 1599 284 1622 tem
308 1588 520 1631 suscipiamus
544 1612 555 1628 ,
582 1598 641 1622 aut
665 1589 884 1632 persistentem
922 1592 1097 1624 refutemus

215 1637 437 1682 AEgyptium.
465 1638 518 1671 Sic
530 1638 618 1672 enim
632 1637 801 1682 &reliqua
823 1641 912 1674 reetae
935 1640 1011 1674 fidei
1026 1640 1099 1674 Per-

213 1688 383 1725 manentia
396 1687 621 1722 Sacerdotium
632 1686 829 1724 radicabitur
838 1715 848 1730 ,
859 1690 894 1723 δε
907 1689 1014 1724 nullus
1027 1702 1099 1730 nOS,

216 1736 373 1781 tanquam
395 1737 415 1770 si
437 1737 494 1781 ipsi
516 1738 622 1783 magis
646 1750 744 1782 quam
757 1739 891 1775 Christo
904 1740 1098 1781 serviamus,

218 1785 455 1830 blasphemabit
465 1813 472 1820 .

268 1837 302 1870 Si
312 1838 390 1870 vero
403 1838 625 1880 &oportuerit
647 1851 702 1883 per
724 1837 811 1873 hanc
834 1841 1098 1883 perseverantiam

218 1885 438 1920 &Provincia
451 1887 486 1922 &
497 1888 648 1929 civitate,
676 1890 709 1923 ὅ(
725 1891 790 1923 vita
803 1902 910 1925 carere
921 1915 932 1930 ‚
958 1890 1099 1924 arbitror

218 1937 430 1971 Sanstitatem
442 1937 576 1972 vestram
590 1938 692 1981 prone
705 1940 851 1973 universa
864 1940 1020 1983 suscipere
1030 1965 1040 1980 ,
1067 1939 1100 1972 ἀ

219 1986 309 2029 pati,
335 1986 369 2020 ὅ(
391 1988 514 2027 facere,
541 1999 640 2031 quam
661 1989 678 2023 a
704 1990 770 2023 sola
794 1990 846 2032 spe
866 1990 995 2029 nostra,
1024 1989 1101 2023 dico

220 2036 296 2069 vero
308 2060 319 2075 ‚
344 2037 430 2069 rectae
440 2036 692 2079 glorificationis
704 2039 769 2073 fide
781 2039 927 2072 recedere
938 2064 948 2078 ‚
966 2050 1025 2081 pro
1040 2048 1101 2080 qua

218 2086 254 2119 &
273 2085 486 2125 Patriarchae,
512 2087 547 2119 δε
573 2085 744 2127 Prophetae
769 2110 780 2126 ‚
805 2088 838 2121 ὅτ.
862 2088 929 2130 ipse
954 2086 1103 2120 Salvator

217 2135 326 2169 noster
349 2134 393 2168 est
406 2135 531 2177 paffus,
557 2134 592 2167 &
614 2135 732 2179 reliqui
756 2137 894 2170 universi
911 2163 918 2171 .
946 2136 1104 2171 Confida·

216 2195 291 2220 mus
303 2183 378 2217 vero
389 2184 424 2217 in
434 2183 588 2217 Domino
600 2208 611 2223 ,
638 2187 714 2227 quia
735 2185 928 2220 habebimus
950 2198 1103 2230 coopera-

218 2244 326 2269 torem
337 2233 487 2275 &ipsum
499 2233 687 2268 Dominum
699 2234 865 2268 Christum
880 2261 890 2276 ,
918 2237 975 2279 qui
1000 2236 1033 2269 &
1047 2247 1104 2268 no-

219 2284 274 2316 stri
287 2282 473 2317 certaminis
483 2282 591 2316 fautor
601 2283 725 2317 existet.
739 2285 809 2331 Qi
823 2285 936 2328 utique
947 2285 1104 2328 praestatu-

219 2344 272 2368 rus
282 2333 327 2366 est
342 2333 438 2366 nobis
448 2356 459 2371 ,
485 2343 642 2376 tanquam
655 2334 804 2378 prompte
826 2346 885 2379 pro
897 2336 951 2368 sua
962 2335 1027 2369 fide
1042 2345 1106 2368 cer-

219 2383 366 2417 tantibus
377 2406 388 2421 ‚
407 2393 442 2414 ut
453 2382 486 2415 &
500 2394 557 2424 pro
569 2383 782 2418 Praedicatore
793 2384 1013 2418 Orthodoxiae
1023 2409 1034 2424 ,
1049 2385 1105 2428 qui

222 2431 415 2472 injustitiam
428 2431 582 2472 pertulit,
608 2431 648 2464 ad
671 2433 847 2474 piiffimum
872 2433 1106 2476 Imperatorem

222 2480 370 2518 nostrum
393 2479 562 2530 legatione
584 2481 779 2529 fungamur.

221 2887 336 2915 ciarum
348 2880 584 2924 consonantiam.
615 2882 790 2919 Affirmant
812 2897 929 2920 omnes
939 2887 1105 2930 utriusque

222 2931 352 2965 Ciliciae
374 2927 551 2975 Episcopos
573 2932 666 2966 fuisse
679 2935 713 2966 in
724 2935 833 2969 eadem
844 2936 1021 2980 pertinacia
1034 2939 1103 2972 uni-

221 2989 276 3013 tos
297 2980 448 3015 adversus
471 2981 717 3017 damnationem
740 2983 902 3020 Nestorii.
932 2987 1043 3033 Qare
1056 2989 1104 3021 su-

223 3028 350 3072 periora
364 3031 544 3065 Maximini
553 3031 645 3066 verba
656 3044 665 3065 :
692 3036 739 3066 Et
747 3035 877 3077 universi
880 3039 1014 3070 continu&
1020 3043 1103 3079 pari-

223 3088 269 3112 ter
279 3081 498 3121 ingrediemur,
523 3082 674 3116 videntur
697 3084 738 3117 de
749 3083 813 3118 illis
830 3086 905 3120 solis
918 3087 1104 3132 intelligen-

223 3128 265 3162 da
280 3152 287 3159 .
317 3128 395 3162 Haec
417 3130 509 3164 verba
524 3155 535 3170 ,
561 3134 608 3163 Et
629 3143 726 3166 eorum
751 3139 801 3176 qui
815 3144 872 3178 per
881 3135 1019 3180 diversas
1033 3141 1103 3170 Pro-

225 3183 362 3219 vincias,
384 3187 440 3220 pro
446 3179 509 3222 fide
534 3189 650 3215 certant
660 3183 841 3226 orthodoxa,
867 3187 1043 3221 ostendunt
1057 3199 1102 3222 re·

224 3228 328 3271 liquas
341 3251 351 3267 ,
377 3239 433 3263 aut
456 3229 531 3263 sane
542 3230 646 3273 plures
657 3232 849 3269 Provincias
874 3237 967 3271 fuisse
986 3237 1102 3271 divisas

224 3278 258 3311 ὃς
280 3278 362 3311 alios
385 3279 455 3312 istic
469 3279 650 3324 Episcopos
669 3281 826 3319 adhaefiffe
849 3286 940 3328 paci,
967 3286 1050 3321 alios
1060 3299 1102 3321 re-

223 3327 402 3365 calcitrasse
413 3351 422 3360 .
448 3329 606 3364 Notanda
620 3332 694 3365 sunt
703 3332 737 3366 &
749 3331 815 3369 haec
826 3334 936 3371 Verba
948 3350 959 3370 .-
985 3341 1031 3370 Et
1040 3342 1102 3379 pri-

323 3377 430 3418 Christ.
442 3383 521 3425 Lupi
534 3383 634 3423 Opera
644 3383 750 3417 Tyn.

404 2633 431 2680 S
465 2649 494 2679 c
530 2650 561 2680 H
595 2636 634 2681 0¹
661 2651 685 2680 L
721 2652 737 2681 1
774 2649 806 2682 ο
842 2653 872 2683 N
896 2671 909 2683 .
1144 2612 1158 3490 ι

332 2781 384 2815 Oc
396 2780 600 2825 Rescriptum
614 2794 674 2818 nos
683 2783 779 2819 docet
790 2784 874 2820 varia
888 2809 895 2817 .
922 2783 1034 2819 Primo
1048 2798 1106 2822 no-

357 2831 454 2865 tanda
467 2833 540 2866 sunt
553 2831 621 2866 haec
646 2833 714 2876 ejus
735 2834 848 2869 verba:
877 2838 1012 2868 Duarum
1035 2839 1105 2870 Cill-

1874 174 1965 218 195

1150 240 1230 273 msam
1241 240 1360 282 quidem
1373 263 1384 279 ,
1410 248 1443 272 ut
1456 250 1522 282 quae
1536 241 1573 272 de
1585 239 1645 282 ipso
1655 242 1756 276 dicunt
1765 267 1776 283 ‚
1800 244 1839 278 ab
1850 244 1918 287 ipsis
1930 271 1940 286 ,
1963 256 2031 292 quae

1151 290 1189 322 ab
1215 301 1246 322 eo
1268 291 1436 334 diriguntur
1458 313 1470 329 ,
1496 290 1605 322 litteris
1624 291 1800 333 cognoscatis
1819 320 1825 325 .
1855 295 2033 330 Affirmant

1152 340 1241 381 quod
1255 339 1441 374 Patriarcha
1454 341 1594 383 Joannes
1606 340 1724 381 Cyrilli
1738 342 1779 374 ad
1802 341 1960 379 Acacium
1982 346 2034 380 lit-

1152 399 1234 423 teras
1259 391 1431 424 occultarit
1454 416 1464 431 ,
1492 391 1526 424 δε
1550 401 1604 433 per
1628 390 1843 433 Encyclicam
1865 396 2034 436 epistolam

1151 439 1322 474 dumtaxat
1335 441 1535 485 vulgaverit,
1563 438 1652 482 quod
1666 440 1808 483 Cyrillus
1819 439 1883 482 jam
1902 445 2037 478 meliora

1152 489 1292 532 saperet;
1321 491 1423 543 Qod
1444 490 1689 534 Apollinarium
1710 515 1721 531 ‚
1747 501 1926 532 omnesque
1960 504 2037 525 con-

1152 540 1284 573 fufionis
1296 541 1466 577 fabulones
1478 539 1765 575 anathematizaret
1776 553 1790 582 ‚·
1816 540 1918 586 Qod
1931 542 2038 583 palam

1154 591 1354 631 profiteretur
1374 593 1455 625 duas
1477 602 1626 626 naturas:
1657 591 1700 625 Et
1719 590 1797 625 ideo
1811 591 1979 625 manifeste
1992 603 2038 625 re-

1152 639 1283 680 cessisset
1296 640 1314 672 ὲ
1328 641 1391 674 suis
1402 642 1565 685 Capitulis
1576 667 1585 675 .

1201 689 1281 722 Hoc
1306 690 1444 729 offendit
1456 692 1579 726 multos
1592 692 1791 736 Episcopos:
1819 692 2040 727 Praesertim&

1152 737 1193 773 ab
1207 737 1418 780 Alexandro,
1442 741 1503 775 &a
1517 742 1707 776 Maximino
1719 743 1888 778 audientes
1908 768 1919 783 ‚
1947 742 2038 784 quod

1152 786 1271 830 Cyrilli
1295 788 1401 831 littere
1420 786 1576 825 haberent
1598 794 1712 828 omnia
1732 795 1893 828 contraria
1917 817 1925 825 .
1949 793 2042 826 Hinc

1153 836 1342 871 Alexander
1353 839 1548 873 Helladium
1560 852 1653 884 rogat
1667 866 1677 881 ‚
1698 853 1739 882 ¹ut
1750 842 1857 878 bacin
1870 854 1902 877 re
1914 843 2043 877 nemini

1154 887 1233 921 fidat
1248 912 1259 927 ,
1287 888 1349 921 nifi
1376 889 1513 932 propriis
1523 890 1647 923 oculis.
1674 892 1718 926 Et
1738 895 1902 937 acquirere
1924 894 2045 928 littera-

1154 948 1225 970 rum
1237 939 1403 981 exemplar
1416 951 1483 973 non
1496 950 1563 973 erat
1575 940 1710 973 difficile
1724 953 1732 982 ;
1746 943 1829 977 istud
1845 944 1936 977 enim
1948 943 2046 977 habe·

1155 987 1209 1022 bat
1223 987 1414 1022 Alexander
1427 1003 1437 1021 :
1466 989 1509 1022 Et
1531 989 1637 1031 plures
1661 990 1717 1023 alii
1733 990 1885 1034 Episcopi
1899 993 1948 1027 vel
1960 995 1977 1027 a
1991 993 2043 1036 Jo-

1156 1048 1260 1078 anne‚
1287 1038 1340 1078 vel
1351 1038 1392 1072 ab
1406 1039 1531 1077 Acacio
1549 1049 1761 1081 acceperant.
1790 1040 1949 1075 Notanda
1972 1044 2048 1077 sunt

1156 1088 1189 1122 δι’.
1211 1087 1278 1121 haec
1300 1088 1409 1122 Verba
1424 1103 1435 1123 .·
1463 1093 1536 1121 Non
1558 1088 1701 1131 excusetis
1714 1113 1724 1129 ‚
1750 1098 1897 1131 quatenus
1923 1093 1978 1124 duo
1996 1101 2048 1124 aut

1158 1147 1221 1172 tres
1241 1150 1280 1171 ex
1303 1137 1387 1172 vobis
1413 1145 1443 1171 in
1456 1141 1743 1183 Egyptumpergant
1753 1140 1813 1172 (ac.
1839 1139 2051 1174 Demostrant

1158 1187 1328 1231 epistolam
1342 1189 1437 1223 fuiffe
1450 1189 1602 1231 scriptam
1613 1200 1761 1233 tempore
1780 1188 2001 1227 Antiochenae
2012 1201 2052 1223 ex

1159 1238 1294 1273 advenis
1315 1238 1485 1282 Episcopis
1506 1239 1634 1282 Synodi
1657 1250 1713 1274 aut
1727 1239 1836 1275 statim
1848 1240 1918 1282 post
1930 1240 2031 1283 ipsam
2043 1264 2050 1271 .

1160 1288 1253 1324 Dum
1267 1299 1381 1331 nempe
1393 1288 1584 1324 Alexander
1606 1290 1811 1324 intellexerat
1833 1290 2055 1334 Legationem

1161 1336 1343 1380 impositam
1370 1339 1405 1374 δε
1428 1339 1588 1374 Mandata
1599 1338 1673 1374 data
1686 1339 1791 1374 Paulo
1805 1341 1967 1374 Emeseno
1980 1340 2056 1383 Epi·

1161 1389 1279 1430 scopo.
1304 1389 1404 1423 Dixit
1415 1389 1578 1435 Legatum
1591 1391 1737 1434 placere,
1765 1390 1818 1424 sed
1830 1391 1967 1425 unicum
1984 1401 2054 1423 non

1161 1437 1303 1474 sufficere
1318 1452 1328 1472 .-
1357 1439 1399 1472 Ei
1422 1441 1650 1485 adjungendos
1671 1440 1756 1476 duos
1778 1450 1833 1476 aut
1851 1451 1914 1474 tres
1926 1451 1965 1474 ex
1981 1441 2056 1483 Epi-

1162 1489 1268 1532 scopis
1294 1488 1461 1534 utriusque
1483 1491 1609 1525 Ciliciae
1623 1516 1630 1523 .
1659 1491 1702 1525 Et
1726 1490 1919 1524 Helladium
1939 1500 2057 1534 urget,

1161 1548 1198 1571 ut
1225 1550 1294 1572 non
1318 1541 1447 1575 recedat
1468 1541 1510 1575 ab
1534 1539 1599 1575 hoc
1610 1539 1768 1575 articulo.
1797 1541 1841 1575 Et
1863 1540 1998 1576 adducit
2012 1548 2058 1573 ra-

1163 1589 1289 1622 tiones.
1318 1589 1473 1633 Nempe,
1501 1600 1536 1625 ut
1559 1590 1707 1634 Cyrillus
1738 1592 1822 1624 circa
1847 1592 1918 1624 suas
1929 1589 1969 1624 ad
1985 1585 2061 1621 Ber·

1163 1636 1335 1674 rhaeensem
1365 1639 1526 1673 Acacium
1550 1641 1672 1674 litteras
1693 1665 1703 1679 ‚
1731 1650 1811 1683 quas
1835 1640 1976 1681 Joannes
1998 1639 2060 1671 Pa-

1161 1686 1300 1722 triarcha
1314 1714 1324 1729 ‚
1353 1689 1459 1723 immo
1482 1691 1583 1724 etiam
1604 1689 1756 1724 Andreas
1775 1701 1812 1722 ac
1824 1688 2061 1723 Theodoretus

1161 1737 1337 1773 afferebant
1347 1738 1550 1774 orthodoxas
1564 1765 1574 1781 ,
1602 1740 1634 1774 &
1646 1741 1732 1775 circa
1745 1740 1814 1782 ejus
1830 1739 1864 1772 in
1879 1740 1950 1782 ipfis
1964 1740 2061 1772 reces-

1163 1789 1234 1822 sum
1262 1788 1281 1821 a
1301 1789 1365 1822 suis
1390 1790 1572 1832 Capitulis,
1600 1789 1727 1823 mature
1750 1801 1788 1823 ac
1804 1789 1868 1821 fide
1888 1789 2061 1823 discutere·

1163 1847 1235 1876 tur,
1265 1847 1363 1880 atque
1384 1839 1429 1872 ita
1453 1851 1514 1880 pax
1530 1848 1596 1871 non
1611 1839 1803 1875 fundaretur
1826 1840 1917 1880 super
1929 1838 2062 1872 menda-

1165 1887 1245 1920 ciis.
1274 1888 1464 1921 Alexander
1475 1890 1564 1922 enim
1575 1888 1779 1923 existimabat
1792 1885 1858 1921 haec
1871 1889 1983 1922 omnia
1997 1889 2061 1921 esso

1166 1936 1301 1978 Joannis
1323 1947 1428 1977 artes,
1455 1950 1492 1972 ac
1516 1939 1632 1972 sutelas
1655 1948 1826 1972 contextas
1842 1937 1881 1971 ad
1905 1949 2061 1979 quocum-

1165 1997 1230 2028 que
1243 1987 1330 2029 pacis
1343 1988 1421 2021 fuco
1432 1988 1633 2023 evadendam
1646 1988 1913 2032 indignationem
1935 1988 2062 2021 Princi-

1164 2035 1234 2076 pis,
1260 2037 1294 2068 ἀ
1317 2037 1423 2068 minas
1443 2037 1534 2070 exilii
1557 2062 1564 2069 .
1594 2037 1743 2072 Malebat
1766 2038 1866 2080 usque
1892 2036 1931 2070 ad
1960 2048 2063 2071 extre-v

1165 2094 1253 2117 mam
1277 2085 1446 2129 sanguinis
1467 2097 1597 2130 guttam
1621 2097 1762 2126 certare,
1789 2087 1888 2130 quam
1914 2087 2060 2123 animam

1166 2134 1254 2166 suam
1276 2144 1441 2177 exponere
1466 2137 1572 2170 ventis
1593 2137 1755 2171 mendacii
1778 2161 1785 2169 .
1812 2136 1932 2170 Voluit
1956 2137 2062 2171 adesse

1166 2184 1227 2217 tria
1243 2197 1253 2216 .·
1281 2184 1336 2217 Ut
1364 2184 1510 2226 Cyrillus
1537 2187 1654 2219 restam
1669 2186 1886 2221 fidemlucide
1898 2189 2062 2230 profitere-

1166 2243 1238 2273 tur;
1270 2232 1324 2267 Ut
1350 2232 1467 2266 diserte
1492 2235 1686 2268 valediceret
1710 2236 1775 2268 suis
1803 2235 1986 2279 Capitulis;
2015 2238 2061 2270 Et

1166 2292 1202 2315 ut
1214 2279 1434 2317 Orthodoxiae
1450 2284 1636 2326 praedicaror
1658 2284 1831 2318 Nestorius
1843 2296 2056 2328 repararetur.

1168 2329 1330 2366 Credebat
1342 2343 1382 2365 ex
1395 2343 1475 2375 pace
1485 2358 1495 2374 ‚
1521 2345 1591 2377 qua:
1604 2334 1667 2367 sine
1677 2333 1729 2368 his
1740 2334 1990 2370 conditionibus
2003 2337 2057 2371 fie«

1167 2391 1238 2420 ret,
1264 2381 1406 2415 secutura
1430 2385 1614 2426 graviffima
1638 2384 1788 2418 Ecclefiae
1815 2384 1946 2419 vulnera
1967 2399 1974 2417 :
2003 2386 2059 2421 Ae.

1167 2431 1336 2473 praesertim
1351 2431 1506 2473 majorem
1520 2433 1640 2476 Cyrilli
1653 2434 1821 2468 audaciam
1836 2458 1846 2473 ,
1872 2434 1913 2468 ad
1925 2436 2059 2469 firman-

1167 2480 1209 2514 da
1221 2480 1274 2513 sua
1288 2480 1444 2524 dogmata
1458 2506 1469 2522 ,
1495 2483 1529 2516 δε
1554 2483 1760 2517 infamandos
1783 2484 1968 2518 Orientales
1981 2486 2055 2529 Epi-

1169 2531 1294 2572 scopos,
1307 2531 1362 2574 qui
1382 2540 1549 2572 tamquam
1562 2533 1655 2575 ipfius
1666 2533 1816 2567 dediditii
1831 2544 1885 2577 per
1896 2536 2054 2577 poeniten-

1154 2581 1249 2619 *tiam
1273 2579 1307 2620 βε
1332 2582 1565 2619 correctionem
1577 2584 1785 2624 venissentad
1796 2594 1927 2628 pacem.

1371 2839 1685 2935 ‘twa
1698 2841 1853 2954 aasz

1369 2936 1685 3031 nuuc
1699 2939 1852 3028 aaa-²

1912 3389 1996 3423 CA-
