2320 3730
334 174 433 225 366

263 251 369 284 rursus
390 247 458 285 haec
468 245 603 287 dicens,
629 257 767 291 quarum
794 255 972 282 naturarum
993 243 1012 278 ὲ
1025 253 1151 275 contra-

262 300 314 334 rio
324 298 615 343 dosuitobtegens
635 299 885 337 confusionem,
911 300 1049 330 unionem
1069 293 1149 327 dicit

260 347 461 385 ineffabilem
476 374 483 381 .
510 352 565 385 Ex
588 349 699 391 quibus
712 372 723 391 ‚
752 347 858 386 inquit
872 367 882 384 ,
907 349 1068 377 unitionem
1078 344 1146 379 dict

259 411 327 435 mus
350 398 532 440 ineffabilem
548 399 668 441 fabiam
690 421 699 432 ‚
726 396 857 432 Sursum
877 404 975 437 atque
998 393 1148 427 deorsum

258 449 442 494 adjestione
465 450 660 493 syllabarum
685 454 866 487 temperans
897 441 1148 489 blasphemiam.

256 500 337 533 Huc
347 501 438 538 enim
460 495 500 533 e'x
517 498 588 536 Arii
614 497 647 529 &
661 495 820 529 Eunomii
834 494 1030 539 Magisterio
1045 493 1142 527 addu-

256 551 325 588 ,ἔλυε
336 549 380 584 est
404 547 631 588 contentiosus
653 545 707 579 hic
720 545 860 581 Daemon
874 569 885 585 ‚
913 544 1143 586 impudentiffi-

255 611 310 635 ma
323 600 440 642 bestia,
469 596 708 634 inverecundus
731 595 830 630 draco
847 619 855 631 ,.
882 595 925 628 Et
949 594 1035 638 quasi
1049 605 1145 637 parva

254 651 354 688 fuerit
375 645 560 695 praecedens
584 646 735 691 impietas
761 670 773 686 ,
809 645 877 694 ejus
909 645 1142 683 additamentis

251 700 324 736 aliis
335 699 425 744 quod
437 698 545 735 dirum
560 698 603 731 est
616 722 627 741 ,
656 697 855 744 supernutrit
867 720 875 731 .

306 750 349 785 Et
361 749 467 783 verbis
489 748 595 781 rursus
618 747 859 785 transformatis
875 746 1077 790 impietatem
1091 756 1143 782 co-

252 799 380 839 lorans,
406 797 448 834 ad
460 796 684 834 intentionem
697 798 786 831 suam
800 797 956 842 paffibilis
968 797 1053 843 apud
1066 807 1140 830 eum

248 847 447 885 Diviniratis
470 847 621 886 recurrit.
651 847 746 896 Qid
767 847 858 883 enim
884 846 970 884 dixit
995 847 1036 883 ad
1048 843 1143 883 haec?

247 900 452 941 Impaffibilem
480 902 536 934 Dei
548 901 714 935 Sermonem
732 896 879 946 subfistere
900 894 1068 938 confitemur
1078 903 1139 933 unr-

245 949 339 991 verfi,
369 950 435 986 Etfi
447 950 540 987 omni
557 949 714 995 sapientia
727 949 915 993 dispensans
938 947 1139 995 ipseMyste-

245 1001 330 1037 rium
345 1024 356 1044 ‚
382 999 569 1043 fibimetipfi
593 999 757 1043 impartire
781 998 930 1036 videatur
957 1009 1011 1032 eas
1030 1023 1040 1038 ,
1071 1009 1140 1042 quae

243 1051 461 1095 contigerunt
484 1050 575 1084 carni
600 1049 754 1093 propriae,
781 1050 941 1092 passiones
964 1072 975 1088 ‚
1001 1048 1138 1090 impaffi-

243 1099 344 1137 bilem
360 1101 425 1135 Dei
440 1101 629 1134 Sermonem
642 1099 805 1133 subsistere
814 1098 983 1134 confiteris
994 1121 1001 1128 .
1025 1097 1069 1133 Et
1082 1107 1139 1130 cur

240 1149 423 1197 praecedens
435 1161 511 1183 eum
525 1147 706 1191 paffibilem
718 1147 948 1190 dogmatizas?
974 1146 1041 1182 Dic
1053 1147 1134 1196 quid

239 1200 302 1238 tibi
326 1201 404 1238 velit
426 1223 438 1240 ,
463 1196 554 1241 quod
577 1197 687 1242 inquis
713 1222 724 1238 ,
752 1196 938 1241 sibimetipsi
968 1198 1133 1241 impartire

240 1251 402 1296 paffiones
425 1272 435 1288 ,
466 1248 524 1285 nili
549 1249 665 1295 utique
692 1248 774 1285 illud
796 1273 807 1291 ‚
833 1248 910 1295 quia
947 1247 1132 1286 voluntarie

239 1302 345 1346 paffus
356 1301 394 1336 sit
408 1301 421 1333 Ρ
441 1298 607 1336 Novimus
616 1300 706 1334 enim
719 1309 853 1335 tuorum
869 1298 1042 1337 verborum
1054 1309 1129 1333 con-

237 1350 446 1387 suetudinem
462 1375 469 1382 .
496 1349 556 1388 Sed
568 1348 716 1392 poffibile
737 1348 801 1388 est,
832 1359 868 1386 ut
880 1348 1013 1394 quidam
1038 1349 1128 1386 simul

238 1412 316 1438 cum
329 1399 521 1445 blasphemo
535 1398 743 1437 irridentium
755 1400 937 1439 contendat
962 1400 1133 1438 adversum

237 1462 321 1492 nos,
349 1451 440 1495 quod
467 1457 625 1496 impartire
648 1450 708 1488 iste
733 1450 853 1493 impius
876 1451 1021 1490 dixerit,
1047 1450 1134 1495 quasi

236 1503 383 1549 proprias
404 1502 511 1539 facere
534 1526 541 1538 ‚
570 1499 626 1537 Ad
650 1511 733 1546 quos
757 1501 900 1536 dicimus
935 1512 996 1535 nos
1020 1525 1031 1540 ,
1057 1501 1135 1544 quia

235 1553 382 1596 primum
395 1563 510 1587 vocem
529 1575 540 1595 ‚
566 1563 630 1596 qua
642 1547 764 1589 dicitur
777 1576 788 1592 ‚
813 1555 960 1594 Impartit
977 1575 988 1594 ,
1016 1562 1085 1588 non
1102 1551 1135 1588 id

235 1602 344 1638 solum
367 1602 551 1646 fignificare
571 1603 712 1647 putetis,
742 1602 832 1646 quod
860 1602 1002 1645 pertinet
1012 1600 1052 1635 ad
1066 1613 1136 1645 pro-

236 1653 306 1698 pria
333 1654 438 1687 facere
464 1676 474 1692 ,
512 1653 565 1689 sed
590 1653 690 1690 etiam
721 1651 1058 1695 comparticipationis
1088 1651 1134 1687 est

234 1714 304 1739 res.
335 1703 505 1746 Impartire
529 1713 672 1749 namque
697 1703 785 1746 quasi
800 1702 883 1737 inter
898 1703 929 1739 se
949 1703 982 1741 ὅ(
996 1704 1135 1737 alterum

236 1754 350 1797 partiri
376 1754 503 1796 aliquas
515 1763 585 1793 res,
613 1761 770 1795 corrupto
793 1753 1135 1796 percompofitionem

235 1803 394 1839 sermonis
421 1802 518 1836 verbo
532 1803 746 1839 nominatur.
773 1803 807 1836 Si
834 1803 935 1846 igitur
946 1802 1134 1845 sibimetipli

236 1853 383 1898 impertit
394 1879 404 1894 ‚
432 1854 561 1888 constat
575 1852 651 1897 quia
665 1853 696 1887 id
713 1854 758 1886 ita
771 1852 893 1887 dicitur
905 1876 915 1892 ,
929 1853 1007 1890 ficut
1020 1853 1136 1887 volun·

234 1905 316 1941 tarie
331 1905 379 1939 vel
405 1903 583 1948 spontanee
597 1903 774 1948 paffionem
789 1903 960 1946 participat
973 1927 980 1934 .
1007 1902 1137 1938 Confir-

234 1966 303 1993 mat
318 1950 426 1999 verti,n
445 1954 536 2004 quod
559 1955 593 1993 <St
606 1966 696 1991 nunc
722 1955 843 2000 paffum
858 1954 970 1991 Deum
986 1952 1136 1989 Verbum

234 2005 442 2051 dogmatizet
481 2006 539 2039 iste
561 2004 775 2039 Adversarius
798 2005 909 2049 legum
934 2028 945 2044 ,
971 2004 1067 2047 pofiti
1096 2003 1137 2037 ab

236 2067 279 2091 eo
299 2056 391 2098 super
413 2052 479 2090 hoc
492 2055 661 2096 Scripturae
686 2054 867 2086 testimonii
882 2054 976 2086 lectio
990 2078 997 2084 .
1026 2054 1137 2098 Qale

236 2107 283 2142 est
303 2131 315 2148 ‚
344 2104 455 2153 inquit
479 2127 490 2145 ,
515 2101 599 2137 illud
627 2103 716 2146 quod
742 2113 797 2145 per
820 2099 994 2145 Prophetae
1020 2112 1153 2134 vocemr

235 2165 444 2202 praeconatur
461 2164 498 2189 ut
522 2164 563 2186 ex
590 2153 661 2199 ipso
681 2154 694 2188 ,ἒ
722 2151 848 2197 Dorsum
880 2161 978 2185 mrum
1002 2152 1073 2186 dedi
1096 2151 1155 2200 adl

237 2205 364 2243 verbera
390 2228 402 2246 ,
427 2204 461 2240 (5
486 2202 632 2238 maxillas
653 2211 736 2234 meas
765 2202 810 2234 ad
829 2199 965 2241 colaphos
990 2224 1001 2242 ‚
1025 2200 1155 2244 faciem}

238 2259 311 2292 vera
334 2265 431 2289 meam
460 2263 519 2289 non
539 2256 644 2287 averti
657 2252 677 2283 ἃ
690 2248 848 2293 confufione
859 2247 1035 2295 sputorum,
1062 2243 1155 2283 Ob-'

239 2305 415 2350 stupefacit
425 2313 478 2337 me
491 2302 579 2336 illius
596 2302 703 2338 sensus
724 2300 975 2344 incongruitas.
1002 2299 1035 2333 Si
1047 2257 1155 2391 enim¹

240 2356 392 2393 Verbum
406 2354 513 2389 carnis
525 2352 686 2399 pastiones
711 2351 857 2394 proprias
870 2350 970 2395 facit<
982 2350 1140 2385 conceda-

240 2417 296 2443 tur
307 2407 399 2441 enim
412 2405 487 2450 quia
502 2404 535 2440 id
549 2403 638 2447 quod
653 2402 696 2435 est
710 2405 850 2442 Impem't
861 2425 871 2440 ,
900 2402 944 2434 ita
960 2400 1054 2443 ponit
1067 2425 1076 2440 ‚
1103 2394 1156 2435 acl

244 2458 269 2493 {i
279 2457 366 2492 dicat
381 2480 392 2498 ,
417 2454 568 2498 Proprias
580 2452 658 2489 facit
673 2451 830 2496 pastiones
844 2448 1039 2492 >quomodo
1051 2451 1090 2484 ad
1107 2437 1156 2491 id!

245 2506 443 2545 testimonio
465 2504 666 2545 utituristo,
696 2512 731 2538 ut
745 2501 889 2538 carnales
913 2501 970 2536 has
985 2494 1155 2552 pastiones}

247 2559 406 2594 sustinere
416 2556 543 2591 dicatur
560 2555 577 2590 ἓ
606 2553 711 2589 Aliud
728 2553 847 2595 quippe
859 2551 903 2587 est
920 2551 1047 2594 propria
1060 2553 1155 2589 face-j

249 2620 286 2644 re
299 2606 430 2644 verbera
442 2606 548 2641 carnis
563 2629 573 2645 ,
585 2604 619 2640 ἀ
630 2602 718 2637 aliud
730 2602 836 2646 ipsum
854 2599 985 2636 verbera
999 2601 1142 2644 pertulis-

249 2660 283 2694 se
306 2683 318 2700 ‚
352 2656 513 2700 &ipsum
537 2654 630 2690 fuisse
658 2649 902 2697 colaphizatum
931 2676 942 2692 ,
970 2643 1156 2723 ipsumque}

251 2709 453 2752 consputum
486 2729 493 2738 -
530 2704 699 2748 scripturae
744 2702 901 2748 liquidem
948 2701 1141 2748 testimonio

250 2758 367 2794 Deum
390 2755 541 2791 Verbum
563 2763 618 2797 per
640 2752 845 2796 semetipsum
866 2750 1016 2794 praedicat
1037 2763 1142 2796 pertu-

253 2809 342 2845 lifl‘e.
367 2803 553 2855 Quomodo
565 2803 764 2840 enimcum,
791 2803 847 2845 qui
860 2801 1141 2846 semelimpaffibi-

255 2859 298 2894 lis
320 2857 446 2897 exstat,
470 2856 505 2892 δε
529 2854 786 2899 incompositus,
811 2852 844 2886 δε
872 2852 954 2886 liber
969 2853 986 2886 a
1002 2853 1116 2888 formis
1132 2876 1142 2892 ,

257 2909 461 2953 Creatotque
481 2907 659 2942 formarum
672 2927 683 2944 ‚
710 2913 766 2939 aut
791 2911 828 2938 ut
847 2910 889 2936 ex
901 2902 1045 2946 partibus
1054 2914 1143 2939 com-

260 2958 423 3004 positum,
450 2957 484 2992 &
505 2954 659 2990 membris
679 2952 881 2989 constantem
903 2975 914 2991 ,
940 2955 1143 2999 quicumque

258 3019 374 3044 eorum
393 3009 449 3053 qui
474 3005 557 3042 bene
580 3004 732 3048 sapiunt,
757 3002 936 3046 suspicetur
956 3028 967 3045 ,
995 3004 1052 3039 nisi
1075 3003 1144 3049 ejus

259 3058 474 3103 inseparabile
495 3056 656 3100 templum
669 3078 679 3094 ,
705 3051 796 3099 quod
815 3050 942 3088 constat
963 3051 1059 3088 dorso
1072 3078 1083 3094 ,
1109 3054 1144 3089 &

261 3109 431 3148 maxillis,
456 3107 606 3147 &facie,
633 3116 704 3149 quae
715 3105 874 3148 consputa
894 3102 961 3143 est,
990 3112 1024 3138 ut
1036 3104 1144 3147 praedi·

256 3159 299 3192 <xi
313 3160 326 3191 ?
350 3158 412 3191 Iste
424 3158 503 3193 vero
515 3157 658 3202 figurans
669 3153 878 3200 infigurabile
888 3177 900 3194 ‚
920 3152 975 3198 ipfi
987 3154 1144 3196 passiones

263 3207 408 3250 impertit
443 3207 606 3242 universas
626 3230 634 3239 .
663 3206 695 3242 Si
719 3205 810 3241 enim
833 3228 845 3245 ‚
870 3203 950 3238 ficut
976 3202 1045 3238 dixi
1067 3229 1078 3245 ,
1103 3216 1144 3238 ex

265 3258 337 3303 ipso
347 3281 358 3298 ,
385 3257 475 3299 quod
488 3256 672 3299 sibimetipsi
687 3256 843 3297 passiones
855 3253 960 3288 carnis
978 3253 1123 3298 impertit
1135 3278 1146 3295 ‚

265 3316 343 3350 ante
354 3316 572 3351 praeconatum
584 3304 647 3345 est,
674 3304 800 3348 Dorsum
810 3315 906 3338 meum
929 3304 1002 3337 dedi
1025 3306 1069 3338 ad
1079 3316 1146 3338 ver-

260 3358 337 3397 bera
358 3380 372 3400 ‚
403 3357 467 3393 διε.
493 3355 610 3392 alteras
636 3365 748 3403 praeter
772 3366 905 3392 carnem
930 3356 1147 3391 convincetur

706 162 1201 210 ¹VARIORUM
1273 159 1634 208 PATRUM

1218 241 1336 278 habere
1348 245 1440 281 Deus
1453 244 1604 280 Verbum
1617 247 1766 290 figurales
1786 248 1904 294 figuras
1915 272 1926 289 ,
1953 259 2024 295 quae
2034 250 2102 293 pas-

1216 295 1320 330 {iones
1342 294 1449 328 carnis
1471 295 1504 330 in
1518 295 1800 338 participationem
1823 299 1999 345 recipiant.

1261 345 1296 377 O
1311 343 1538 388 insuperabilis
1549 345 1695 381 insania!
1717 346 1750 379 Ο
1764 347 2010 385 innumerabilis
2021 359 2101 384 con·

1211 396 1388 429 taminatio
1399 397 1413 433 ..¹
1434 396 1467 430 O
1479 395 1656 429 ineffabilis
1666 396 1848 431 temeritas!
1876 398 2097 436 Divinitatem

1211 445 1328 489 figurat
1340 446 1479 489 impius,
1507 446 1538 480 &
1551 446 1696 490 flagellat
1708 470 1716 478 .
1744 444 1946 489 obstupesco
1965 449 2005 484 de
2017 463 2099 486 con-

1211 498 1369 531 taminata
1386 496 1484 540 hujus
1506 497 1687 531 temeritate
1698 495 1894 531 formidans.
1924 497 1969 532 Et
1991 508 2098 536 tremo

1209 545 1289 582 dum
1311 548 1449 590 loquor.
1477 545 1539 582 Sed
1562 558 1659 590 parco
1683 547 1748 590 jam
1761 546 1844 583 mihi
1860 571 1870 588 ,
1897 547 2095 592 reliquorum

1208 594 1328 641 jastans
1341 597 1575 634 alienationem
1586 622 1597 639 ‚
1616 598 1650 633 ἀ
1660 596 1870 631 desolationis
1880 596 2102 635 abominatio-

1208 656 1284 680 nem
1295 670 1305 687 ,
1331 658 1402 691 quae
1414 649 1446 681 &
1461 649 1576 681 iterum
1590 648 1676 684 circa
1690 649 1890 691 Apollinarii
1912 646 2098 693 phrenefim

1208 695 1292 729 nihil
1305 698 1335 731 se
1346 698 1388 734 de
1399 699 1591 735 Sanctorum
1605 697 1741 734 Parrum
1760 698 1824 734 fide
1837 710 2043 743 corrumpere
2056 700 2097 734 ir-

1205 746 1315 783 risorie
1325 747 1448 791 jactitat
1462 773 1473 789 ‚
1498 749 1690 784 &similiter
1700 760 1815 785 contra
1834 749 1992 792 Spiritum
2016 750 2104 785 San*

1204 798 1292 831 &um
1315 799 1404 834 illius
1427 798 1642 842 blasphemias
1664 800 1759 836 solite
1780 800 1923 843 sequitur
1940 823 1947 832 .
1974 800 2095 845 Lugeo

1204 858 1311 885 autem
1325 849 1431 891 solos,
1453 851 1599 897 quicum
1610 862 1651 886 eo
1665 860 1778 885 contra
1793 850 2015 887 Divinitatem
2028 861 2095 886 ma-

1205 909 1263 932 nus
1273 899 1495 935 extenderunt
1507 925 1514 932 .
1543 900 1612 950 Qi
1625 902 1756 935 invocat
1770 900 1938 935 Christum
1951 926 1961 943 ‚
1974 902 2008 935 &
2022 900 2093 943 ejus

1202 948 1318 990 perfert
1332 948 1457 986 hostem
1469 975 1479 990 ,
1508 962 1606 993 quam
1622 951 1690 987 isin
1707 961 1762 985 vos
1775 949 1873 987 habet
1890 950 2090 994 jurisdictio-

1203 1000 1299 1037 nem?
1325 1000 1439 1048 Qarn
1451 1002 1717 1040 excusationem,
1746 1004 1801 1045 qui
1820 1001 1955 1037 addictis
1978 1001 2090 1045 impiis

1201 1048 1298 1092 paci,
1326 1050 1501 1093 impietatis
1523 1050 1619 1094 hujus
1630 1050 1703 1084 estis
1726 1052 1846 1096 refuga:
1858 1053 1959 1087 fasti?
1985 1050 2091 1094 Proji-

1200 1098 1323 1133 cientes
1335 1100 1478 1139 fructus,
1505 1101 1633 1137 fovistis
1652 1100 1811 1141 radicem.
1841 1102 1934 1148 Qin
1957 1100 2026 1137 imo
2052 1102 2088 1139 ὅ(

1201 1147 1322 1182 frustus
1347 1149 1513 1192 recepistis
1535 1172 1547 1188 ,
1577 1149 1611 1186 &
1634 1149 1778 1185 radicem
1806 1151 2084 1194 complectimini.

1200 1199 1295 1246 Qas
1314 1199 1443 1233 fraudes
1455 1198 1573 1232 vestras
1599 1199 1640 1234 ad
1653 1199 1845 1234 memoriain
1869 1200 2087 1236 reducemus?

1198 1249 1316 1285 lllasne
1327 1273 1339 1291 ,
1365 1249 1483 1297 quibus
1494 1247 1617 1286 tardius
1635 1250 1824 1294 pervenistis
1836 1250 1875 1284 ad
1890 1251 2054 1293 Ephesum
2070 1252 2088 1283 ,2

1197 1298 1254 1335 An
1265 1300 1475 1343 deceptiones
1486 1324 1497 1343 ,
1522 1311 1601 1346 quas
1614 1300 1645 1334 in
1660 1302 1727 1344 ipsa
1739 1300 1866 1347 Epheso
1877 1302 2088 1347 perpetrastis?

1198 1350 1254 1383 Au
1265 1350 1306 1384 de
1334 1350 1524 1393 proditione
1535 1351 1616 1388 fasta
1629 1350 1922 1395 Constantinopoli
1938 1353 1950 1387 .>
1977 1351 2032 1384 An
2046 1351 2090 1385 de

1199 1399 1344 1434 irrisione
1356 1399 1475 1437 Tharfi
1486 1401 1667 1444 composita
1680 1403 1693 1435 ἲ
1720 1400 1775 1437 An
1791 1400 1831 1437 de
1845 1400 1978 1437 subdola
1990 1401 2096 1435 affert·

1197 1450 1323 1487 tatione
1337 1449 1528 1489 Antiochiae
1551 1450 1667 1499 gesta?
1695 1451 1823 1486 Nonne
1847 1451 1963 1492 illum,
1991 1462 2092 1495 quem

1198 1501 1313 1545 punire
1325 1500 1597 1545 meditabamini,
1624 1501 1745 1538 festivis
1757 1501 1946 1538 muneribus
1970 1501 2094 1537 allicie-

1197 1549 1301 1588 batis?
1328 1551 1455 1589 Nonne
1466 1551 1577 1588 Patres
1590 1551 1810 1589 Orthodoxos
1823 1562 1876 1595 per
1887 1552 2011 1597 Scripta
2024 1549 2095 1588 sub·

1196 1600 1306 1646 egistis
1322 1625 1333 1641 ‚
1357 1601 1579 1644 jurationibus
1593 1600 1768 1638 inducente
1782 1603 1837 1637 te?
1864 1602 1991 1637 Nonne
2002 1601 2093 1636 Con-

1198 1651 1514 1694 stantinopolitanos
1540 1653 1575 1689 δ(
1589 1650 1822 1687 Antiochenos
1833 1651 1979 1694 Populos
2005 1652 2094 1688 fove-

1198 1701 1304 1737 batis?
1331 1703 1445 1746 Digna
1460 1703 1533 1735 sunt
1552 1701 1713 1746 impietati
1728 1701 1941 1745 AEgyptiacae
1954 1725 1965 1742 ,
1991 1711 2061 1748 quae
2073 1701 2098 1736 a.

1198 1752 1292 1790 vobis
1314 1753 1388 1785 sunt
1413 1762 1614 1796 perpetrata.
1644 1751 1844 1787 Consonant
1866 1749 1924 1786 fibi
1947 1748 1987 1785 ad
2011 1750 2097 1785 invi·

1198 1813 1268 1836 cem
1292 1801 1448 1838 nundinae
1461 1801 1589 1836 vestrae:
1616 1802 1843 1850 Qaecumque
1866 1801 1957 1836 enim
1977 1800 2095 1837 desivi-

1198 1853 1253 1887 stis
1265 1852 1489 1898 blasphemare
1502 1864 1558 1898 per
1572 1852 1723 1900 linguam
1737 1876 1747 1893 ‚
1774 1851 1840 1887 haec
1854 1851 1986 1887 studetis
1997 1851 2094 1887 fimu-

1199 1903 1322 1939 latione
1345 1902 1489 1937 firmare.
1519 1903 1581 1940 Sed
1605 1914 1685 1943 vos,
1711 1903 1766 1947 qui
1782 1901 1901 1936 horum
1931 1913 1999 1936 non
2013 1901 2096 1942 estis

1198 1953 1380 1999 participati
1393 1952 1577 1997 pestilentia
1588 1978 1599 1994 ‚
1618 1954 1818 1990 inviolatum
1830 1954 1951 1987 servate
1963 1950 2090 1989 bonum

1198 2004 1391 2047 Depositum
1407 2028 1417 2044 ‚
1444 2004 1533 2048 quod
1545 2004 1580 2041 &
1594 2004 1763 2049 accepistis
1774 2028 1785 2044 ,
1812 2004 1844 2037 in
1858 2014 1925 2048 quo
1941 2003 1974 2036 ὅ(
1987 2001 2092 2046 bapti-

1197 2054 1262 2088 zati
1285 2053 1384 2092 estis,
1414 2065 1469 2096 per
1489 2054 1579 2097 quod
1603 2055 1637 2088 &
1661 2055 1828 2090 salvamini
1849 2079 1858 2091 ‚
1885 2053 2101 2095 declinantes

1196 2112 1298 2136 omne
1309 2102 1486 2144 impietatis
1504 2102 1693 2147 Collegium
1708 2115 1715 2136 τ
1731 2103 1881 2137 Maxime
1893 2113 1933 2136 ne
1942 2112 2092 2137 commu.

1200 2150 1544 2191 nicetisinfesteillis,
1571 2154 1626 2197 qui
1640 2152 1759 2196 polluti
1781 2152 1848 2194 jam
1869 2151 2007 2185 fuerint.
2036 2151 2087 2186 Hi

1197 2201 1287 2235 enim
1299 2201 1379 2234 dum
1392 2203 1482 2236 reciae
1499 2201 1577 2235 fidei
1600 2204 1630 2234 le
1642 2200 1796 2234 simulent
1808 2202 1973 2237 assertores
1990 2225 2001 2242 ‚
2030 2201 2091 2236 im-

1199 2250 1312 2296 pietati
1327 2249 1538 2285 ministrant.
1569 2249 1622 2284 Ad
1635 2261 1692 2284 eos
1704 2250 1787 2285 bene
1809 2250 1999 2286 testificatur
2019 2250 2093 2286 cla·-

1200 2311 1294 2335 mans
1309 2301 1471 2343 Scriptura
1488 2299 1634 2335 Divina:
1663 2304 1736 2335 Non
1754 2301 1872 2342 potestis
1893 2301 2004 2333 duobus
2029 2305 2092 2335 Do-.

1200 2356 1290 2385 minis
1308 2349 1448 2395 servire.
1476 2352 1559 2384 Unus
1587 2356 1666 2385 enim
1692 2353 1831 2385 Dominus
1853 2375 1863 2391 ,
1889 2362 1951 2383 una
1972 2351 2090 2392 Fides,

1200 2412 1292 2437 unum
1307 2399 1470 2444 Baptisma
1486 2426 1492 2433 .
1524 2400 1626 2438 Unus
1636 2402 1755 2444 quippe
1767 2412 1821 2445 per
1833 2400 1969 2440 omnia,
1995 2402 2030 2435 δε
2043 2402 2090 2435 su.

1202 2463 1257 2496 per
1268 2452 1382 2485 omnia
1396 2475 1407 2491 ‚
1433 2451 1510 2485 &in
1524 2452 1677 2485 omnibus
1693 2451 1803 2491 Deus,
1829 2451 1886 2494 qui
1899 2451 2008 2485 reddet
2020 2451 2091 2484 uni·

1202 2503 1320 2543 cuique
1335 2501 1514 2537 secundum
1525 2513 1624 2546 opera
1637 2501 1705 2547 ejus
1718 2526 1725 2536 .
1754 2500 1931 2548 Ipfi'gloria
1952 2502 1987 2535 in
2002 2502 2092 2537 saecu·

1203 2553 1254 2589 la·
1282 2552 1415 2589 Amen.

1413 2771 1619 2819 CAPU
1637 2769 1678 2816 T
1725 2771 1884 2817 CCII.'
1944 2788 2081 2827 --291

1409 2911 1602 2977 Presbyter·
1621 2907 1852 2959 Claudianus
1862 2945 1875 2959 .

1275 3051 1492 3086 Raesumentes
1512 3050 1554 3086 de
1577 3051 1751 3086 Sanstitate
1772 3059 1828 3085 tua
1841 3074 1852 3092 ,
1880 3052 1999 3095 quippe
2013 3059 2090 3084 ran-s

1301 3102 1452 3146 quamde
1472 3102 1584 3137 nostro
1609 3102 1727 3139 fratre,
1754 3102 1831 3147 quia
1841 3101 1955 3136 omnia
1966 3101 2090 3141 etiam,

1204 3164 1275 3197 quae
1294 3152 1459 3186 efficibilia
1484 3154 1578 3192 sunt,
1603 3161 1639 3186 ut
1662 3151 1770 3192 nosti,
1798 3161 1889 3194 potes
1900 3150 2091 3195 complere,

1205 3203 1494 3247 Religiofiffimum
1527 3201 1756 3244 Presbyterum
1789 3201 1931 3235 Paulum
1968 3201 2090 3235 virtute

1206 3254 1420 3298 Eulogiarum
1444 3254 1522 3287 illuc
1545 3255 1654 3286 sumus
1669 3253 1769 3296 parati
1788 3250 1946 3296 dirigere,
1971 3252 2087 3295 praesu⁴

1205 3313 1350 3346 mentes,
1378 3313 1414 3337 ut
1425 3303 1590 3344 diximus,
1616 3303 1658 3341 de
1672 3304 1772 3345 Deo,
1795 3301 1883 3337 &de
1904 3310 1985 3343 tua,
2012 3300 2085 3335 Do:-

1206 3355 1298 3392 mine
1313 3379 1325 3397 ‚
1354 3353 1598 3401 Religiofitate.
2081 3376 2084 3381 -

1290 3415 1301 3424 ²
1862 3396 2038 3438 CAPUT
