2320 3730
690 149 1026 201 VARloRuM
1058 147 1316 196 PATRUM
1351 144 1692 209 Eris-roms,

1226 225 1349 269 Cyrilli
1373 229 1408 263 δε
1429 230 1624 268 Memnonis
1647 235 1752 268 fuerat
1774 233 1987 270 confirmata.
2015 236 2061 271 Et
2075 246 2111 273 ut

1228 276 1451 320 praedicaretur
1474 292 1607 324 quoque
1630 294 1854 321 convenerat..
1873 285 1917 319 Et
1929 287 1971 320 fic
1983 294 2112 331 tempus

1227 327 1419 367 inveniens,
1449 328 1528 362 dum
1552 331 1766 367 custodiretur
1788 335 1822 367 in
1845 335 1977 379 Epheso
1996 359 2007 376 ,
2031 338 2112 382 fuga

1224 378 1269 411 est
1294 379 1387 412 usus.
1416 379 1646 414 Maximianus
1667 380 1766 422 vero,
1793 384 1850 426 qui
1872 386 1905 419 in
1919 386 2111 422 Constanti-

1224 429 1340 472 nopoli
1355 428 1399 462 est
1412 428 1582 465 ordinatus
1598 430 1801 475 Episcopus,
1826 433 2052 471 Orientalibus
2073 437 2109 471 in

1184 500 1185 503 =
1224 479 1553 523 Constantinopolim
1566 492 1634 514 non
1648 482 1788 525 permisit
1805 481 1942 518 intrare.
1975 486 2111 532 Cogno-

1223 529 1271 563 vir
1283 538 1394 563 autern
1409 529 1639 575 Religiofitas‚
1667 532 1746 566 ficut
1762 527 1937 576 oportebat
1958 538 2110 579 agnosce-

1221 590 1274 613 re.
1304 578 1431 614 Videns
1454 582 1543 615 enim
1554 582 1693 616 multam
1722 582 1851 618 turbam
1862 583 2108 621 Monachorum

1221 628 1380 671 piissimus
1406 630 1607 675 Imperator,
1634 632 1787 668 valefecit
1806 634 1997 678 Episcopis‚
2023 636 2109 671 satis-

1220 680 1343 714 faciens
1356 680 1421 715 eis.
1449 682 1487 715 In
1499 682 1649 728 angustia
1667 683 1768 728 igitur
1780 682 1881 718 nimia
1893 686 1966 719 sunt
1987 686 2044 729 qui
2065 684 2107 721 ad

1221 730 1396 765 Ecclesiam
1407 732 1573 774 pertinent
1587 758 1594 765 .
1622 733 1667 768 Et
1689 733 1729 768 ad
1742 733 1932 769 salvandum
1946 735 2013 769 Dei
2036 747 2108 770 om-

1220 779 1567 827 nipotentiaindigeut
1593 793 1689 828 atque
1702 785 1868 820 remedio.
1894 784 2045 833 Qaliter
2056 797 2108 821 ve-

1219 830 1257 864 ro
1275 829 1308 864 hi
1322 855 1333 871 ‚
1362 832 1420 874 qui
1443 830 1483 866 ad
1506 843 1568 866 nos
1590 832 1608 866 ὲ
1623 833 1718 868 vobis
1738 845 1920 875 venerunt,
1947 835 2108 870 consolati

1217 881 1280 915 fint
1300 893 1376 915 curn
1398 882 1612 917 multitudine
1624 894 1694 924 quae
1704 885 1823 927 pariter
1842 886 1954 926 venit,
1981 886 2108 930 &quo-

1215 930 1319 966 modo
1339 943 1399 966 nos
1411 932 1533 967 fuerint
1556 933 1719 968 consolati
1736 935 1876 978 praediffi
1898 934 2108 980 Religiofiffi·

1215 982 1262 1015 mi
1284 981 1461 1026 Episcopi,
1483 983 1781 1019 Reverendiffimus
1804 984 1961 1019 Panicius
1981 986 2107 1021 Diaco-

1217 1042 1277 1066 nus
1303 1031 1458 1071 ‚edocebit
1478 1058 1486 1065 .
1521 1034 1670 1068 Omnem
1693 1058 1705 1075 ,
1732 1045 1800 1076 quae
1826 1046 1935 1070 tecum
1961 1036 2006 1070 est
2034 1061 2044 1077 ,
2070 1035 2106 1070 in

1215 1080 1349 1117 Christo
1372 1083 1688 1119 Confraternitatem
1701 1084 1879 1128 plurimum
1893 1085 2028 1120 salutavi
2045 1111 2052 1119 .

350 147 442 199 128

496 341 766 412 *CAPUT
817 357 939 409 XLI.
1020 366 1160 408 -.-129

267 544 463 667 ’ἙΡΕἚἽΞ
490 549 643 668 ἓὲἓᾶἶ
665 541 1161 680 ἒξῗζᾷἷιῇἕωὲῗῗῖ“

978 649 991 672 ,
1141 648 1159 657 .,

332 690 383 744 lo
408 637 611 758 teriiporg
630 688 737 739 clari
769 681 1042 745 Sacerdoti8‚
1078 686 1156 751 qui

331 761 469 810 etiam
497 753 723 808 Confeffor
759 755 1020 808 Arianorum
1046 770 1157 804 tem-

330 829 510 900 poribus
547 826 633 876 fuit
667 863 680 874 .
719 829 856 890 Cujus
893 830 936 874 &
973 825 1154 897 scriptas

329 913 486 947 contra
521 900 646 947 Beati
692 897 858 963 Cyrilli
905 898 1155 964 Capitulan

324 967 497 1017 litteras
557 965 821 1036 approbavit
884 967 1153 1018 Theodosius

323 1040 570 1106 Imperator
604 1074 618 1098 ‚
671 1035 861 1086 scribens
909 1037 966 1087 ad
1015 1042 1153 1106 Syno-

321 1106 427 1156 dum
462 1144 476 1169 ,
534 1125 632 1175 quae
667 1109 715 1156 in
764 1106 937 1175 Epheso
971 1126 1151 1170 congre-

317 1192 426 1243 gata
461 1176 523 1226 est
556 1215 570 1240 ,
618 1194 693 1244 per
720 1183 943 1241 Joannem
994 1180 1150 1227 Comi-

255 1246 257 1248 ’
318 1262 408 1296 tem
447 1250 754 1311 Largitionum
791 1285 805 1309 ,
840 1246 948 1299 ficut
984 1246 1147 1316 supra„

316 1315 536 1367 ostensum
572 1317 633 1367 est
664 1354 677 1365 .
728 1319 819 1366 Cui
853 1321 898 1367 ὅτ
933 1319 980 1367 in
1012 1318 1147 1386 ipsa..

316 1385 537 1437 discordia
573 1387 718 1456 pofito
767 1393 810 1438 &
858 1387 984 1437 Sedes
1021 1396 1145 1456 Apo-

315 1456 496 1521 stolica,
532 1462 576 1508 &
613 1465 776 1510 Beatus
802 1460 1001 1526 Cyrillus
1039 1478 1138 1509 cum

314 1545 475 1592 magna
513 1532 804 1581 veneratione
832 1528 1068 1598 rescripsit.

1402 1236 1910 1283 Senorlou.

1325 1381 1394 1416 AEc
1416 1382 1565 1427 Epistola
1585 1382 1630 1418 est
1644 1385 1758 1427 magni
1782 1385 1970 1424 momenti,
1996 1385 2028 1418 &
2042 1396 2102 1420 nos

1347 1432 1447 1467 docet
1469 1433 1623 1478 grandia.
1652 1433 1764 1467 Etiam
1788 1433 1857 1477 ejus
1874 1434 1989 1468 titulus
2011 1435 2100 1478 plura

1211 1481 1311 1516 docet
1322 1481 1363 1517 de
1378 1482 1572 1518 Berrhaeensi
1584 1483 1727 1517 Acacio.
1755 1483 1894 1523 Primo,
1919 1485 2009 1529 quod
2022 1487 2101 1520 esset

1211 1540 1302 1566 aetate
1329 1533 1571 1577 antiquiffimus
1600 1558 1607 1565 .
1634 1533 1735 1577 Supra
1762 1532 1948 1568 audivimus
1972 1557 1983 1573 ‚
2010 1536 2100 1578 quod

1211 1582 1301 1616 istius
1323 1583 1429 1617 saeculi
1441 1594 1530 1618 anno
1543 1583 1708 1627 trigesimo
1719 1583 1826 1628 primo
1846 1582 1979 1619 haberet
1990 1596 2099 1620 annos

1209 1641 1341 1666 centum
1365 1631 1543 1668 &decem.
1571 1634 1706 1668 Deinde
1721 1658 1731 1674 ‚
1757 1634 1846 1677 quod
1870 1635 1933 1668 isto
1944 1642 2094 1679 tempore

1207 1683 1284 1717 effer
1312 1683 1417 1717 clarus
1444 1684 1627 1728 Episcopus
1651 1706 1658 1715 .
1686 1684 1766 1717 Erat
1793 1683 1883 1718 enim
1906 1685 2096 1728 quatumvis

1208 1732 1367 1775 majorum
1392 1734 1427 1767 in
1442 1734 1610 1768 Orientali
1623 1733 1766 1768 Ecclesia
1787 1735 1955 1768 causarum
1977 1734 2097 1770 Gestor

1206 1783 1239 1816 &
1256 1782 1406 1817 Arbiter.
1434 1783 1712 1819 Intricatiffimam
1733 1783 1884 1818 Flaviani
1897 1783 2096 1819 Patriarchae

1209 1831 1435 1873 Antiocheni‚
1460 1834 1478 1866 a
1494 1833 1646 1868 Romana
1668 1834 1812 1868 Ecclesia
1825 1833 1954 1869 dudum
1975 1833 2095 1878 impro-

1207 1881 1305 1922 bati,
1332 1881 1544 1925 quaestionem
1574 1883 1641 1926 ipse
1667 1883 1854 1926 composuit
1884 1906 1896 1923 ‚
1922 1892 2022 1926 atque
2048 1883 2095 1919 ita

1206 1932 1306 1966 finem
1332 1931 1424 1966 dedit
1450 1957 1460 1971 ,
1487 1943 1544 1967 aut
1569 1933 1655 1967 certe
1682 1932 1870 1976 praeparavit
1898 1932 2095 1968 Eustatiano

1205 1981 1290 2024 apud
1305 1980 1539 2016 Antiochenos
1550 1981 1731 2016 Schismati.
1752 1982 1864 2016 Etiam
1875 1983 1975 2016 causae
1983 1983 2093 2018 Sancti

1204 2031 1342 2072 Ioannis
1354 2030 1586 2073 Chrysostomi
1598 2033 1628 2066 se
1641 2031 1862 2075 potentiffime
1890 2031 2069 2067 immiscuit
2083 2059 2092 2066 .

1205 2079 1331 2113 Verum
1358 2081 1530 2124 insigniter
1556 2082 1778 2124 praevaricatus
1806 2107 1813 2114 .
1843 2081 2019 2118 Videndus
2046 2082 2092 2116 est

1202 2127 1341 2164 Palladii
1355 2129 1635 2174 Helenopolitani
1656 2131 1810 2175 Episcopi
1833 2142 1911 2166 cum
1924 2131 2092 2166 Theodo-

315 1720 476 1769 Domino
510 1739 590 1768 meo
616 1718 862 1787 fimHiffi'mo
897 1728 956 1770 (²9⁴
991 1729 1072 1772 Deo

381 1787 621 1855 Amiciffimo
646 1795 789 1837 Fratri
807 1796 871 1851 Φ
883 1798 915 1839 C
918 1812 996 1840 om-

477 1859 641 1924 ministro
677 1859 900 1908 Alexandro

601 1934 761 1980 Aeacius
775 1965 787 1982 ,

302 2126 374 2161 [cut
386 2126 512 2170 pridem
527 2126 683 2162 nunciavi
699 2127 925 2173 Religiofitati
952 2135 1037 2168 tuae,
1064 2137 1138 2171 per-

326 2177 415 2211 venit
427 2176 491 2212 huc
503 2177 673 2212 Dominus
694 2189 786 2213 meus
810 2189 863 2222 per
875 2178 989 2213 omnia
1003 2178 1138 2212 Sanctis-

235 2227 333 2261 simus
357 2227 498 2270 Joannes
523 2229 702 2272 Episcopus
730 2239 807 2262 curn
821 2229 898 2263 Deo
918 2221 1135 2262 Amiciffimis

236 2277 411 2321 Episcopis
431 2303 442 2319 ,
484 2277 677 2312 Alexandro
706 2278 860 2323 Apameae
888 2304 898 2319 ,
940 2276 1108 2313 Archelao
1126 2303 1137 2320 ,

236 2325 456 2362 Theodoreto
476 2353 487 2369 ‚
514 2328 687 2363 Thalaffio
714 2353 725 2369 ‚
754 2329 931 2369 Eustatio‚
959 2329 1073 2368 Mari,
1098 2329 1131 2363 &

235 2377 337 2412 Maru
350 2403 358 2411 .
384 2379 429 2413 Et
443 2380 683 2413 nunciaverunt
708 2389 778 2420 quae
791 2379 876 2412 dista
891 2380 963 2412 sunt
976 2402 988 2418 ,
1014 2379 1047 2412 &
1060 2389 1130 2420 quae

235 2429 304 2461 asta
317 2453 329 2469 ,
357 2429 544 2471 priusquam
558 2429 687 2463 evocati
700 2429 773 2461 sunt
784 2428 801 2460 a
815 2427 1070 2471 Religiosiffimo
1095 2428 1129 2461 δε

235 2478 313 2512 Deo
337 2477 549 2512 Amiciffimo
570 2479 769 2521 Imperatore
794 2477 903 2510 nostro
918 2501 926 2510 .
954 2477 1040 2523 Qae
1055 2476 1131 2512 talia

235 2529 311 2562 sunt
334 2553 346 2568 ,
372 2537 409 2562 ut
438 2539 577 2571 nequeat
604 2527 778 2572 complesti
806 2528 914 2562 oratio
935 2552 943 2560 .
981 2528 1129 2562 Omnem

236 2588 379 2622 namque
400 2578 549 2623 linguam
572 2578 722 2620 superant
746 2578 786 2612 ad
802 2576 1006 2619 loquendum
1021 2602 1031 2618 ,
1059 2589 1131 2620 quae

237 2639 292 2671 per
313 2628 610 2664 concinnationem
623 2627 760 2661 Diaboli
774 2628 859 2662 diua
879 2629 967 2662 sunt.
1000 2628 1130 2661 Discus-

236 2679 327 2711 fione
340 2678 417 2712 vero
429 2679 511 2711 fasta
523 2689 632 2712 coram
646 2677 786 2721 piissimo
813 2679 847 2713 ὃς
868 2678 946 2712 Deo
965 2676 1130 2712 Amiciffi-

234 2738 294 2762 mo
304 2727 505 2772 Imperatore
515 2729 627 2762 nostro
639 2728 724 2763 inter
735 2730 883 2772 utrasque
897 2729 1007 2762 Partes
1015 2753 1026 2768 ,
1049 2726 1129 2762 dum

234 2779 356 2813 omnia
365 2777 521 2822 piiffimus
532 2778 711 2822 Imperator
723 2791 800 2813 curn
814 2777 1041 2817 Orientalibus
1063 2779 1130 2812 sen-

236 2830 313 2862 tiret
339 2839 377 2863 ac
397 2828 522 2863 diceret
547 2853 558 2870 ,
584 2829 687 2863 multa
718 2830 854 2873 pecunia
875 2852 886 2868 ‚
912 2840 1009 2874 quarn
1037 2828 1128 2863 dedit

237 2878 386 2921 Cyrillus
401 2903 412 2919 ‚
441 2890 499 2922 pro
524 2879 794 2923 peccatisnostris
818 2879 927 2913 obruit
941 2879 1128 2914 veritatem.

237 2927 328 2962 Nam
352 2930 525 2974 postquam
548 2940 695 2965 mortuus
714 2930 759 2965 est
782 2928 1002 2966 Scholasticus
1017 2929 1125 2964 Eunu-

237 2976 317 3012 chus
329 3002 340 3018 ,
366 2979 531 3014 Piiffimus
544 2981 725 3024 Imperator
738 2992 785 3015 res
796 2981 866 3024 ejus
878 2980 1065 3024 inquirens,
1091 2980 1126 3013 &

238 3037 350 3062 aurum
372 3054 384 3071 ‚
411 3030 500 3074 quod
538 3031 710 3075 reliquerat
732 3056 743 3073 ‚
770 3031 939 3065 infinitum
963 3054 974 3069 ,
999 3029 1126 3063 invenit

237 3077 544 3123 Hypomnysticum
564 3083 739 3116 continens
763 3106 775 3121 ,
809 3079 1030 3123 quia.multas
1055 3080 1124 3113 auri

241 3124 335 3160 libras
346 3131 694 3173 acceperitaCyrillo.
724 3132 768 3165 Et
782 3131 860 3164 vero
882 3140 996 3164 aurum
1021 3129 1125 3163 trade-

242 3173 338 3208 batur
354 3177 487 3215 &Paulo
506 3181 651 3223 quodam
664 3206 674 3222 ‚
701 3182 771 3216 filio
794 3181 900 3215 fratris
917 3177 1126 3222 CyrilliAle-

241 3223 395 3258 xandtini
416 3250 426 3267 ,
460 3231 515 3271 qui
538 3230 607 3264 illic
626 3231 749 3266 Comes
770 3241 838 3266 erat
860 3229 1125 3264 consistoriano-

242 3284 337 3311 rum:
363 3274 480 3310 Praeter
496 3279 563 3314 ‘alia
584 3290 742 3320 munera,
764 3280 879 3324 quaein
902 3279 997 3312 variis
1010 3279 1125 3322 specie-

1201 2191 1236 2213 ro
1254 2179 1415 2214 Romanae
1428 2181 1577 2214 Ecclefiae
1588 2181 1747 2216 Diacono
1758 2182 1927 2226 Dialogus
1944 2182 1986 2217 de
1998 2181 2091 2217 Astis

1201 2230 1233 2263 ὅ(
1248 2230 1448 2272 pastionibus
1466 2231 1589 2265 laudati
1613 2231 1780 2274 Ioannis„
1793 2231 1906 2279 Qare
1917 2232 2024 2276 ipsum
2038 2243 2090 2266 ca·

1200 2278 1322 2314 rholica
1347 2282 1585 2315 communione
1609 2281 1701 2316 exuit
1730 2281 1946 2316 Innocentius
1973 2282 2090 2317 Ponti-

1201 2331 1254 2363 fex
1268 2354 1278 2370 ,
1307 2331 1341 2364 δε
1353 2330 1528 2373 postmodo
1540 2342 1608 2365 non
1623 2331 1682 2365 nifi
1694 2331 1752 2365 sub
1775 2332 1873 2365 variis
1883 2331 2087 2365 conditioni-

1201 2379 1258 2412 bus
1281 2379 1421 2414 absolvit
1444 2405 1450 2412 .
1480 2381 1534 2414 De
1557 2381 1628 2424 ipso
1651 2380 1887 2416 Theodoretus
1910 2379 2020 2415 scribit
2040 2381 2084 2416 ad

1201 2529 1366 2573 Religiosa
1378 2529 1547 2564 Historia:
1582 2534 1714 2573 Magnus
1738 2533 1874 2562 Aeacius.
1904 2529 1948 2565 Et
1965 2530 2000 2564 in
2014 2531 2082 2566 alio

1198 2578 1339 2620 ejusdem
1363 2579 1521 2612 Historiae
1546 2578 1622 2612 loco
1645 2590 1652 2610 :
1679 2581 1831 2611 Divinum
1857 2580 1937 2612 illud
1954 2583 2080 2622 eaput,

1196 2631 1325 2672 Magnus
1345 2629 1393 2660 ille
1423 2632 1562 2660 Aeacius.
1589 2625 1716 2660 Ibidem
1737 2628 1876 2671 exponit
1899 2629 2018 2673 Magni
2043 2630 2081 2663 il-

1197 2679 1258 2711 lius
1270 2674 1433 2711 Monachi
1446 2676 1567 2719 Juliani
1579 2677 1681 2710 vitam
1694 2701 1705 2716 ,
1731 2677 1764 2712 &
1776 2677 1946 2722 adjungit:
1968 2683 2000 2724 J
2003 2679 2079 2713 ulia-

1195 2738 1250 2761 nus
1271 2738 1336 2760 cum
1356 2728 1431 2760 alios
1457 2728 1586 2766 multos,
1611 2736 1674 2760 tum
1687 2729 1831 2771 Magnum
1850 2740 1960 2771 quoque
1981 2735 2078 2762 traxit

1197 2782 1333 2811 Acacium
1349 2801 1360 2817 ,
1383 2775 1530 2820 summum
1556 2778 1641 2810 illum
1662 2801 1674 2817 ‚
1701 2779 1735 2812 Θ
1749 2777 1843 2818 fama
1871 2779 2076 2820 clarlffimum‚

1195 2833 1247 2871 qui
1267 2830 1300 2862 <v
1312 2833 1379 2861 vita
1390 2826 1544 2867 monastica
1556 2829 1691 2861 excelluit
1703 2851 1714 2867 ‚
1741 2829 1775 2861 (9¹
1782 2826 1958 2871 splendidos
1980 2835 2091 2863 virtuv

1194 2884 1235 2912 us
1257 2878 1359 2911 radios
1380 2876 1470 2917 emisit
1493 2877 1635 2920 Pontifex
1658 2885 1776 2911 creatus
1800 2902 1812 2919 ‚
1839 2880 1874 2913 ὀ·
1894 2878 2074 2912 Berrhaeam

1188 2926 1370 2971 pastendam
1388 2925 1513 2970 sortitus
1538 2953 1545 2960 .
1583 2930 1817 2972 ‚Quinquaginta
1839 2937 1938 2961 autem
1958 2930 1992 2963 (9·
2012 2929 2072 2962 oc‘lo

1191 2989 1284 3012 annos
1291 2982 1392 3021 gregis
1405 2988 1505 3011 curam
1522 2989 1627 3021 gerens
1642 3002 1653 3018 ,
1679 2977 1842 3019 monasticae
1855 2983 1931 3012 vitae
1939 2977 2073 3019 formam

1192 3040 1249 3062 non
1269 3029 1388 3070 reliquit
1409 3051 1420 3068 ,
1442 3026 1503 3070 scd
1522 3028 1711 3068 monasticam
1731 3030 1902 3070 civilemque
1927 3034 2072 3062 virtutem

1189 3078 1273 3120 simul
1291 3084 1495 3120 temperavit,
1521 3079 1643 3113 &illius
1666 3079 1784 3120 quidem
1795 3072 1933 3126 exac‘laiip
1949 3077 2071 3121 ficmem·

1187 3127 1396 3171 perfec‘lionem
1421 3151 1432 3168 ,
1458 3127 1548 3169 hujus
1584 3138 1684 3163 autem
1704 3127 1922 3172 dispensatione
1940 3153 1951 3169 ‚
1977 3140 2012 3161 ea
2035 3133 2070 3162 in

1191 3190 1280 3213 unum
1301 3203 1312 3219 ‚
1337 3190 1404 3220 quae
1430 3188 1518 3211 erant
1540 3179 1694 3219 disJunc‘la
1717 3203 1728 3220 ‚
1752 3169 1913 3220 conjunxi!
1928 3203 1935 3211 .
1967 3178 2069 3215 Plura

1192 3229 1261 3263 istic
1279 3227 1412 3262 adducit
1436 3225 1567 3262 heroica
1587 3228 1654 3271 ejus
1676 3230 1839 3264 facinora.
1867 3228 1979 3262 Etiam
1990 3229 2069 3263 San·

1190 3280 1257 3313 &us
1270 3278 1415 3325 Cyrillus
1428 3279 1460 3311 in
1475 3278 1590 3313 litteris
1602 3279 1642 3313 ad
1656 3277 1912 3324 Theognostum
1926 3302 1937 3319 ‚
1965 3277 2066 3313 Char-

244 3323 303 3363 bus
314 3324 387 3361 sunt
399 3324 525 3362 diverfis
535 3328 644 3363 oblata
661 3331 801 3373 personis
817 3357 824 3364 .
851 3329 1022 3375 Depofitio
1046 3327 1123 3364 vero
1191 3329 1365 3372 mosynum
1377 3350 1388 3369 ‚
1414 3339 1451 3363 ac
1465 3328 1645 3367 Leontium
1658 3354 1671 3372 ,
1695 3331 1770 3367 suos
1782 3328 1867 3372 apud
1879 3327 2068 3371 Principem

1933 3376 2021 3422 Apo·

1203 2427 1419 2464 Berrhaeenses
1441 2430 1606 2464 Clericos:
1634 2433 1729 2464 Pater
1748 2430 1840 2469 vester
1854 2456 1865 2471 ‚
1892 2434 2021 2475 Magnus
2035 2431 2084 2465 ille
2101 2403 2240 2482 gg'psiff'

1198 2480 1231 2512 Θ
1242 2478 1414 2520 apostolicus
1436 2484 1486 2513 vir
1498 2504 1508 2520 ,
1537 2491 1618 2514 meus
1639 2491 1749 2523 quoque
1763 2483 1857 2514 Pater
1870 2480 1940 2522 fuit
1952 2506 1959 2513 .
1987 2481 2032 2515 Et
2046 2481 2083 2516 in
2101 2485 2175 2524 Cap.
2191 2496 2220 2515 ι.
