2320 3730
347 152 448 205 390

731 144 1220 193 VARIORUM

1282 143 1661 190 Parnon

267 228 435 265 felicitatis
446 225 534 262 filius
558 226 763 270 Balduinus,
789 229 984 264 Latinitatis
1004 229 1162 262 Hieroso-
1223 239 1294 263 rum
1306 228 1486 268 Decimas,
1511 228 1685 273 ficutfatio
1695 230 1849 267 Dioeceiis
1861 231 2067 280 ejusexigit,
2079 234 2112 270 id

269 281 437 323 lymorum
449 277 525 313 Rex
536 278 717 320 secundus,
743 280 873 324 pietatis
892 278 1041 322 precibus
1063 278 1120 311 &'
1112 290 1162 321 Ju-

269 330 364 364 stitiae
374 326 547 372 operibus
538 331 728 365 imminenti
741 332 864 365 civium
890 329 1036 371 periculo
1047 338 1160 362 occur·

268 390 336 415 rere
349 381 532 424 satagentes
543 405 554 424 ‚
575 381 698 418 Divina
714 379 927 422 inspiratione
941 379 1131 422 compuncti
1149 403 1160 419 ,

1223 279 1292 319 est,
1318 277 1475 315 Decimas
1499 278 1686 313 reddituum
1709 281 1947 324 Hierusalem,
1972 284 2007 318 ἀ
2028 284 2116 319 Nea-

1224 304 1329 372 polis,
1355 330 1390 363 ἀ
1413 328 1656 367 ptolomaidis,
1683 332 1831 372 quaealio
1844 335 1978 369 nomine
1990 334 2113 370 Accon

1221 380 1422 423 appellatur,
1449 390 1610 423 quatenus
1636 380 1723 421 ipse,
1750 382 1937 418 orationum
1963 385 2112 421 officium

267 429 308 464 ad
323 430 519 475 erigendum
531 431 678 467 ECClefiae
690 431 724 466 t&
739 428 902 473 Regionis
912 427 1031 463 statum
1045 453 1056 469 ,
1083 440 1160 463 curn
1222 442 1281 473 pro
1295 429 1406 475 Regni
1429 430 1512 464 statu
1523 430 1608 473 apud
1632 429 1743 465 Deum
1768 442 1946 472 exercens,
1972 434 2037 470 hoc
2049 436 2113 471 Re·

269 479 343 524 ipsu
361 477 513 515 Ecclefiae
526 480 667 515 Praelatis
689 480 722 513 δ(
737 478 849 524 Regni
872 479 1093 521 primatibus,
1120 480 1161 513 se·
1211 476 1303 525 'galis
1324 480 1494 516 charitatis
1515 481 1720 517 adminiculo
1743 482 1783 515 ad
1797 483 1931 524 praesens
1943 483 2111 521 sustentari

265 529 380 566 cundo
398 530 533 576 Regni,
559 530 591 563 ὃς
619 526 861 564 Patriarchatus
884 531 931 564 sui
955 541 1045 564 anno
1067 529 1162 573 septi-

268 589 327 615 mo
339 604 351 622 ‚
375 580 505 616 decimo
524 579 693 615 Kalendas
706 579 877 615 Februarii
890 604 901 620 ,
928 579 1012 624 apud
1029 581 1159 624 Neapo-

268 630 331 666 lim
344 629 490 667 Samariae
500 629 669 666 civitatem
688 630 881 666 Concilium
908 630 1072 665 iniverunt
1087 655 1098 671 ‚
1124 631 1156 664 &

265 681 455 716 necestitate
466 689 557 715 terrae
578 681 620 714 stc
629 681 784 725 exigente
798 706 808 722 ,
835 693 906 726 quae
917 680 1156 724 subscripfimus

264 731 307 766 ad
318 730 503 766 corruentis
525 729 648 774 Populi
672 732 909 766 correffionem
932 732 1072 766 Decreta
1093 731 1154 765 ssa·

260 780 456 817 biliverunt.
486 779 574 815 Cum
586 783 676 816 enim
701 794 743 817 eo
757 782 902 817 maxime
911 793 1058 826 tempore
1081 794 1154 826 prae·

259 830 352 867 dieta
374 830 540 876 Regionis
563 831 712 876 Populus
732 834 846 870 omnia
870 834 1082 876 voluptatum
1098 833 1152 867 de

260 880 361 916 clivia
385 882 572 925 sequeretur
590 906 602 922 ‚
629 883 771 928 ideoque
790 882 994 928 quotidianis
1015 882 1152 918 infortu-

260 931 329 966 niis
340 933 540 967 imminutus
554 932 790 977 periclitaretur
799 958 811 975 ‚
837 935 974 969 unicum
986 935 1033 969 eis
1046 934 1151 968 visum

257 980 305 1016 est
328 983 493 1027 refugium
508 1005 520 1023 ‚
543 984 578 1022 Bt
599 985 762 1020 Divinam
784 984 1041 1020 misericordiam
1061 984 1149 1018 invo·

258 1042 333 1067 care
347 1056 358 1073 ,
383 1032 570 1070 &labentis
591 1035 713 1079 Populi
737 1036 878 1080 peccatis
898 1031 1009 1080 aliqua
1024 1034 1151 1078 justitiae

254 1083 360 1118 froena
383 1083 579 1128 imponere,
603 1095 765 1128 quatenus
785 1086 819 1118 ἀ
842 1087 984 1128 peccatis
1005 1083 1151 1119 ceffanti-

256 1131 317 1168 bus
326 1157 338 1173 ,
364 1143 401 1168 ut
415 1135 451 1168 in
462 1133 597 1176 Populo
605 1134 786 1167 israelitico
797 1135 975 1178 contigisse
991 1133 1131 1179 legimus
1140 1156 1152 1173 ,

253 1183 382 1218 Divina
394 1183 480 1217 ultio
504 1184 638 1217 ceffaret
649 1208 660 1225 ,
687 1183 720 1218 δε
734 1185 934 1227 poenitentes
955 1184 1044 1219 filios
1058 1184 1150 1218 Divi-

255 1244 298 1268 na
310 1230 557 1274 misericordia,
583 1245 652 1278 quae
677 1246 747 1269 non
769 1245 911 1269 mortem
926 1260 936 1275 ‚
964 1235 1019 1269 sed
1041 1246 1149 1279 pecca·

253 1284 337 1319 toris
349 1283 593 1326 correptionem
607 1283 766 1332 defiderat
778 1309 791 1325 ,
818 1285 860 1320 ab
880 1285 1069 1319 imminenti
1092 1283 1148 1319 ho·

253 1333 354 1368 stium
369 1333 517 1377 periculo
537 1335 675 1379 eriperet
688 1360 695 1368 .
723 1335 845 1371 Hostes
869 1347 1035 1379 namque,
1063 1334 1146 1370 vide·

252 1383 331 1420 licet
344 1384 516 1426 Saraceni,
544 1386 702 1429 praeterira
714 1386 819 1421 astate
832 1386 1018 1431 Roget-ium
1029 1386 1148 1420 Antio-

249 1432 334 1468 chiae
349 1434 538 1478 Principem
550 1460 562 1477 ,
588 1437 622 1470 ὅς
635 1437 744 1471 totius
755 1435 822 1470 fere
833 1436 1039 1471 Antiocheni
1056 1436 1147 1470 Prin-

252 1484 383 1528 cipatus
407 1484 695 1522 Christianitatem
717 1512 728 1528 ,
757 1486 822 1522 heu
845 1487 935 1522 bello
961 1487 1122 1522 devictam
1138 1511 1147 1526 ‚

256 1536 517 1577 interemerant,
542 1536 933 1582 &Hierosolymitanam
957 1538 1146 1583 Regionem

250 1585 351 1622 solito
361 1585 504 1621 crebrius
527 1587 745 1624 invadebant.
775 1587 838 1623 Sed
849 1589 892 1624 de
909 1588 961 1623 his
972 1588 1126 1623 hadienus
1139 1613 1146 1621 .

298 1635 403 1671 Nunc
414 1645 525 1673 autem
538 1637 625 1673 viros
638 1663 648 1682 ,
666 1640 723 1683 qui
738 1639 976 1683 pra-,nominato
986 1639 1146 1674 Concilio

259 1685 502 1727 interfuerunt,
527 1688 643 1731 ἄφιε
653 1690 832 1732 sequuntur
843 1689 1007 1733 Praecepta
1028 1689 1145 1724 confir-

251 1747 432 1772 maverunt
453 1762 465 1778 ,
491 1738 631 1773 nomina
652 1739 866 1775 subnotemus
887 1765 894 1773 .
932 1739 1146 1775 Garmundus

248 1785 443 1823 Patriarcha
468 1787 798 1831 Hierosolymitanus
818 1815 826 1823 .
853 1790 1038 1826 Balduinus
1057 1791 1146 1827 Lati-

247 1837 364 1873 nitatis
388 1837 464 1872 Rex
488 1838 651 1873 secundus
669 1839 987 1884 Hierosolymorum
1009 1865 1016 1872 .
1046 1839 1145 1874 Ebre-

249 1888 377 1923 mari-us
404 1888 555 1924 Caesareae
580 1888 905 1935 Archi-Episcopus
925 1916 932 1924 .
962 1890 1146 1925 Bernardus

247 1937 445 1975 Nazarenus
481 1939 662 1985 Episcopus
682 1965 690 1974 .
730 1940 953 1986 Ausquilinus
970 1940 1145 1976 Bethleem

247 1989 437 2032 Episcopus
453 2014 462 2022 .
508 1990 674 2036 Rogerius
711 1991 915 2027 Ramatenfis
946 1991 1144 2035 Episcopus.

248 2036 459 2074 Guildonius
478 2039 596 2075 electus
619 2039 731 2076 Abbas
747 2043 993 2077 Sanaoe'Matiae
1011 2042 1053 2075 de
1068 2041 1143 2075 Val

251 2088 286 2124 le
295 2086 469 2134 Josaphat.
496 2088 612 2123 Petrus
630 2090 672 2122 de
684 2089 806 2124 Monte
826 2089 972 2124 Thabor
992 2114 1000 2123 .
1029 2089 1146 2124 Aviar·

250 2138 315 2175 dun
335 2137 431 2175 Prior
457 2137 597 2180 Templi
614 2168 617 2172 ,
632 2139 776 2173 Domini
801 2162 808 2173 .
847 2139 1017 2178 Arnaldus
1051 2138 1146 2172 Prior

252 2188 387 2224 Montis
409 2186 512 2221 Sion.
540 2185 706 2221 Gerardus
727 2186 822 2220 Prior
833 2186 1002 2230 Sepulchri
1027 2188 1146 2221 Domi-

253 2239 292 2274 ni
315 2262 322 2270 .
354 2237 508 2282 Paganus
534 2235 639 2280 Regis
661 2235 891 2272 Cancellarius
907 2262 915 2271 .
952 2236 1148 2271 Eustachius

254 2288 300 2324 G.
314 2286 517 2322 Wilhelmus
534 2287 576 2321 de
600 2286 710 2321 Buns.
738 2287 912 2321 Barissnus
933 2287 1036 2334 joppe
1056 2289 1147 2323 Con-

256 2338 471 2375 stabularius.
497 2336 682 2373 Balduinus
701 2335 742 2371 de
761 2337 895 2374 Ramis.

409 2662 916 2722 ‚CAPITULUM
951 2666 1006 2719 1.,-,

477 2800 754 2870 Neapolitani·
779 2801 958 2853 Concil1‘1’.

367 2941 528 2979 U'oniam
546 2952 617 2986 quae
634 2941 654 2977 ὲ
678 2943 756 2977 Deo
772 2941 937 2986 incipiunt
950 2967 962 2984 ‚
987 2943 1158 2988 peripsum

272 2942 434 3056 Qc
455 2992 491 3028 in
512 2993 619 3038 ipsum
641 2992 729 3027 finiri
749 2992 941 3032 neceffe‘est
953 3017 965 3034 ,
990 2993 1104 3030 uthoc
1115 2995 1161 3028 sa·

423 3053 518 3080 crum
538 3042 732 3079 Concilium
753 3042 770 3077 ὲ
794 3044 869 3081 Deo
891 3044 1054 3087 incipiat,
1079 3045 1160 3081 &in

273 3094 386 3129 Deum
410 3095 513 3129 finem
528 3093 667 3134 habeat,
690 3105 754 3140 ego
780 3093 963 3130 Balduinus
974 3094 1163 3130 Latinitatis

272 3143 589 3189 Hierosolymorum
609 3145 700 3181 .Rex
732 3143 891 3180 secundus
911 3169 923 3186 ,
959 3143 1055 3188 hujus
1084 3146 1163 3181 sacri

275 3190 470 3232 Conventus
491 3194 665 3233 exordium
686 3195 706 3230 a
733 3196 811 3231 Deo
831 3196 1011 3236 assumens,
1039 3206 1075 3230 ut
1096 3196 1164 3241 ipse

276 3245 410 3289 ptaecepi
421 3269 433 3285 ,
458 3245 563 3282 reddo
574 3245 767 3281 &concedo
779 3246 1010 3281 Sacro-Sauene
1021 3246 1165 3291 Ecclefie

276 3294 614 3338 Hierosolymitanae,
639 3295 676 3329 &
695 3296 841 3338 praesenti
858 3294 1053 3332 Patriarchae
1085 3297 1165 3332 Gar·

273 3343 432 3387 mundo,
443 3344 490 3381 ,δι
506 3345 575 3390 ejus
586 3345 826 3384 Succefforibus
836 3371 849 3390 ,
873 3346 1060 3384 reddituum
1076 3359 1163 3385 meo-

1221 532 1326 566 valeat
1347 556 1355 564 .
1397 531 1441 564 Et
1467 531 1499 565 fi.
1519 530 1699 575 aliquando
1732 533 1896 567 crescente
1933 533 2111 578 Religione

1221 580 1409 616 Christiana
1436 582 1469 615 in
1495 581 1603 622 aliqua
1626 582 1848 624 praedictarum
1859 583 2032 617 civitatum
2044 585 2112 628 ipse

1219 640 1275 665 aut
1297 633 1416 676 aliquis
1438 632 1663 666 successorum
1687 631 1754 675 ejus
1767 632 1967 678 Episcopum
1979 635 2112 670 ordina-

1221 683 1303 717 verit
1322 704 1355 723 ,
1363 684 1502 726 ipsarum
1525 683 1679 719 Decimas
1697 694 1755 727 pro
1779 683 1882 729 Regis
1898 683 1934 719 δε
1961 684 2111 721 Ecclefioe

1217 733 1363 771 consilio
1369 733 1542 779 disponat.

1541 834 1716 876 Capitulum
1740 837 1783 867 11.

1266 934 1342 980 Ego
1355 934 1429 970 Rex
1443 931 1625 971 Balduinus
1648 933 1740 968 Viris
1752 931 1848 978 hujus
1859 934 1940 970 sacti
1958 935 2109 971 Concilii

1217 983 1404 1020 videntibus
1425 986 1460 1020 δι
1482 984 1670 1021 faventibus
1682 985 1851 1028 personis,
1876 986 1909 1021 er
1924 985 2109 1021 Batonibus

1217 1035 1321 1076 meis,
1347 1034 1504 1079 idemque
1525 1046 1621 1077 prout
1632 1032 1869 1070 parochiarum
1880 1037 2008 1071 suarum
2021 1035 2108 1072 ratio

1214 1083 1338 1129 exigit,
1363 1084 1406 1118 de
1418 1085 1482 1118 suis
1498 1083 1652 1120 Decimis
1661 1084 1879 1125 facientibus,
1905 1096 1942 1121 ut
1952 1087 2105 1131 praedixi,

1216 1135 1371 1169 Decimas
1394 1131 1519 1173 reddo,
1548 1133 1585 1169 ec
1603 1132 1778 1176 superbis,
1802 1144 1867 1177 qua
1886 1146 1953 1180 ego
1974 1137 2027 1172 ve}
2050 1137 2107 1182 ipfi

1215 1185 1348 1219 interim
1362 1184 1581 1225 retinuimus,
1605 1182 1737 1228 culpam
1745 1185 1870 1220 faciens
1883 1195 1959 1220 cum
1972 1187 2048 1232 ipsit
2057 1195 2108 1223 ve-

1217 1246 1307 1272 niam
1318 1245 1396 1281 peto
1406 1259 1415 1270 .

1510 1318 1514 1323 ⁴
1531 1335 1709 1377 Capuam
1732 1339 1790 1370 111.

1263 1433 1339 1481 Ego
1363 1432 1550 1472 Patriarcha
1573 1434 1788 1471 Garmundus
1806 1447 1849 1471 ex
1867 1434 2108 1482 omnipotentia

1213 1484 1282 1519 Dei
1305 1497 1416 1530 parte,
1442 1486 1476 1521 δι
1489 1497 1560 1522 mea
1573 1510 1585 1527 ‚
1607 1487 1807 1523 &omnium
1830 1487 2028 1523 adstantium
2039 1487 2110 1522 Co-

1215 1535 1453 1580 Episcoporum
1463 1537 1497 1572 &
1507 1537 1644 1573 fratrum
1655 1536 1814 1581 potestate
1822 1562 1835 1579 ,
1860 1538 1894 1572 sn
1898 1549 1953 1582 per
1967 1537 2108 1582 predi&

1212 1586 1425 1626 Decimarum
1437 1585 1625 1622 redditione
1637 1597 1694 1622 vos
1704 1587 1839 1622 absolvo
1851 1611 1863 1628 ,
1888 1589 1923 1623 ἀ
1936 1587 2107 1628 Decimae,

1211 1647 1290 1680 quas
1300 1638 1375 1671 Deo
1387 1660 1398 1678 ‚
1425 1636 1461 1671 ἀ
1472 1636 1554 1673 mihi
1566 1660 1579 1678 ,
1606 1638 1792 1681 ceterisque
1808 1637 1979 1683 Epist-:opis
1998 1636 2108 1672 vestris

1210 1686 1279 1725 dari
1303 1686 1419 1725 debere
1440 1687 1681 1731 recognoscitis
1699 1697 1797 1729 prout
1809 1688 2113 1731 cujusquefxaesem

1211 1737 1295 1772 tium
1317 1737 1371 1771 seu
1405 1735 1590 1771 absentium
1622 1735 1760 1771 fratrum
1787 1733 1964 1782 &rochia
1981 1737 2109 1783 exigit,

1211 1785 1405 1824 charitative
1415 1798 1493 1823 cum
1504 1787 1552 1822 eis
1560 1787 1687 1831 recipio
1695 1809 1707 1820 .

1525 1886 1705 1931 Capitulum
1729 1890 1782 1922 IV.
1819 1867 1827 1895 l,

1266 1986 1300 2022 si
1320 1987 1393 2031 quis
1415 1987 1446 2022 se
1467 1985 1634 2027 ab-uxore
1668 1984 1754 2023 male
1780 1986 1907 2026 trastaxi
1939 1987 2110 2030 timuerit,

1212 2047 1311 2079 quern
1333 2038 1512 2081 suspectum
1534 2037 1650 2073 babet
1648 2059 1681 2078 ‚
1693 2038 1908 2080 conveniat,
1933 2039 2032 2085 eiquo
2044 2038 2111 2077 do·

1212 2095 1286 2120 mus
1295 2087 1380 2119 suae
1372 2088 1569 2124 introitum,
1594 2088 1628 2122 δε
1638 2087 1752 2122 uxoria
1767 2087 1828 2122 suar
1837 2088 2110 2134 colloquar-vco-

1213 2145 1282 2169 ram
1303 2135 1465 2179 legalibus
1486 2135 1631 2170 testibus
1641 2135 1857 2173 interdicat
1852 2137 1923 2172 si
1936 2139 2014 2175 κώ
2031 2136 2109 2182 *pest

1214 2183 1428 2221 Interdictum
1451 2185 1518 2227 ipse
1540 2196 1597 2219 aut
1618 2172 1738 2230 aliquis
1761 2187 2112 2231 ιωίοοωαᾲιςψῇ

1216 2234 1272 2267 sua
1293 2234 1397 2268 aliave
1415 2232 1521 2269 domo
1531 2245 1588 2268 eos
1609 2235 1857 2279 colloquentes
1848 2246 2036 2279 invenerat,
2063 2236 2113 2273 dt

1216 2285 1338 2330 absque
1359 2283 1581 2320 membrorum
1602 2283 1793 2320 abscissione
1810 2287 1851 2322 ad
1865 2286 2112 2331 Ecclefioejusti-

1217 2336 1298 2369 tiam
1312 2333 1492 2369 deducatur
1502 2359 1510 2367 .
1544 2335 1586 2368 Et
1598 2335 1620 2368 fi
1634 2337 1665 2369 se
1677 2336 1786 2380 ignito
1804 2337 1891 2372 fetro
1903 2337 2110 2384 purgaverit,

1218 2385 1400 2430 impunitus
1412 2385 1600 2434 dimittatur
1609 2408 1618 2423 v
1637 2385 1806 2420 *Caecerum
1815 2386 1842 2422 {i
1851 2389 1930 2431 quid
1941 2387 2111 2423 dedecoris

1219 2435 1254 2470 in
1280 2435 1443 2480 colloquii
1454 2434 1649 2472 inventione
1669 2436 1844 2477 sustinuit,
1872 2449 1930 2481 pro
1940 2438 2110 2473 interdiani

1219 2484 1469 2531 transgteffione
1482 2486 1605 2531 absque
1616 2486 1759 2523 vindicta
1769 2487 1977 2533 impunitum
1998 2487 2111 2524 dimit-

1223 2547 1332 2574 tatur.
1794 2559 1804 2568 =

1515 2662 1520 2670 .
1538 2638 1715 2683 capitulum
1739 2641 1777 2671 V.

1274 2736 1586 2786 Qicumque,cum
1605 2736 1742 2772 alterius
1767 2746 1870 2772 uxore
1896 2737 2110 2775 concubitura

1224 2787 1379 2833 probatus
1401 2788 1520 2830 fuerit,
1548 2798 1682 2831 accepta
1698 2787 1814 2830 judieii
1839 2790 1998 2824 sententia
2009 2788 2110 2827 evire-

1223 2850 1297 2881 tur,
1322 2837 1410 2875 &ab
1420 2838 1482 2873 hac
1494 2848 1577 2874 terra
1585 2837 1761 2886 ejiciatuu
1789 2839 1924 2875 Moecha
1946 2840 2023 2875 vero
2033 2850 2112 2875 ena·

1224 2890 1330 2932 setur,
1357 2889 1416 2924 nist
1443 2888 1491 2923 vir
1511 2889 1581 2933 ejus
1601 2888 1860 2924 misericordiam
1880 2891 1986 2925 facere
2000 2891 2115 2926 volue-

1223 2939 1283 2976 rit.
1310 2939 1414 2987 Qiod
1434 2940 1458 2974 fi
1480 2938 1610 2979 fecerit,
1635 2939 1736 2975 ambo
1755 2946 1846 2976 mare
1864 2940 2105 2987 transgredian-

1224 3002 1296 3028 tur.

1535 3091 1712 3135 capitulum
1735 3094 1768 3124 V
1766 3093 1800 3125 1..

1276 3193 1311 3230 Si
1323 3193 1396 3238 quis
1407 3192 1575 3228 Clericum
1587 3194 1765 3238 suspectum
1777 3191 1945 3235 habuerit,
1969 3190 2111 3228 domum

1228 3245 1262 3280 dc
1273 3246 1385 3280 uxoris
1408 3244 1614 3289 colloquium
1624 3245 1677 3285 ei,
1705 3255 1741 3279 ut
1753 3244 1989 3289 praedixitnua,
2014 3244 2112 3278 inter·-

1227 3296 1335 3331 dicat.
1362 3297 1397 3332 Si
1409 3294 1486 3330 vero
1499 3295 1606 3339 postea
1618 3306 1676 3331 eos
1684 3295 1913 3340 colloquentes
1926 3293 2088 3330 invenerit
2097 3315 2111 3333 ,

1228 3346 1378 3383 Ecclefiae
1397 3345 1504 3393 magis
1523 3345 1738 3393 magistratui
1757 3346 1793 3382 id
1814 3347 1991 3405 ostendat.
2018 3344 2067 3426 ξε
2081 3341 2109 3375 fi
