2320 3730
597 235 902 285 Senotns,
941 243 1005 273 Er
1039 225 1660 275 Nous‘tttusrmm.

210 330 257 357 ex
275 316 391 355 ltalia,
416 311 457 349 ad
477 313 583 359 ipsum
605 316 757 359 confugit
782 339 793 356 ,
819 314 852 348 &
877 310 962 356 apud
983 310 1087 355 ipsum

212 368 334 412 scripsit
355 364 535 408 postremos
554 367 629 400 osto
651 366 750 399 libros
776 363 925 399 adversus
935 363 1087 400 santium

212 415 458 461 -Augustinum.
488 417 530 450 Et
553 416 639 460 apud
658 417 763 459 ipsum
781 414 896 447 manfit
921 414 1021 455 usque
1044 410 1086 448 ad

209 468 278 512 ejus
300 476 459 502 mortem.
488 467 591 501 Tunc
604 463 931 508 Constantinopolim
951 462 1034 495 abiit
1046 461 1087 494 ad

208 518 279 560 ejus
300 517 498 562 discipulum
511 516 719 556 Nestorium,
745 515 789 547 Et
806 513 938 554 quoties
961 513 996 544 in
1024 510 1088 543 suis

210 567 368 611 Scriptis,
395 567 470 602 sanc
481 567 689 612 fiequenter,
711 563 753 601 ad
763 560 969 602 orientalem
978 559 1085 603 appel·

210 618 292 651 lavit
314 617 491 653 Ecclefiam
515 642 527 658 ,
554 617 714 652 intellexit
738 615 824 647 huuc
844 611 1086 646 Theodorum·

210 666 419 702 Theodorus
440 668 540 702 etiam
552 669 673 711 primns
683 661 918 706 blasphemavit
930 662 1086 705 Spiritum

208 719 367 752 sanetum
391 729 450 752 nec
469 730 510 752 ex
525 717 633 759 Filio,
658 725 719 749 nec
741 712 951 757 perFilium,
979 709 1032 745 sed
1043 722 1084 744 ex

209 768 283 801 solo
296 768 392 802 Patre
409 767 600 811 procedere:
628 764 700 802 Nisi
723 773 835 798 tamen
848 762 987 798 hauserit
998 761 1017 795 ὲ
1029 761 1088 795 suo

208 817 376 862 Magistro
398 818 572 858 Diodoro.
599 813 786 863 Qomodo
808 813 908 859 igitur
928 813 1088 847 facinoro-

208 867 264 901 sus
288 877 339 903 tot
362 869 581 902 monstrorum
603 866 735 910 genitor
753 875 791 898 ac
818 864 973 899 educator
994 859 1088 905 poffit

209 916 335 953 anullo
354 918 447 958 fuisse
458 927 593 951 vocatus
613 917 647 950 in
670 924 818 955 reatum,
843 924 900 948 aut
919 913 1030 947 saltem
1052 911 1085 943 in

208 967 429 1012 suspicionem
451 967 590 1007 erroris?
618 965 717 1001 Certe
726 965 862 1008 Joannis
881 971 1017 1003 conatus
1027 959 1086 995 fibi

206 1017 265 1062 ipfi
280 1029 349 1052 non
360 1016 513 1057 cohaeret.
727 1012 731 1016 ’

260 1066 420 1100 Notanda
433 1067 507 1104 sunt
530 1062 596 1097 haec
607 1062 784 1106 Synodalis
796 1062 951 1107 Epistolae
969 1059 1064 1095 verba
1078 1072 1085 1092 :

206 1117 327 1158 ,Qualia
347 1116 474 1158 quidam
483 1125 522 1148 ex
543 1113 629 1153 libris
641 1116 732 1147 Beati
745 1113 910 1152 Theodori,
936 1113 1013 1144 malo
1029 1122 1084 1144 mo-

207 1177 261 1205 re,
288 1165 452 1208 colligentes
468 1188 480 1204 ,
506 1164 539 1196 o·
560 1171 664 1204 corpus
689 1166 837 1205 reliquum
859 1160 1064 1206 abscindentes
1077 1183 1087 1200 ,

207 1224 269 1249 tuae
281 1215 451 1248 obtulerunt
463 1213 624 1253 Sanc‘litati
635 1237 643 1245 .
674 1212 854 1247 Elucidant
867 1211 934 1252 haec
945 1209 1087 1246 Liberati

207 1265 359 1299 Diaconi
373 1264 490 1304 verba:
519 1263 649 1308 Posthaec
660 1272 780 1301 autem,
806 1259 940 1302 occasione
950 1268 1089 1301 accepta,

204 1313 399 1358 surrexerunt
420 1313 548 1356 quidam
579 1311 716 1345 Monacbt
731 1311 771 1344 ab
793 1316 934 1345 Armenta
958 1334 969 1351 ,
1006 1310 1088 1351 Apol-

203 1365 318 1399 linarIs
343 1364 507 1398 seaatms
528 1386 540 1403 ‚
565 1362 621 1395 duo
631 1363 684 1395 'vel
693 1369 754 1397 tres
768 1386 779 1403 ‚
799 1360 875 1406 ficut
886 1360 1089 1407 refertJoan-

207 1425 261 1448 nes
273 1414 471 1447 antiochenus
493 1417 526 1444 in
537 1411 671 1453 Epistola
679 1410 735 1461 sua
747 1434 758 1450 ‚
779 1419 934 1453 portantes
947 1417 1090 1451 excerpta

208 1464 358 1506 capitula
370 1489 379 1506 ,
409 1461 612 1502 attinebant,
637 1472 675 1499 ex
695 1461 782 1500 libris
803 1460 945 1494 Theodori
957 1458 1087 1504 Mopsue-

204 1514 300 1555 stent',
329 1514 382 1546 vel
400 1513 525 1545 aliorum
547 1513 699 1549 patrum,
723 1517 774 1554 qut
786 1512 835 1544 illo
844 1520 976 1555 tempore
985 1520 1089 1546 contra

206 1563 413 1606 Apollinarem
430 1560 613 1606 scripfhrant
629 1584 640 1600 ‚
666 1562 700 1597 ὁ·
723 1568 875 1594 intrantes
904 1565 1030 1603 Regiam
1052 1566 1088 1592 ct-

206 1618 360 1652 w‘tatem,
386 1613 588 1646 &multorum
605 1609 797 1654 sordidantes
819 1612 980 1651 auditum,
1006 1611 1087 1643 calli-

205 1664 303 1698 dItate
321 1660 382 1705 sua
404 1667 504 1696 omnia
518 1660 739 1703 perturbabant
752 1685 760 1692 .
786 1661 959 1695 Liberatus
981 1660 1087 1695 asserit

205 1713 364 1756 Capitula
384 1723 426 1745 ex
439 1710 612 1749 Theodori
632 1710 723 1745 libris
733 1723 802 1746 non
814 1711 906 1745 fuiffe
915 1720 1067 1755 excerpta
1077 1732 1088 1749 ,

204 1763 268 1797 niti
289 1761 363 1805 post
385 1760 472 1795 hanc
486 1759 735 1800 Antiochenam
763 1762 961 1804 synodum,
987 1761 1088 1796 &va-

203 1812 273 1848 rios
282 1822 401 1846 contra
421 1811 490 1855 ejus
502 1812 642 1846 Decreta
666 1824 821 1847 conatus.
855 1811 914 1845 Ast
937 1811 1086 1854 Epistola

205 1862 303 1896 docet
329 1861 423 1895 fuifl‘e
443 1861 524 1894 duas
542 1862 770 1903 Capitulorum
793 1861 1021 1898 comestiones,
1053 1860 1087 1893 ὅ(

206 1911 350 1954 primam
372 1920 448 1944 ante
473 1910 563 1944 hunc
585 1910 800 1945 Conventum
820 1910 913 1944 fuisse
932 1909 1086 1946 directam

205 1961 346 1996 Proclo.
373 1959 521 1997 Forfitan
540 1960 583 1993 ab
611 1961 782 2004 Episcopis
802 1959 949 1994 secundae
973 1959 1088 1993 Arme·

204 2011 271 2047 niae
293 2036 300 2043 .
338 2009 487 2048 Forsitan
521 2010 563 2043 ab
591 2008 877 2048 Archi-Mandrita
909 2009 1086 2043 Maximo.

206 2058 274 2094 Vel
286 2059 387 2095 etiam
401 2058 443 2093 ab
463 2059 533 2103 ipso
546 2060 699 2094 Rabbula
709 2084 717 2093 .
744 2061 789 2095 Et
800 2058 934 2100 quidem
946 2059 1087 2100 Ioannes

205 2110 345 2146 nescivit
367 2119 545 2153 expurgare
568 2108 744 2143 articulos:
771 2107 947 2143 Confessus
958 2106 1004 2141 cst
1024 2106 1086 2141 effe

204 2158 432 2195 Nestorianos.
461 2158 604 2193 Addidit
613 2169 721 2197 tamen
734 2156 854 2193 exinde
866 2157 951 2192 istud
960 2157 1083 2191 crimen

204 2220 277 2243 non
298 2207 425 2245 traduci
446 2209 480 2242 in
503 2211 674 2251 personam
693 2207 872 2243 Theodori
899 2234 905 2240 .
929 2206 987 2243 Ob
1007 2205 1086 2240 duas

200 2259 367 2292 rationes.
395 2256 532 2296 Primo,
559 2257 647 2302 quod
671 2258 773 2292 effent
795 2257 893 2291 avulfi
907 2256 1086 2291 atotiusli-

202 2306 254 2343 bri
275 2318 411 2350 corpote
432 2331 444 2348 ‚
470 2305 610 2349 ideoque
635 2307 734 2342 aliam
759 2308 880 2342 faciem
902 2308 937 2341 δε
958 2307 1085 2340 sensum

202 2355 260 2392 hic
270 2358 451 2401 praeferrent
464 2381 477 2398 ,
500 2356 602 2392 alium
613 2356 685 2392 istic
702 2382 709 2389 .
736 2357 889 2392 Secundo
903 2382 915 2398 ,
939 2356 1029 2400 quod
1043 2357 1087 2391 es-

202 2408 273 2441 sent
295 2407 475 2450 aequivoci,
503 2418 541 2440 ac
552 2407 593 2440 ad
615 2409 736 2441 rectum
758 2407 937 2449 &pravum
958 2406 1086 2441 sensum

204 2454 436 2494 ambi-dextri,
466 2454 606 2498 ideoque
627 2454 772 2499 benigue.
793 2453 1026 2497 interpretandi
1049 2454 1086 2490 in

205 2502 537 2540 Theodorifavotem
554 2527 562 2535 .
589 2503 727 2540 Etenim
739 2513 820 2538 tunc
841 2514 910 2538 non
922 2502 1090 2539 Nestoria·

206 2557 277 2595 nis,
303 2553 356 2589 sed
368 2554 446 2590 solis
460 2552 703 2596 Apollinaristis
722 2563 839 2587 contra
851 2552 1087 2589 Orthodoxam

206 2605 378 2639 veritatem
395 2601 603 2647 ligitantibus
623 2626 635 2642 ‚
660 2601 864 2637 Theodorus
884 2604 989 2637 fuerat
1010 2603 1089 2637 libe-

204 2654 273 2689 rius
292 2655 329 2688 in
342 2652 508 2689 adversam
523 2662 666 2696 partem,
691 2663 730 2687 ac
743 2652 853 2689 secure
866 2652 1015 2687 locutus.
1042 2653 1087 2686 Et

205 2705 354 2739 imitatus
374 2705 468 2748 supra
492 2702 642 2739 laudatos
662 2702 775 2740 Patres
795 2727 804 2736 .
833 2702 934 2747 Apud
956 2703 1087 2737 cunsto-

204 2766 278 2789 rum
301 2753 401 2788 libros
433 2754 572 2789 affirmat
599 2753 729 2797 reperiri
763 2752 882 2788 similes
907 2752 1083 2787 articulos.

205 2803 346 2846 Propter
365 2814 447 2847 quos
466 2802 490 2838 fi
511 2803 646 2846 &ipsos
667 2801 832 2839 Authores
854 2803 935 2838 velis
956 2800 1087 2837 anathe-

205 2853 359 2889 matizare
378 2878 390 2894 ,
415 2852 547 2889 orbabis
571 2851 747 2888 Ecclesiam
783 2853 853 2888 istis
880 2852 1063 2888 luminibus
1078 2877 1086 2885 .

204 2903 354 2938 Proinde
367 2904 507 2947 Ioannes
532 2914 600 2937 non
621 2902 680 2937 ista
702 2903 856 2948 Capitula
878 2904 1001 2939 salvare
1026 2903 1085 2937 stu·

205 2954 280 2988 duit
291 2977 302 2994 ,
324 2954 379 2988 sed
390 2954 492 2989 solam
504 2952 678 2989 Theodori
691 2955 859 2996 personam
872 2980 880 2987 .
909 2954 953 2989 Et
964 2955 998 2989 in
1011 2964 1084 2999 prae·

205 3002 349 3037 fatorum
360 3004 494 3039 patrum
506 3003 659 3047 catalogo
675 3003 831 3040 &Latinis
851 3003 961 3040 laudat
976 3006 1083 3040 solum

205 3050 436 3090 Ambrofium.
463 3054 555 3101 Qia
578 3054 692 3096 nempe
715 3054 810 3090 illum
832 3067 876 3090 ex
897 3055 1084 3091 transmisso

205 3107 312 3145 nuper
321 3102 361 3136 ad
373 3101 563 3147 Principem
591 3103 837 3148 perMartinum
851 3106 1082 3143 Mediolanen-

206 3151 274 3185 sem
297 3152 496 3196 Episcopum
514 3153 600 3189 libro
611 3154 760 3192 credebat
780 3156 935 3193 adversari
949 3156 1083 3202 Capitu-

208 3201 251 3236 lis
271 3202 378 3236 Sansti
399 3201 541 3246 Cyrilli.

260 3251 406 3295 Epistola
426 3253 615 3287 constanter
634 3255 737 3290 atterit
757 3254 979 3293 Theodorum
990 3257 1083 3293 fuisse

206 3301 408 3346 Episcopum
443 3314 498 3347 per
531 3313 637 3337 annos
671 3306 882 3352 quadraginta
917 3309 1083 3355 quinque.

205 3350 297 3387 Nam
307 3354 340 3387 &
354 3354 386 3387 in
399 3352 619 3397 Synodalibus
632 3353 672 3388 ad
685 3356 911 3400 imperatorem
923 3357 1079 3393 Theodo-

204 3402 288 3438 sium
308 3403 426 3439 litteris
447 3403 562 3440 diserte
581 3403 692 3441 scribit
707 3406 800 3442 suiffe
808 3407 1008 3454 Episcopum
1030 3419 1084 3454 per

1877 248 1968 296 143

1155 322 1261 346 annos
1282 312 1346 347 fere
1368 312 1612 357 quinquaginta
1627 337 1634 344 .
1663 311 1705 345 Et
1718 311 1768 346 isti
1784 315 1921 357 Synodo
1931 316 2040 351 omni·

1156 363 1204 395 no
1212 362 1347 397 adfuerit
1366 362 1605 403 Theodoretus
1617 388 1624 395 .
1651 361 1749 397 Certe
1768 362 1910 405 ipfiffima
1920 364 2036 401 harum

1156 412 1373 454 Epistolarum
1385 413 1627 453 Sensainseruit
1638 414 1701 448 suae
1721 411 1882 446 historiae:
1910 416 2038 450 Theodo-

1154 473 1203 494 rus
1216 463 1391 507 Mopsuesttae
1403 465 1567 507 Episcopus
1583 490 1593 505 ,
1618 471 1711 500 totius
1724 461 1856 504 Ecclefiae
1877 466 2012 506 Magister
2024 490 2037 507 ,

1152 512 1409 557 haereticarumque
1425 523 1555 553 omnium
1573 515 1745 548 eohomum
1764 513 1929 550 debellator
1954 538 1961 546 .
1990 515 2037 549 At

1151 564 1229 600 ,vero
1251 565 1426 610 adjungit:
1456 570 1492 599 In
1520 565 1703 610 Episcopatu
1714 575 1809 598 annos
1814 571 1930 607 peregit
1938 561 2042 610 sex&

1145 610 1296 654 'trigintass
1324 616 1379 648 Est
1392 616 1560 651 manifeste
1573 617 1729 651 mendum
1741 641 1748 648 .
1776 613 1969 659 Legendurn
1979 613 2036 649 est:

1152 664 1211 699 Sex
1221 665 1254 696 ὁ·
1264 665 1469 708 quadraginta
1480 692 1487 698 .
1515 667 1605 715 Qia
1631 665 1748 710 nempe
1758 664 2040 709 quadragesimum

1152 714 1280 746 sextum
1306 713 1493 749 inchoavit.
1527 717 1578 750 Est
1595 717 1672 751 vero
1692 727 1841 751 mortuus
1853 723 1972 748 eodem
1987 724 2042 747 an—

1153 773 1198 796 ¹¹0
1220 785 1232 802 ›
1259 773 1328 805 ‘1¹10
1349 760 1549 801 Theodotus
1572 765 1758 801 Patriarcha
1781 764 2015 800 Antiochenus
2029 776 2040 797 .-

1154 810 1324 856 Vigefimo
1345 812 1487 855 septimo
1510 813 1600 848 istius
1624 817 1726 851 saeculi
1740 842 1751 849 .-
1774 814 1923 851 Proinde
1946 814 2040 848 estin

1152 861 1351 905 Episcopum
1375 872 1544 909 promotus
1568 868 1671 905 quarti
1695 867 1899 907 saeculianno
1909 865 2043 908 ostoge·

1150 912 1228 944 fimo
1241 911 1406 953 secundo,
1430 922 1487 947 aut
1501 913 1608 956 primo
1622 936 1633 952 ,
1658 926 1753 957 atque
1770 917 1814 951 ita
1830 916 1935 961 primo
1949 914 2040 950 Con·

1152 961 1449 1005 stantinopolitano
1481 962 1639 997 Concilio
1663 986 1675 1002 ,
1710 966 1800 1006 quod
1831 966 1927 1007 hujus
1963 963 2043 999 anni

1151 1009 1261 1045 Idibus
1280 1012 1374 1056 Juliis
1393 1012 1593 1047 celebratum
1615 1013 1680 1046 fuit
1694 1036 1705 1052 ‚
1747 1012 1841 1056 poffit
1868 1015 2044 1057 Episcopus

1152 1062 1329 1096 interfuisse
1351 1087 1362 1104 ,
1388 1063 1421 1097 &
1445 1064 1486 1096 fic
1520 1074 1575 1106 per
1602 1062 1793 1096 Diodorum
1827 1061 2044 1098 Tharsensem

1153 1112 1351 1156 Episcopum
1374 1137 1385 1153 ,
1413 1113 1485 1147 istic
1514 1113 1772 1156 potentissimum
1789 1136 1801 1152 ,
1829 1111 1943 1144 do=osc
1961 1113 2046 1147 obti-

1154 1163 1278 1202 nuiffe,
1303 1173 1339 1196 ut
1365 1163 1398 1196 in
1422 1162 1583 1205 Symbolo
1602 1164 1643 1197 de
1656 1162 1776 1206 Spiritu
1791 1161 1910 1195 Sancto
1921 1161 2047 1195 dumta-

1152 1221 1207 1244 xat
1227 1223 1421 1255 poneretur:
1452 1215 1516 1257 ‚Qut
1541 1225 1581 1247 ex
1610 1216 1705 1246 Patre
1713 1213 1863 1255 procedit.
1890 1211 1990 1245 Hanc
2003 1211 2047 1244 E-

1154 1261 1348 1304 piscopalem
1362 1262 1537 1297 Theodori
1552 1274 1679 1298 aetatem
1707 1265 1838 1297 firmant
1848 1261 1881 1295 &
1894 1259 1963 1295 haec
1975 1273 2047 1305 prae-

1152 1311 1224 1344 fatae
1248 1310 1421 1354 Synodicae
1434 1311 1528 1347 verba
1541 1327 1553 1346 .·
1579 1314 1743 1351 Theodorus
1757 1314 1891 1347 honorem
1900 1313 2023 1355 possedit
2034 1335 2047 1354 ,

1152 1372 1209 1394 non
1233 1362 1254 1392 ἃ
1274 1361 1480 1400 Sacerdotibus
1505 1368 1729 1403 tantummodo,
1755 1363 1838 1406 sedai
1858 1363 2047 1402 sacratiffimo

1154 1416 1219 1448 ¹Avo
1235 1411 1330 1453 vestro
1362 1437 1372 1452 ‚
1398 1414 1523 1446 dicimus
1547 1422 1594 1447 ter
1617 1417 1711 1446 Beato
1731 1413 1882 1455 Theodofio
1905 1437 1915 1451 ‚
1942 1418 1992 1455 qui
2013 1417 2047 1445 m

1151 1460 1287 1503 defiderto
1297 1460 1413 1503 vifionis
1429 1469 1491 1497 virt
1497 1463 1605 1506 fadus
1620 1490 1631 1505 ‚
1656 1469 1689 1496 in
1699 1462 1822 1505 ‚Ecclefia
1834 1467 1898 1504 ejus
1915 1462 2046 1506 ‹ioanne-

1144 1510 1208 1552 fuit
1226 1514 1345 1545 auditor
1367 1537 1379 1553 ,
1407 1517 1535 1557 Magnus
1562 1515 1612 1550 ille
1637 1518 1804 1555 Imperator
1829 1506 1848 1544 .’
1865 1512 2049 1548 Affirmant

1150 1561 1382 1597 Theodosium
1404 1563 1592 1598 Theodoro
1627 1564 1793 1608 Episcopo
1818 1574 1872 1609 per
1898 1562 2063 1600 uocabile„

1150 1621 1277 1655 tempus
1298 1613 1499 1646 convixisse.
1530 1614 1585 1646 Est
1613 1614 1689 1647 vero
1709 1622 1858 1646 mortuus
1869 1622 1986 1654 quart«,
1998 1611 2048 1646 fiz-

1150 1663 1227 1695 culo
1240 1662 1298 1696 sub
1308 1662 1482 1696 exordium
1493 1663 1573 1696 anni
1599 1661 1800 1706 nonagesimi
1811 1661 1938 1705 quinti,
1967 1659 2047 1697 Pro·

1147 1711 1225 1747 inde
1239 1711 1442 1747 Theodorus
1457 1724 1526 1746 non
1537 1712 1755 1757 nonagesimo
1778 1721 1895 1755 quarto
1907 1734 1917 1750 ‚
1944 1720 1979 1744 ur
1991 1709 2049 1744 ali-

1148 1762 1205 1805 qui
1230 1762 1374 1804 volunt,
1402 1762 1455 1802 sed
1477 1762 1606 1797 dudum
1631 1772 1727 1797 antea
1753 1763 1817 1796 fuit
1841 1761 2047 1805 Episcopus:

1149 1811 1212 1849 Per
1233 1823 1342 1846 annos
1352 1814 1570 1856 quadraginta
1588 1814 1643 1846 sex
1654 1823 1710 1846 aut
1724 1813 1873 1855 quinque
1885 1837 1893 1844 .

1199 1860 1415 1896 Antiochena
1440 1861 1577 1909 joannis
1600 1861 1757 1904 Synodus
1778 1873 1849 1895 nou
1869 1861 1910 1895 ad
1937 1860 2046 1895 solum

1150 1908 1304 1943 Proclum
1316 1932 1327 1949 ,
1354 1909 1408 1944 sed
1421 1911 1551 1954 insuper
1560 1911 1601 1946 ad
1619 1911 1771 1945 sanetum
1783 1910 1949 1953 Cyrillum
1961 1920 2047 1945 retu·

1153 1959 1190 1992 lit
1212 1960 1267 1992 sua
1289 1960 1374 1994 Aeta
1395 1961 1430 1994 δι
1448 1960 1546 1994 sensa
1563 1985 1570 1997 ,
1596 1959 1756 1996 Testatur
1781 1960 1846 1994 hoc
1868 1960 2047 1994 Facundus

1151 2009 1418 2056 Hermianenfis:
1443 2009 1577 2046 Scribens
1602 2015 1694 2046 ettam
1715 2012 1812 2042 Beato
1822 2011 1929 2049 Cyrtllo
1936 2008 2046 2052 supra·
2067 2007 2222 2040 [iure-1³

1150 2056 1248 2099 didit:
1261 2061 1406 2101 Joannes
1429 2069 1497 2092 cum
1518 2060 1623 2092 eadem
1644 2061 1754 2098 synodo
1775 2063 1908 2093 Orientis
1922 2083 1932 2100 ,
1958 2058 2048 2103 ttase

1152 2108 1275 2140 Tamum
1303 2104 1402 2151 ipsum
1423 2110 1468 2142 ad
1487 2112 1640 2142 Armenios
1666 2109 1835 2152 approbaffi
1869 2109 2045 2152 perhibuit.

1152 2155 1299 2201 Epistola
1309 2157 1391 2196 latet
1401 2167 1459 2194 aut
1470 2158 1563 2202 periit
1577 2183 1584 2191 .
1613 2157 1692 2201 Ejus
1706 2169 1817 2197 tamen
1831 2159 2046 2196 substantiam

1152 2217 1334 2251 utcumque
1356 2209 1511 2243 novimus
1521 2220 1563 2243 ex
1583 2207 1688 2243 Sansti
1702 2210 1825 2253 Cyrilli
1838 2212 1878 2245 ad
1890 2211 2048 2245 Sanetum

1153 2255 1311 2294 Proclum
1335 2257 1452 2294 litteris
1465 2282 1473 2291 .
1500 2257 1715 2301 Compendi«)
1725 2259 1863 2303 exponit
1876 2259 2045 2302 Ephefinae

1152 2306 1283 2350 Synodi
1310 2306 1413 2348 Aeta,
1440 2308 1664 2343 natasexinde
1674 2318 1752 2343 cum
1763 2308 1990 2344 Orientalibus
2002 2309 2043 2343 E-

1153 2356 1392 2399 piscopislites‚
1420 2369 1459 2393 ac
1470 2357 1587 2393 initam
1600 2370 1737 2402 pacem,
1761 2359 1794 2393 δε
1819 2361 2044 2403 prosequitur:

1154 2409 1246 2438 Nunc
1267 2409 1361 2445 vero,
1380 2405 1452 2447 ficut
1473 2409 1517 2440 ad
1536 2420 1583 2442 me
1594 2407 1699 2451 scribit
1712 2408 1907 2450 Sanfflffimus
1920 2408 2044 2453 Episco-

1150 2461 1212 2495 pus
1233 2453 1543 2500 AntiochtaeJoannos
1555 2480 1567 2496 ,
1593 2462 1713 2492 initium
1724 2457 1894 2500 apudipsos
1918 2459 2044 2492 alterius

1155 2503 1335 2546 tempestatis
1349 2503 1506 2547 ficrrextt,
1528 2506 1564 2541 Θ
1579 2507 1728 2548 plurimus
1749 2506 1788 2551 est
1797 2513 1906 2548 timor,
1933 2508 2044 2550 nefor·

1146 2552 1229 2596 fitan
1243 2554 1370 2598 quidam
1391 2554 1541 2595 instabiles
1564 2557 1608 2588 ad
1631 2563 1736 2601 prtora
1746 2566 1940 2591 revertantur
1953 2583 1960 2591 .
1986 2561 2043 2591 Dt-

1152 2611 1222 2637 cunt
1241 2609 1322 2637 enlm
1345 2603 1489 2647 quosdam
1500 2606 1547 2640 ad
1556 2617 1697 2650 magnam
1708 2606 1792 2639 illam
1804 2613 1961 2641 civitatem
1971 2616 2045 2650 per-

1152 2654 1280 2696 ventffe,
1306 2654 1415 2691 deinde
1433 2655 1627 2698 interpellasse
1647 2655 1903 2697 christianissimos
1912 2662 2042 2698 Impera-

1150 2710 1247 2744 tores,
1275 2704 1310 2738 δ’
1325 2703 1476 2748 postulasse
1487 2713 1543 2747 per
1550 2707 1698 2738 Divinam
1710 2704 1838 2750 ipsorum
1855 2705 2041 2751 sandionem

1154 2752 1410 2787 anathematizari
1430 2754 1521 2788 libros
1542 2754 1683 2789 Theodori
1695 2755 1904 2800 Mopsuestent‚
1932 2756 2042 2800 ipfiaem·

1150 2815 1207 2846 que
1236 2813 1432 2838 memoratum
1450 2812 1552 2840 virum
1564 2818 1579 2851 ,·
1604 2818 1745 2851 magnum
1765 2810 1836 2842 verb
1855 2810 1921 2847 ejus
1932 2818 2039 2840 nomen

1149 2853 1201 2895 efflr
1218 2861 1274 2895 per
1296 2858 1469 2896 orientem,
1493 2857 1528 2891 6·
1551 2857 1703 2901 mirificari
1726 2858 1849 2890 nimiam
1860 2855 2037 2901 Confiripta

1151 2906 1217 2944 ejus
1230 2927 1237 2935 .
1265 2907 1312 2937 Et
1328 2904 1402 2947 ficut
1421 2907 1524 2940 dicunt
1538 2931 1548 2947 ‚
1575 2906 1788 2948 contrastantur
1808 2918 1929 2945 omnes,
1957 2907 2040 2950 quod

1149 2957 1204 2987 Vir
1224 2954 1328 2988 nobilis
1350 2980 1361 2996 ,
1389 2957 1424 2991 6·
1445 2955 1603 2998 defundus
1626 2962 1658 2990 in
1679 2963 1874 2991 communione
1898 2955 2035 2997 Ecclesia-

1149 3013 1236 3046 rum,
1261 3004 1549 3041 anathematizetur.
1579 3008 1659 3043 Haec
1673 3007 1815 3050 Ioannes
1825 3006 2036 3049 synodaliter

1149 3054 1269 3099 scripsit
1280 3055 1322 3091 ad
1334 3057 1486 3094 Sanctum
1500 3055 1810 3100 CyrillumNempe
1819 3056 1908 3100 quod
1921 3055 2036 3092 Theo-

1147 3102 1220 3139 dori
1243 3106 1367 3151 Scripta
1381 3132 1393 3150 ,
1418 3120 1457 3145 ac
1476 3107 1646 3152 praesertim
1668 3107 1800 3149 persona
1820 3106 2035 3142 anathemati·

1147 3155 1213 3189 zati
1234 3166 1304 3191 non
1327 3160 1452 3202 possent
1466 3159 1530 3193 fine
1540 3155 1801 3202 periculofiffimo
1824 3167 1918 3191 motu
1929 3157 2033 3192 totius

1147 3206 1329 3242 orientalis
1348 3209 1514 3243 Ecclesiae:
1542 3206 1646 3256 Qrod
1671 3207 1804 3249 quidam
1828 3207 1978 3251 Episcopi
1991 3218 2030 3242 ac

1148 3254 1269 3303 Populi
1288 3259 1471 3293 confestam
1494 3267 1545 3291 tot
1571 3256 1735 3292 laboribus
1758 3267 1869 3301 pacem
1893 3258 2030 3295 lacerare

1148 3307 1305 3349 mallent,
1331 3320 1428 3353 quam
1440 3307 1525 3343 istud
1548 3306 1721 3344 anathema
1733 3307 1927 3344 admittere.

1198 3356 1241 3392 Et
1252 3359 1399 3403 Cyrillus
1418 3358 1480 3392 fuit
1504 3368 1631 3394 motus.
1664 3358 1797 3393 Etenim
1810 3358 1913 3405 pergit
1929 3360 1960 3390 in
1974 3357 2028 3390 sua

1151 3406 1314 3452 Epistola:
1340 3414 1434 3444 Nunc
1446 3411 1518 3444 vero
1529 3410 1648 3452 quadan
1659 3407 1837 3454 conscriptis
1856 3410 1918 3450 ejus
1944 3411 2028 3440 tuve·

1871 3460 1971 3489 nimus
