2320 3730
603 160 913 216 Senoms,
953 173 1018 203 ET
1049 156 1245 204 Norts
1280 168 1676 205 ILLvsTRATAE.

229 256 390 294 quemque
399 249 469 283 sum
480 246 680 283 contestatus
690 246 736 281 ob
760 245 846 287 hoc,
872 256 914 280 ne
934 242 1017 279 forte
1039 255 1111 289 par·

230 296 373 332 ticularis
385 298 452 331 fieri
468 297 624 341 Synodus
635 297 811 332 videretur.

280 347 440 382 Extremo
462 346 539 382 vero
561 345 781 381 nihilominus
817 357 893 380 cum
918 343 1111 389 congregati

228 396 335 431 effetis
347 397 383 432 in
396 398 595 432 Sanstiffirna
606 397 770 438 Ecclesia,
794 405 959 431 occurrere
981 393 1113 428 festina-

229 446 282 486 vi,
308 448 387 482 &ea
398 459 470 492 quas
480 449 545 482 visa
559 448 634 483 sunt
647 448 801 482 Domino
812 446 945 484 nostro,
970 444 1004 477 &
1028 442 1111 476 Piis-

229 496 312 531 simo
323 498 493 544 Principi,
521 498 600 532 licet
624 496 748 532 videam
769 507 810 530 ex
831 493 995 538 superfluo
1028 492 1112 527 face·

229 557 263 581 re
277 572 288 586 ‚
312 546 392 583 dum
416 548 512 583 semel
534 548 706 582 nosceretis
726 545 791 579 haec
803 544 919 580 eadem
939 555 982 578 ex
995 542 1111 577 litteris

229 597 429 632 D‘ivinitatis
453 598 520 642 ejus
534 623 545 638 ,
571 597 695 632 directis
716 594 756 629 ad
769 606 847 629 vos,
875 593 1110 627 Verumtamen

229 647 348 681 edocui
370 648 615 692 dispositionem
636 644 777 689 ejusdem
791 643 933 679 Domini
949 642 1052 677 nostri
1078 642 1112 675 δε

229 695 370 731 Piiffimi
383 698 546 743 Principis
555 696 638 732 hanc
654 697 718 730 effe
732 720 740 727 .
768 694 869 729 Velle
882 704 1026 738 namque
1035 703 1111 726 eum

229 746 300 782 dixi
312 747 413 782 fidem
433 749 573 782 nostram
586 746 706 790 absque
718 742 955 779 ulladiscordia
981 742 1023 778 ab
1045 754 1112 778 orn·

229 796 329 831 nibus
351 798 438 832 idem
450 795 645 840 sapientibus
671 794 833 834 roborari,
862 793 998 830 &nolle
1018 792 1114 838 parti-

228 847 354 882 culares
375 847 529 892 quasdam
552 844 707 890 Synodos
727 844 799 880 fieri
820 869 832 887 ,
857 844 948 887 quod
970 842 1115 878 maxime

230 896 266 930 ln
287 896 417 931 haereses
442 897 477 931 ὅ(
496 894 669 931 schismata
696 904 887 931 convertere
911 894 1006 929 novit
1026 893 1115 928 Reli-

230 946 366 990 gionem
379 946 522 981 nostram
534 972 545 988 ,
571 946 751 991 Fidemque
777 943 1013 981 orthodoxam
1027 969 1034 976 .
1063 943 1116 977 ln-

229 996 323 1039 super
341 994 420 1031 dum
441 997 637 1032 Reverentia
664 996 765 1031 vestra
800 996 945 1040 exigeret
982 993 1112 1029 Sacram

229 1045 373 1080 Domini
394 1047 494 1081 nostri
520 1047 555 1080 &
572 1045 713 1081 Piissimi
734 1045 919 1089 Principis,
944 1054 1015 1087 quae
1036 1043 1119 1079 dire-

230 1095 332 1129 staest
355 1096 395 1130 ad
411 1095 560 1130 sannam
573 1096 746 1140 Synodum
758 1121 771 1138 ,
796 1095 924 1141 relegi,
950 1094 1037 1138 prius
1050 1094 1117 1138 qui-

228 1142 305 1178 dem
325 1143 358 1178 id
380 1147 486 1181 facere
497 1158 566 1181 non
586 1146 771 1182 annuebam
786 1170 798 1186 ,
823 1157 885 1180 nec
906 1146 998 1180 enim
1010 1143 1117 1178 dicere

228 1194 403 1237 refutabo,
429 1195 573 1240 eoquod
594 1208 663 1231 non
675 1196 820 1231 adessent
830 1206 968 1235 omneS,
994 1196 1052 1235 qui
1078 1191 1117 1228 ad

229 1245 466 1280 Sanstisfimam
477 1245 650 1290 synodum
670 1245 742 1288 juffi
754 1247 884 1279 fuerant
909 1243 1087 1278 convenire
1106 1267 1118 1283 ,

229 1292 284 1329 fed
302 1295 378 1338 quia
401 1295 501 1331 vestra
522 1296 734 1340 Religiositas
765 1294 876 1339 inquit
898 1293 1051 1338 ignorare
1063 1293 1118 1333 se,

230 1355 302 1387 quae
323 1356 477 1391 praecepta
496 1346 559 1380 sint
580 1346 599 1380 ᾗ
613 1345 769 1380 Domino
791 1345 904 1379 nostro
929 1343 964 1377 &
988 1343 1118 1387 optimo

231 1394 386 1439 Principe
398 1421 410 1437 ,
438 1396 649 1431 necessarium
663 1394 746 1429 mihi
760 1395 866 1429 visum
891 1394 938 1428 est
948 1404 1119 1437 apparere,

234 1453 273 1477 ut
294 1444 394 1479 etiam
417 1457 486 1480 non
507 1445 714 1488 praesentibus
741 1445 815 1479 aliis
833 1442 1119 1479 Reverendiffimis

234 1494 406 1537 Episcopis
432 1493 585 1529 omnibus
619 1495 841 1540 relegerentur
863 1494 997 1531 Divinae
1021 1502 1120 1543 atque

232 1541 412 1578 adorabiles
437 1544 585 1579 Litterae.

282 1592 515 1629 Nihilominus
536 1593 613 1629 vere>
624 1620 635 1637 ‚
662 1595 697 1631 δε
717 1594 892 1640 postquam
910 1594 1005 1630 vobis
1017 1593 1120 1628 mani-

233 1643 346 1679 festavi
366 1655 438 1688 quae
460 1646 534 1679 sunt
557 1646 697 1681 Decreta
718 1645 892 1680 Divinitus
909 1669 921 1686 ,
948 1645 984 1678 in
1006 1645 1121 1679 eadem

234 1694 470 1738 supplicatione
479 1695 638 1739 permansi
649 1721 661 1737 ,
688 1695 866 1741 deprecans
885 1694 1120 1730 Reverentiam

236 1745 374 1779 vestram
396 1770 408 1786 ,
432 1746 467 1780 δε
486 1747 622 1790 poscens
643 1745 728 1780 nihil
749 1757 876 1782 novum
896 1747 967 1780 fieri
989 1770 1001 1786 ,
1026 1744 1123 1790 prius-

236 1805 337 1839 quam
359 1796 468 1830 cunsti
488 1797 681 1831 Sanstiffimi
701 1796 812 1832 Patres
847 1807 945 1838 atque
968 1794 1123 1840 Episcopi

237 1845 280 1879 ad
293 1845 467 1888 Synodum
488 1847 723 1886 convenirent,
750 1847 806 1881 sed
829 1846 1026 1880 sustineretis
1048 1857 1124 1888 qua·

239 1905 316 1929 tuor
339 1895 572 1929 tantummodo
583 1897 652 1929 dies
672 1895 912 1929 Sanstiffimum
925 1895 1123 1937 Episcopum

242 1941 533 1978 Antiochenorum
554 1944 780 1987 Metropoleos
797 1955 872 1978 cum
885 1944 958 1977 aliis
972 1944 1029 1986 qui
1043 1943 1126 1985 pari-

241 2001 289 2025 ter
304 1993 400 2031 sunt,
425 2003 487 2026 nec
509 2004 578 2027 non
605 1993 641 2028 δι
661 1993 737 2028 illos
759 1993 909 2037 quicum
920 1992 1124 2026 Sanetissimo

241 2041 407 2085 Episcopo
421 2041 578 2076 Nestorio
590 2044 664 2077 sunt
677 2068 690 2084 ,
716 2052 753 2078 ut
773 2042 876 2078 vestra
893 2042 1124 2087 Religiositate

241 2091 360 2135 pariter
385 2102 586 2138 congregata
610 2115 622 2133 ,
645 2093 681 2128 &
705 2093 800 2128 omni
836 2095 950 2130 Sancta
985 2091 1124 2136 Synodo

240 2141 377 2175 collecta
398 2142 539 2177 simulin
551 2154 675 2184 unum,
701 2145 723 2178 si
746 2154 808 2190 qua
820 2144 942 2184 essent,
968 2154 1040 2186 quae
1064 2144 1125 2177 for·

240 2192 296 2226 san
311 2192 344 2226 in
365 2191 610 2229 dubitationem
631 2195 804 2237 venirent,
828 2195 847 2230 a
871 2194 991 2239 quibus
1002 2205 1062 2229 nos
1077 2195 1126 2228 su-

241 2252 315 2276 mus
324 2244 487 2283 extranei,
513 2244 637 2279 cunetis
658 2245 752 2280 vobis
776 2245 985 2288 praesentibus
1004 2244 1125 2287 judica-

241 2300 353 2326 rentur
364 2318 371 2325 .
399 2293 444 2329 Et
456 2302 537 2328 tune
548 2305 623 2330 cum
636 2296 794 2330 consensu
808 2295 960 2329 omnium
985 2294 1125 2330 vestrum

240 2341 488 2384 ostenderetur,
513 2344 587 2389 quis
597 2344 693 2390 prave
720 2357 758 2381 ac
771 2354 883 2389 praeter
905 2345 1053 2391 Regulas
1068 2345 1127 2379 Ec·

240 2391 426 2428 clefiasticas
436 2394 563 2429 credere
574 2395 761 2436 videretur,
786 2406 829 2429 an
848 2395 934 2430 certe
965 2396 1046 2429 recte
1057 2406 1127 2430 om-

242 2453 302 2475 nes
324 2443 441 2484 pariter
473 2445 646 2484 confiteri,
670 2446 752 2478 sicut
778 2447 971 2479 Sanctorum
992 2444 1127 2480 Paetum

243 2489 382 2535 Religio
393 2490 491 2525 habet
500 2516 507 2522 .
534 2491 614 2526 Haec
628 2492 730 2537 igitur
741 2504 811 2527 non
823 2492 920 2527 semel
934 2517 945 2533 ,
961 2492 1014 2526 sed
1027 2493 1127 2526 etiam

243 2539 354 2584 saepius
373 2539 556 2575 admonens
567 2565 579 2582 ,
605 2542 640 2577 &
653 2542 839 2586 suppliciter
863 2542 1031 2587 postulans
1042 2566 1056 2583 ,
1082 2543 1129 2576 ni-

241 2588 291 2623 hil
312 2590 451 2632 profeci.

292 2638 420 2674 Verum
431 2640 508 2684 quia
518 2639 728 2676 nihileorum
742 2665 754 2682 ,
778 2652 850 2685 quae
867 2641 887 2676 ὲ
909 2652 964 2676 me
985 2642 1060 2676 sunt
1081 2640 1127 2676 di·

242 2691 314 2730 eta,
339 2691 574 2732 servatumest,
601 2691 655 2726 sed
685 2690 808 2727 {vobis
822 2690 976 2735 injuriose
1000 2703 1040 2726 ac
1058 2690 1129 2726 vio·

242 2740 347 2774 lenter
357 2741 507 2786 expulsus
526 2743 620 2782 sum,
644 2742 854 2777 necessarium
865 2741 946 2777 duxi
967 2740 1035 2777 hoc
1053 2753 1127 2778 mea

243 2790 483 2825 contestatione
502 2791 596 2826 vobis
617 2792 814 2828 constituere
834 2792 1069 2832 manifestum,
1092 2793 1127 2827 ὃ(

244 2850 299 2883 per
318 2840 382 2874 hoc
393 2840 546 2876 Edictum
556 2841 641 2876 clare
651 2842 757 2878 dicere
770 2842 898 2878 nullum
912 2843 1056 2878 vestrum
1067 2853 1127 2877 no-

244 2890 278 2923 vi
295 2890 421 2934 aliquid
440 2892 544 2926 facere
555 2915 568 2933 ,
594 2891 648 2927 sed
659 2894 811 2928 omnium
834 2894 1029 2929 San&orum
1050 2892 1126 2936 Epi-

243 2941 417 2984 scoporum
428 2941 581 2978 sustinere
591 2943 814 2986 praesentiam,
840 2945 876 2979 ὅ(
890 2944 934 2979 sic
954 2942 1125 2979 communi

243 2989 425 3032 Concilio,
450 3002 520 3035 quae
539 2992 582 3026 ad
601 2991 811 3028 Gatholicam
834 2995 1047 3039 Sanctamque
1073 2992 1126 3028 Fi-

246 3038 321 3073 dem
342 3042 530 3084 pertinent,
555 3041 709 3086 judicari.
738 3045 774 3078 Si
795 3045 869 3088 quis
892 3043 968 3079 vero
990 3056 1032 3079 ex
1055 3055 1125 3089 pro·

246 3089 315 3132 pria
337 3090 502 3126 voluntate
521 3091 635 3127 duetus
645 3104 705 3133 ea,
731 3105 802 3139 quae
823 3094 865 3130 ab
886 3094 1067 3130 immortali
1091 3094 1125 3128 ὃ(

247 3138 379 3181 optimo
401 3139 535 3176 Vertice
561 3141 639 3185 juffa
658 3144 733 3177 sunt
755 3167 767 3185 ‚
791 3156 999 3180 commovere
1018 3143 1124 3179 volue-

246 3188 314 3230 rit,
340 3188 419 3223 sciat
445 3191 475 3224 se
484 3191 541 3225 sibi
556 3191 612 3234 ipsi
631 3203 854 3237 reputaturum
877 3194 1039 3241 quidquid
1056 3205 1124 3230 eve-

247 3237 334 3287 nerit
358 3262 370 3279 ,
406 3238 624 3283 praejudicium
649 3242 727 3278 vero
752 3245 784 3280 se
809 3245 866 3279 alii
891 3257 961 3280 non
987 3245 1123 3280 inferre.

248 3288 332 3322 Non
356 3289 446 3323 enim
468 3289 594 3334 pigebit
619 3302 672 3327 me
690 3291 758 3329 haee
789 3295 906 3331 eadem
931 3294 1043 3334 denuo
1067 3294 1124 3331 ite-

246 3348 332 3373 rare.

298 3388 468 3435 Qioniam
483 3389 560 3425 vero
577 3415 588 3430 ‚
613 3389 693 3427 sicut
709 3394 808 3432 vestra
827 3395 985 3433 saunitas
1005 3397 1100 3433 novit
1112 3421 1124 3438 ,

345 3437 454 3474 chria.
465 3442 543 3485 Lupi
553 3446 651 3486 opera
660 3445 693 3476 T.
709 3448 777 3479 VH.

1930 175 1989 217 39

1173 240 1238 277 hoc
1265 241 1390 285 placuit
1401 241 1557 276 Domino
1579 240 1693 275 nostro
1718 242 1753 277 δε
1772 239 1921 278 Piiffimo
1932 241 2058 278 Princi-

1175 293 1232 337 pi,
1258 302 1295 326 ut
1317 291 1376 326 sub
1399 290 1565 336 praesentia
1587 289 1680 325 simul
1698 293 1850 328 omnium
1861 294 2056 328 Sanctorum

1175 342 1411 387 Episcopornm
1423 367 1435 384 ‚
1461 341 1517 385 qui
1531 340 1573 376 ab
1593 340 1663 384 ejus
1679 340 1863 377 Divinitate
1884 344 1959 378 sunt
1979 353 2058 378 con-

1175 393 1283 428 vocati
1295 395 1310 434 ,'
1332 404 1369 428 ea
1380 403 1450 436 quae
1461 391 1719 427 invocationem
1733 391 1872 429 veniunt
1884 392 2060 428 dissolvan-

1174 452 1225 478 tur
1242 467 1254 484 ,
1279 442 1443 488 propterea
1467 442 1502 480 δε
1526 443 1644 483 Sacra,
1669 453 1740 486 quae
1759 440 1799 476 ad
1821 441 2058 479 Sanctiffimam

1174 492 1345 536 Synodum
1363 492 1501 528 vestram
1522 490 1641 530 directa
1664 492 1739 530 sunt
1759 515 1772 532 ,
1796 491 1831 525 &
1852 501 1925 532 quae
1941 491 1984 528 ad
2003 505 2058 528 me

1173 542 1279 585 ipsum
1298 543 1340 578 ab
1361 553 1475 578 eorum
1495 542 1682 577 Divinitate
1703 542 1778 579 sunt
1805 540 1923 585 scripta
1939 565 1952 581 ,
1978 539 2059 578 huic

1175 592 1293 631 Edicto
1316 593 1494 638 praeposui,
1523 602 1561 632 ut
1583 602 1638 637 per
1660 591 1775 627 omnia
1796 591 2034 637 cognoscentes
2049 616 2062 633 ,

1174 653 1244 686 quae
1269 642 1288 675 a
1315 643 1470 680 Domino
1494 643 1608 678 nostro
1632 643 1668 677 ἀ
1693 642 1825 686 optimo
1859 640 2060 686 Imperatore

1175 701 1328 736 praecepta
1353 693 1426 729 sunt
1456 719 1468 735 ,
1511 693 1530 731 a
1553 693 1613 728 tali
1639 691 1890 737 praesurnptione
1914 692 2060 727 ceffetis.

1175 741 1379 787 Cognoscite
1391 741 1513 785 igitur,
1539 743 1629 788 quod
1640 743 1757 786 Scripti
1776 741 1873 786 hujus
1893 741 2061 786 exemplar

1174 794 1274 826 etiam
1296 791 1452 874 Dramino
1473 792 1585 830 nostro
1597 792 1746 832 Piiffimo
1757 792 1948 839 Imperatori
1960 793 2064 828 trans-

1175 842 1305 878 missum
1322 852 1340 876 e
1380 863 1390 874 .

1178 961 1452 1030 Propositum
1471 960 1533 1011 est
1554 958 1730 1010 decimo
1758 961 1962 1013 kalendas
1978 968 2063 1030 Ju.

1249 1035 1298 1087 lii
1322 1070 1336 1095 ,
1371 1034 1419 1083 in
1439 1030 1657 1105 Ephefina
1678 1030 1907 1083 Civitate-

1372 1228 1870 1274 Scn0L10N.

1291 1393 1383 1439 Ujus
1406 1395 1443 1430 δε
1470 1394 1614 1431 duorum
1640 1395 1847 1441 sequentium
1872 1393 2069 1428 Ediaorum

1315 1446 1470 1490 frequens
1492 1446 1539 1481 est
1561 1447 1722 1482 memoria
1747 1446 1784 1481 in
1795 1443 1886 1480 Actis
1899 1444 2072 1488 Synodali-

1181 1494 1261 1530 bus.
1289 1495 1425 1532 Etenim
1446 1497 1482 1530 in
1505 1497 1572 1540 ipsa
1593 1522 1605 1538 ,
1625 1497 1723 1541 quam
1745 1494 1894 1531 adversus
1919 1496 2072 1530 Sanctum

1182 1545 1354 1589 Cyrillum
1374 1547 1410 1581 &
1423 1557 1564 1581 omnem.
1574 1546 1773 1591 Ephesinam
1785 1543 1958 1587 synodum
1980 1544 2072 1578 latra-

1183 1596 1251 1636 vit,
1278 1596 1439 1632 sententia
1460 1598 1605 1640 Joannes
1629 1594 1864 1629 Antiochenus
1884 1594 1926 1627 sic
1949 1592 2071 1627 habet:

1182 1649 1292 1687 Neque
1311 1645 1584 1690 Religiofiffimorum
1602 1643 1817 1688 Eplftoporum
1838 1644 2009 1677 adventum
2021 1653 2072 1675 ex·

1183 1693 1334 1740 fiteHasttr
1358 1721 1372 1738 ,
1412 1707 1477 1730 cum
1501 1705 1605 1730 tamen
1632 1694 1933 1739 Magnificentzffimus
1959 1696 2068 1725 Comes

1183 1746 1397 1780 candidianus
1408 1748 1442 1782 6·
1455 1749 1567 1790 Scripta
1576 1746 1724 1789 monuisset
1736 1747 1772 1780 ό·
1781 1744 1885 1779 verbis
1900 1769 1912 1786 ‚
1938 1755 1976 1778 ne
1985 1744 2072 1786 quid-

1183 1807 1275 1840 quam
1300 1797 1363 1831 tale
1381 1798 1532 1832 auderetis
1546 1823 1553 1830 .
1581 1798 1625 1831 Et
1638 1796 1674 1831 in
1688 1795 1867 1831 Relatione
1877 1792 1918 1829 ad
1930 1794 2074 1838 Impera-

1184 1857 1290 1880 torem
1321 1846 1553 1882 Theodosium
1577 1860 1584 1879 :
1613 1851 1690 1879 Cum
1714 1854 1814 1879 tamen
1837 1842 2072 1888 Magnificentisl

1179 1894 1269 1935 fimus
1277 1898 1385 1929 Comes
1394 1897 1612 1928 Candldlanus
1626 1898 1646 1927 ἃ
1658 1894 1767 1928 ebriat
1784 1902 1905 1927 amante
1916 1892 2073 1934 celsitudi-

1186 1955 1223 1976 ne
1246 1943 1344 1983 vestra
1367 1945 1466 1987 mffcs
1479 1969 1490 1985 ‚
1517 1947 1552 1979 dr
1566 1947 1678 1986 scripto
1699 1946 1736 1978 &⁹
1756 1943 1860 1979 verbis
1886 1954 1996 1986 quoque
2011 1943 2072 1976 illis

1185 1992 1382 2036 denunciaffet
1394 2016 1403 2026 .
1433 1993 1478 2026 Et
1499 1994 1535 2027 in
1547 1993 1725 2027 Relatione
1744 1993 1786 2027 ad
1797 1992 1967 2036 Reginas:
1994 1996 2074 2026 Cum

1186 2051 1287 2077 tamen
1309 2042 1609 2087 Magnificentifflmus
1633 2045 1740 2076 Comes
1761 2042 1976 2075 Candidianus
1990 2066 2002 2083 ,
2027 2055 2076 2076 or-

1185 2093 1268 2126 dinis
1274 2090 1424 2136 servandi
1432 2093 1522 2137 causa
1534 2092 1573 2126 ab
1586 2091 1816 2135 Imperatoribus
1835 2091 1940 2133 nostrii·
1951 2093 2049 2136 missus
2060 2118 2072 2134 ‚

1184 2145 1220 2178 (ar
1233 2143 1324 2177 verbo
1345 2144 1380 2178 ό·
1390 2145 1572 2186 scriptoillis
1590 2143 1786 2187 denunciaffet
1798 2165 1809 2181 ‚
1832 2151 1867 2177 ut
1880 2143 2074 2183 Piiffimorum

1186 2191 1400 2239 Episcoporum
1423 2196 1593 2231 adventum
1613 2193 1835 2238 exspec‘larent.
1866 2192 1983 2228 Edicta
2004 2191 2074 2227 haec

1186 2245 1287 2287 usque
1300 2257 1390 2280 nunc
1402 2244 1568 2280 latuerunt
1582 2270 1589 2278 .
1615 2245 1729 2291 Qare
1740 2254 1901 2290 magnum
1915 2243 1961 2278 est
1973 2243 2073 2277 Gaffi-

1188 2294 1296 2329 nensis
1324 2294 1463 2330 Codicis
1490 2295 1689 2331 beneficium
1710 2320 1718 2328 .
1745 2294 1888 2329 Praesens
1916 2293 2074 2328 Edictum

1187 2345 1285 2383 docet
1298 2356 1360 2380 nos
1373 2345 1464 2390 plura
1475 2371 1483 2377 .
1509 2344 1624 2382 Primo
1638 2370 1649 2386 ,
1666 2343 1755 2388 quod
1765 2342 1997 2379 Candidianus-
2007 2344 2074 2389 ipsa

1186 2394 1314 2437 Synodi
1334 2396 1389 2430 die
1406 2395 1514 2431 statim
1535 2396 1555 2430 a
1578 2396 1682 2440 prima
1704 2395 1777 2430 luce
1798 2395 1944 2430 fueritin
1956 2404 2074 2438 opere.

1187 2444 1323 2477 Etenim
1341 2455 1460 2478 omnes
1483 2445 1518 2477 &
1539 2446 1689 2489 singulos
1705 2445 1866 2480 Primates
1892 2444 2075 2489 Episcopos

1187 2491 1335 2533 acceffit,
1362 2492 1537 2536 deprecans
1557 2504 1624 2528 non
1641 2494 1799 2536 procedi,
1823 2493 1879 2526 sed
1903 2493 2076 2536 exspectari

1189 2540 1444 2576 Antiochenum
1471 2541 1697 2576 Patriarcham
1718 2567 1726 2574 .
1765 2541 1919 2578 Secundo
1944 2566 1956 2582 ‚
1982 2542 2075 2585 quod

1187 2590 1250 2626 hac
1261 2591 1314 2625 via
1330 2590 1575 2626 nihilobtinens
1585 2591 1757 2626 intraverit
1767 2590 1970 2634 Synodalem
1982 2592 2074 2627 Con-

1187 2641 1325 2680 fessum,
1349 2641 1516 2676 obtestans
1526 2641 1658 2677 eadem.
1683 2641 1807 2677 Tertio
1825 2651 1885 2675 nos
1894 2639 2074 2677 docetmo-

1186 2691 1289 2732 dum,
1313 2702 1381 2735 quo
1403 2692 1538 2727 Sanctus
1561 2691 1709 2736 Cyrillus
1730 2690 1980 2727 Candidianum
2003 2703 2072 2736 per-

1187 2742 1292 2776 movit
1302 2742 1342 2777 ad
1354 2742 1587 2788 praelegendam
1597 2743 1750 2783 Sacram,
1779 2742 1844 2777 sine
1854 2741 1948 2786 cujus
1970 2742 2072 2786 praele-

1186 2793 1295 2826 &ione
1317 2793 1450 2837 procedi
1473 2804 1541 2828 non
1554 2802 1695 2838 poterat.
1728 2791 1820 2827 Istud
1832 2792 1937 2836 ipsum
1950 2792 2072 2827 Candi-

1187 2842 1303 2877 dianus
1321 2843 1471 2888 exposuit
1493 2844 1528 2879 in
1542 2844 1599 2878 sua
1612 2843 1790 2878 Relatione
1810 2853 1921 2877 coram
1934 2843 2071 2879 adver-eto

1187 2891 1372 2929 Patriarcha
1400 2895 1526 2938 Joanne
1539 2907 1551 2928 .·
1577 2894 1707 2934 cymas
1732 2895 1935 2932 &Memnom
1960 2900 1993 2926 ut
2014 2894 2071 2927 sa·

1186 2945 1481 2988 nampraelegerm,
1512 2943 1739 2989 efflagitarunt.
1764 2947 1842 2977 Cum
1852 2945 1923 2976 verb
1947 2944 1982 2976 td
1992 2954 2071 2977 recu·

1180 2991 1281 3036 sarem
1301 3002 1425 3036 propter
1435 2995 1615 3028 Sandlitatis
1637 2994 1746 3036 vestrae
1765 2993 1953 3037 absentiam,
1979 2994 2071 3036 quod-

1184 3054 1238 3087 que
1258 3045 1312 3078 alii
1331 3046 1483 3087 praterea?
1493 3044 1634 3089 Eplscopi
1657 3056 1692 3079 ac
1701 3045 1921 3087 Metropolltanl
1942 3044 2068 3078 necdum

1184 3094 1387 3138 advenissent,
1415 3104 1562 3139 coegerunt
1581 3106 1629 3129 me
1654 3096 1701 3129 ὶΙΙΙ
1715 3119 1727 3136 ,
1750 3093 1782 3138 l’e
1791 3099 1926 3139 ignor-am
1944 3093 2069 3137 afferen-

1184 3152 1229 3179 tes
1238 3146 1316 3188 quid
1334 3146 1355 3178 ἃ
1370 3149 1505 3179 Dominis
1522 3144 1627 3186 nostris
1647 3144 1715 3190 effer
1728 3143 1957 3188 prascriptum.
1988 3147 2068 3178 Coa-

1184 3194 1251 3229 llus
1262 3206 1327 3238 ergo
1336 3219 1348 3236 ,
1376 3196 1517 3230 neturbae
1543 3193 1706 3238 cujuspiam
1727 3203 1781 3229 aut
1788 3192 1947 3237 seditionis
1958 3192 2068 3236 οτι-αβο-

1185 3257 1252 3279 nem
1269 3245 1452 3288 puberem,
1478 3245 1545 3288 ipfis
1562 3249 1746 3291 congregans
1761 3246 1882 3278 Sacram
1902 3245 1960 3288 legi
1981 3270 1988 3276 .
2014 3248 2067 3280 Ve-

1184 3303 1350 3329 rumtamen
1364 3302 1456 3330 etiam
1466 3295 1634 3340 diJ‘ceffurus
1646 3321 1657 3336 ,
1683 3297 1718 3330 (²5
1723 3292 1859 3338 praefi’ns
1882 3293 1960 3338 ipsos
1973 3302 2066 3327 conte-

1181 3346 1276 3386 status
1301 3344 1390 3388 sum,
1416 3357 1453 3379 ne
1473 3343 1596 3389 prorfits
1609 3346 1727 3388 aliquid
1746 3353 1884 3390 agerent.
1911 3344 1974 3381 Per
1995 3342 2064 3376 haec

1187 3397 1287 3442 igitur
1293 3397 1409 3432 omnia
1419 3407 1489 3432 non
1500 3397 1674 3442 proficiens
1685 3396 1809 3432 Comes
1817 3421 1829 3439 ,
1856 3394 1990 3432 tandem
2011 3402 2066 3434 pu-

1622 3446 1659 3483 D
1707 3456 1732 3483 2
1932 3439 2017 3475 blice
