2320 3730
372 154 466 199 312,
713 139 1060 187 vauronum
1096 137 1341 183 PA-'ruum
1376 135 1705 199 Emsrotffi,

294 221 345 259 dit
366 248 377 265 ,
404 224 438 257 ὃ(
456 231 525 256 non
544 219 636 259 irasci
659 244 672 264 ‚
696 220 752 263 sed
784 220 1005 263 intentionem
1038 219 1182 256 nostram
1244 216 1317 251 dem
1343 224 1481 252 conatur
1501 220 1561 254 suo
1583 221 1835 272 Metropolitae,
1863 223 1883 258 a
1902 233 1969 271 quo
1991 229 2128 272 parabat

295 273 477 319 perquirere
488 295 500 314 Ρ
548 315 556 331 ι
625 293 637 335 ἱ
773 295 775 297 .
1243 265 1393 306 recedere
1415 291 1428 308 ‚
1467 268 1606 304 suaviter
1630 271 1816 324 imprimere
1840 300 1847 306 .
1874 275 1928 309 Ex
1948 287 2016 320 quo
2037 278 2126 315 vide-

1243 327 1315 352 mus
1326 342 1338 359 ‚
1363 315 1454 363 quod
1473 327 1554 355 tunc
1573 316 1616 356 ab
1635 317 1696 355 1110
1714 321 1854 360 necdum
1865 325 1974 370 aperte
1996 328 2128 366 recesse-

487 357 499 380 ''
1243 377 1292 403 rat
1302 393 1311 402 .

489 429 975 476 Senotrou.

396 576 466 611 AEc
486 571 622 617 epistola
644 582 714 606 non
737 571 782 605 est
796 571 988 615 responsum
1011 568 1053 604 ad
1066 580 1177 615 praece-

418 625 550 659 dentem
576 646 583 657 .
608 620 795 657 Praecedens
827 621 916 656 enim
941 620 1066 655 nullam
1098 619 1176 655 facit

282 674 491 711 mentionem
515 673 556 708 de
586 671 744 715 adjunffls
770 670 874 706 tribus
907 670 1173 716 Exemplaribus.

280 726 419 762 Interim
442 725 577 768 praesens
596 722 744 767 Epistola
763 721 863 757 docet
884 733 946 757 nos
966 723 1057 766 plura
1072 747 1079 755 .
1106 721 1175 755 Pri-

279 776 357 815 ιῃὸ,
383 774 474 815 quod
495 771 688 810 Alexander
711 772 857 810 noluerit
881 772 982 808 videri
1003 772 1174 817 pertinax,

278 825 312 859 ὃ(
339 823 488 858 adversus
526 820 736 858 Theodoreti
775 822 923 858 Consilia
957 822 1140 859 immobilis
1159 845 1171 862 ,

1427 584 1469 630 C
1489 581 1693 657 APUT
1727 583 1935 635 CXLIX.
1982 604 2126 655 -237

1235 720 1431 788 Ερξβοὶα,
1466 724 1613 793 inquit
1626 759 1640 784 ,
1676 730 1757 773 Deo
1769 723 2001 793 Amicffmt'
2023 733 2123 798 Epi-

1291 790 1403 861 fiopi
1439 793 1691 856 Alexandri,
1742 814 1857 862 quam
1905 796 2018 846 denub
2063 818 2126 847 re-

278 874 422 918 ideoque
437 873 487 907 illi
499 873 620 908 miserit
632 874 692 908 tria
707 873 914 918 Exemplaria
927 899 938 915 ‚
966 873 1171 909 continentia

278 935 387 959 certos
398 923 590 964 Articulos,
617 923 677 959 sub
694 922 814 966 quibus
826 924 1046 968 acquiescebat
1059 934 1170 968 pacem

277 973 468 1009 admittere.
495 973 672 1014 Secundo,
703 974 794 1018 quod
807 974 964 1010 interista
974 973 1170 1018 exemplaria

275 1035 383 1059 unum
394 1024 494 1060 suerit
505 1024 572 1060 sine
583 1024 721 1060 nomine
732 1048 744 1065 ,
756 1024 825 1059 fine
835 1025 949 1069 quavis
965 1023 1171 1065 subscriptio-

274 1085 338 1110 ne.
366 1074 489 1109 Tertio
511 1097 524 1115 ,
552 1073 643 1119 quod
666 1073 753 1108 istud
778 1074 943 1116 exemplar
968 1071 1169 1108 laudabilem

272 1123 446 1159 Acribiam
465 1148 477 1166 ‚
502 1124 538 1158 δε
562 1134 640 1157 cum
667 1124 817 1156 mensura
847 1120 1168 1157 Condescensionem

271 1175 460 1210 contineret
479 1195 490 1212 ,
526 1170 669 1216 ideoque
692 1169 912 1206 Theodoreto
933 1170 1091 1215 placuerit
1115 1183 1168 1216 per

270 1224 405 1259 omnia.
433 1220 585 1271 Qum,
614 1221 704 1264 quod
726 1221 811 1257 istud
825 1222 1000 1267 Exemplar
1020 1222 1167 1258 suaderet

273 1273 403 1308 intendi
415 1272 451 1307 in
463 1272 523 1307 ista
534 1273 703 1316 Synodica
716 1297 724 1304 .
749 1272 882 1317 Utique
894 1273 950 1307 illa
964 1297 976 1314 ,
1000 1285 1075 1317 quae
1088 1274 1165 1308 San-

270 1326 340 1358 &us
351 1323 487 1364 Proclus
501 1335 560 1367 pro
574 1325 629 1358 sua
640 1321 924 1359 inthronizatione
934 1324 1165 1365 mis-:ratman-

268 1374 350 1409 dans
373 1375 405 1409 se
419 1374 573 1420 agnosci,
602 1384 640 1408 ut
653 1385 766 1409 verum
791 1374 906 1420 Regiae
922 1374 1078 1410 Civitatis
1090 1374 1165 1418 Epi-

266 1426 405 1468 scopum
419 1449 430 1465 ,
457 1426 490 1459 ὅ(
504 1426 598 1459 suum
610 1436 732 1459 nomen
747 1425 952 1460 recitandum
964 1435 1002 1459 ac
1013 1435 1165 1458 veneran-

266 1474 348 1508 dum
362 1473 492 1508 inscribi
504 1475 610 1509 Sacris
623 1474 839 1509 Ecclefiarum
854 1474 999 1509 Tabulis
1011 1499 1019 1507 .
1047 1473 1166 1509 Exem-

264 1525 335 1568 plar
349 1524 507 1559 suadebat
526 1524 718 1568 synodica,
743 1525 767 1559 fi
791 1523 877 1559 nihil
901 1526 988 1560 reeta:
1014 1524 1093 1559 fidei
1104 1525 1165 1558 dis·

263 1577 406 1615 sonum,
433 1574 468 1609 δε
492 1573 657 1617 aCyrillo
681 1575 766 1610 male
781 1575 867 1619 apud
890 1573 1057 1619 Ephesum
1069 1574 1162 1609 Aeris

266 1623 429 1659 haberent
452 1624 639 1659 consonum
657 1649 668 1666 ,
695 1625 826 1660 admitti
845 1651 852 1658 .
881 1623 1015 1674 Qinto
1035 1650 1047 1667 ‚
1073 1624 1162 1669 quod

264 1675 327 1709 isla
368 1673 538 1717 Synodica
576 1675 699 1710 fuerint
738 1675 916 1710 transmissa
944 1687 1000 1720 per
1027 1686 1162 1710 omnem

264 1725 474 1760 orientalem
490 1724 685 1759 Dioecesim.
714 1723 837 1765 Sexto,
857 1726 946 1768 quod
959 1725 1096 1760 Proclus
1109 1736 1163 1769 per

266 1786 404 1809 omnem
422 1775 515 1807 istam
527 1773 706 1808 Dioecefim
717 1774 846 1809 audiret
858 1774 1078 1810 Ortbodoxus
1092 1798 1104 1815 ,
1129 1775 1162 1809 ὅ(

265 1825 357 1869 quod
372 1825 423 1859 isti
439 1824 532 1858 samae
542 1825 643 1858 etiam
656 1823 833 1859 Helladius
844 1822 1034 1860 Tharsensis
1045 1837 1083 1859 ac
1097 1825 1162 1859 Eu-

263 1874 388 1910 therius
403 1873 615 1918 Thyanensis
626 1873 858 1910 attestarentur
870 1899 881 1915 ‚
895 1873 1036 1918 ideoque
1048 1873 1162 1909 Theo-

264 1926 399 1961 doretus
425 1924 638 1959 inclinaretur
670 1924 712 1960 ad
735 1924 942 1961 admittenda
974 1924 1161 1968 Synodica.

263 1973 419 2017 Septimo
433 1997 444 2012 ,
466 1974 557 2016 quod
569 1974 610 2008 ad
622 1972 691 2008 haec
702 1976 817 2010 omnia
830 1974 1058 2020 componenda
1067 1976 1163 2019 Joan-

264 2035 324 2059 nes
335 2022 526 2057 Patriarcha
537 2033 667 2067 rogaret
677 2026 750 2058 fieri
769 2026 914 2059 amicum
929 2026 1136 2066 colloquium
1150 2048 1160 2063 ‚

266 2073 449 2117 &quidem
474 2079 564 2107 extra
588 2070 833 2112 Antiochiam,
859 2073 1005 2118 itemque
1028 2072 1162 2106 exclusis

265 2124 335 2160 illis
356 2123 453 2158 novis
466 2121 636 2165 Episcopis
647 2146 658 2163 ,
684 2133 768 2165 quos
797 2122 832 2156 in
846 2122 1030 2165 Ejectorum
1044 2120 1161 2156 Cathe-

267 2176 342 2210 dras
362 2183 465 2215 nuper
490 2171 732 2204 consecraverat
745 2184 756 2203 .-
783 2171 888 2215 Qod
913 2171 984 2205 istic
997 2170 1094 2205 vellet
1105 2182 1161 2204 no-

269 2234 325 2258 vas
339 2221 434 2255 Pacis
445 2219 656 2253 conditiones
666 2229 846 2261 proponere
858 2244 866 2251 .
894 2219 1026 2254 octavo
1040 2243 1051 2259 ,
1074 2219 1163 2262 quod

271 2275 415 2318 Joannes
426 2267 615 2305 Patriarcha
626 2269 666 2302 ad
676 2268 933 2312 promovendam
945 2279 1058 2313 pacem
1071 2269 1164 2303 Prin-

271 2323 337 2366 cipi
351 2321 463 2356 denuo
487 2319 667 2363 scripserit,
695 2330 816 2365 rogans
839 2318 873 2352 &
887 2319 1024 2354 suadens
1037 2321 1164 2354 exactas

270 2375 355 2409 circa
380 2370 570 2406 Nestorium
583 2367 807 2405 Conditiones
827 2371 1000 2414 temperari
1023 2370 1057 2403 in
1075 2369 1164 2404 hunc

271 2424 410 2459 modum
435 2434 442 2453 :
472 2421 528 2456 Ut
554 2420 706 2465 exigatur
726 2419 898 2455 damnatio
920 2419 1068 2454 Persona:
1092 2445 1103 2461 ,
1130 2420 1164 2454 δε

273 2473 465 2510 Anathema
476 2471 649 2509 doarium
677 2481 744 2505 non
755 2471 951 2516 generaliter
964 2495 975 2511 ,
1002 2472 1056 2505 sed
1070 2470 1163 2505 dum-

274 2534 364 2559 taxat
390 2523 522 2557 illorum
543 2520 770 2555 Articulorum
785 2545 795 2562 ‚
822 2532 904 2565 quos
925 2521 1031 2555 aliene
1055 2530 1165 2564 praeter

278 2573 510 2618 Apostolicam
522 2571 706 2606 doetrinam
717 2571 804 2604 dixit
818 2593 828 2610 ,
856 2582 911 2604 aut
925 2571 1020 2604 sensit
1033 2596 1040 2603 .
1071 2570 1163 2605 Atta·

276 2636 353 2659 men
367 2635 437 2657 non
449 2621 684 2664 expressionem
713 2630 768 2653 aut
780 2621 1056 2663 specificationem
1067 2621 1165 2655 ullius

277 2672 442 2708 Articuli.
473 2669 578 2704 Nono
592 2693 602 2709 ,
630 2669 827 2712 quodetiam
852 2669 915 2704 hoc
935 2680 1164 2713 temperamen-

277 2734 353 2757 tum
375 2722 407 2755 &
430 2719 642 2759 Alexandro,
670 2719 703 2752 ὃς
727 2719 945 2755 Theodoreto
971 2723 1163 2756 concusserit

278 2783 385 2808 rotam
404 2771 568 2804 animam.
595 2770 685 2816 Qa
708 2781 761 2813 per
784 2769 865 2804 illud
887 2771 1026 2814 Joannes
1046 2771 1165 2813 absque

279 2821 410 2867 Iustitia
433 2821 466 2855 &
481 2818 608 2863 Judicio
623 2820 718 2853 illum
740 2817 852 2854 denuo
865 2820 1023 2862 damnat,
1049 2823 1104 2866 qui
1118 2824 1164 2856 ni-

280 2874 331 2907 hil
354 2872 504 2911 noviter,
532 2870 585 2903 seu
604 2868 695 2903 aliud
722 2868 857 2910 docuit,
884 2871 942 2904 nisi
967 2870 1057 2915 quod
1068 2872 1165 2907 docet

283 2925 353 2966 ipse
367 2948 374 2954 .
402 2918 566 2961 Decimo,
587 2919 676 2963 quod
699 2918 786 2954 istud
805 2919 994 2956 Anathema
1016 2923 1055 2956 fit
1072 2923 1166 2957 insul-

284 2974 352 3007 sum
366 2998 375 3013 ‚
403 2984 440 3005 ac
452 2971 611 3004 sufficiens
631 2980 795 3013 quemque
817 2970 972 3004 divertere
991 2971 1031 3006 ab
1052 2973 1166 3007 admit-

284 3023 402 3062 tenda,
431 3023 484 3067 seu
505 3020 733 3055 diffimulanda
753 3019 814 3055 ista
836 3020 1049 3056 damnatione
1076 3047 1087 3063 ,
1113 3022 1166 3057 ha-

285 3072 359 3106 beat
376 3082 484 3105 tamen
497 3070 622 3114 aliquid
638 3070 742 3105 solatii
755 3095 762 3101 .
789 3070 878 3117 Qia
902 3080 1016 3114 nempe
1036 3084 1106 3106 non
1120 3073 1163 3106 est

286 3123 439 3166 generale
450 3146 460 3160 ,
489 3121 540 3155 sed
555 3116 672 3155 habeat
682 3132 846 3155 annexam
866 3121 1036 3155 salutarem
1049 3133 1165 3156 utram-

287 3182 350 3214 que
365 3171 539 3204 clausulam
553 3185 564 3204 :
591 3174 671 3215 ,ραι
682 3170 773 3213 Sensa
795 3173 849 3205 vel
864 3171 947 3205 dida
961 3169 1035 3214 sunt
1055 3181 1167 3213 praeter

290 3220 475 3262 Apostolicam
502 3221 777 3268 Doc‘lrinam3Ab
798 3222 865 3255 istis
887 3220 1061 3265 synodicis
1082 3222 1165 3257 Pro—

286 3270 359 3306 cius
380 3294 390 3309 ,
418 3270 560 3313 itemque
597 3270 665 3304 istis
698 3271 783 3305 circa
807 3272 995 3306 Nestorium
1024 3273 1167 3308 articulis

290 3319 498 3356 admittendis
510 3318 746 3357 Theodoretus
765 3333 836 3358 non
847 3321 894 3359 est
915 3322 1040 3359 alienus
1052 3336 1063 3356 .·
1090 3323 1168 3359 Eos-

1291 860 1452 930 firipfit
1495 870 1575 912 Deo
1628 863 1866 931 Amiciffimo
1913 865 2129 917 Theodora-0

1301 948 1362 993 to,
1400 933 1556 1002 dirigens
1593 938 1624 982 ei
1658 940 1717 983 ἐν·
1744 942 1968 1006 proaemium
2002 944 2124 1004 Syna-

1302 1001 1468 1068 dicorum
1502 1003 1628 1053 Procli
1640 1039 1653 1053 .

1337 1125 1395 1159 On
1408 1124 1540 1167 ignorat
1551 1122 1707 1158 Sanctitas
1717 1132 1772 1159 tua
1786 1149 1798 1165 ‚
1822 1127 1902 1170 quid
1915 1129 1952 1163 sit
1965 1128 2058 1172 quod
2067 1139 2122 1164 me

1361 1172 1380 1207 a
1392 1173 1633 1208 communione
1655 1172 1863 1210 Antiocheni
1874 1177 1892 1210 a
1904 1178 2066 1222 principio
2076 1179 2124 1213 se-

1229 1221 1425 1264 questravit.
1452 1223 1520 1257 Scit
1538 1222 1802 1267 hoc&Oriens,
1827 1226 2059 1270 &Occidens,
2085 1229 2124 1263 δε

1231 1273 1428 1317 septemtrio
1453 1298 1464 1315 ,
1491 1282 1589 1316 atque
1610 1273 1769 1311 Meridies
1790 1301 1797 1309 .
1826 1275 1870 1309 Et
1890 1277 2002 1312 nullus
2034 1276 2124 1313 mihi

1230 1333 1343 1359 eorum
1355 1324 1462 1359 sermo
1478 1324 1523 1358 est
1535 1348 1548 1365 ,
1575 1326 1652 1369 quia
1661 1334 1719 1360 aut
1730 1326 1913 1370 vituperent
1923 1351 1935 1367 ,
1959 1334 2017 1363 aut
2028 1338 2125 1362 accu-

1232 1374 1301 1407 sent
1324 1384 1397 1415 me,
1424 1371 1804 1411 autmihicontumelias
1814 1377 1983 1422 ingerant.
2009 1377 2126 1412 Semo·-

1231 1423 1276 1457 vit
1291 1432 1402 1458 autem
1410 1435 1464 1459 me
1476 1435 1544 1459 non
1558 1423 1820 1461 ordinationum
1833 1427 1947 1469 turba,
1975 1438 2032 1471 per
2042 1435 2125 1471 quas

1229 1473 1336 1517 iniqui
1359 1474 1418 1509 viri
1435 1485 1695 1519 promoventur,
1719 1476 1755 1510 &
1775 1476 1842 1511 illis
1855 1478 1920 1512 Dei
1933 1487 2124 1522 proponun-

1227 1533 1279 1558 tur
1291 1523 1459 1559 Altaribus
1469 1548 1482 1565 ,
1510 1536 1579 1568 qua:
1591 1523 1632 1559 ad
1642 1524 1896 1562 Antiochenum
1907 1525 2047 1563 minime
2054 1538 2128 1572 pen-

1226 1573 1354 1614 tinent‚
1383 1574 1438 1608 sed
1459 1574 1603 1618 proditio
1624 1573 1723 1614 fidei,
1748 1576 1990 1611 &communio
2010 1579 2125 1621 Haste-

1226 1622 1303 1662 tici‚
1326 1622 1465 1667 depositi
1488 1622 1623 1667 quidem
1646 1622 1762 1668 priusa
1784 1624 1850 1660 fere
1867 1626 2019 1662 ducentis
2040 1627 2123 1671 Epi-

1226 1673 1349 1717 scopis,
1378 1673 1513 1708 cedente
1536 1673 1615 1708 vero
1638 1685 1727 1708 nunc
1739 1675 1769 1708 ei
1782 1677 2057 1711 communionem
2069 1675 2125 1719 Jo-

1224 1735 1311 1758 anne
1334 1724 1368 1757 &
1389 1723 1512 1757 Paulo.
1541 1722 1585 1757 Et
1597 1721 1684 1758 hanc
1695 1724 1916 1760 constantiam
1927 1725 2122 1761 &habuiec

1227 1773 1356 1808 habebo
1377 1773 1587 1809 confortante
1618 1783 1672 1808 me
1702 1774 1780 1809 Deo
1803 1799 1816 1815 ,
1844 1784 1881 1811 ut
1899 1776 1984 1811 nulli
2002 1786 2121 1812 eorum

1224 1822 1468 1859 communicem
1480 1847 1491 1864 ,
1517 1822 1574 1867 qui
1601 1824 1849 1860 communicant
1863 1825 1997 1871 Cyrillo
2010 1849 2023 1868 ,
2048 1837 2122 1861 non

1225 1873 1408 1909 excutienti
1432 1875 1467 1909 δε
1492 1871 1784 1910 anathematizanti
1807 1875 1843 1910 in
1865 1875 2001 1921 Scriptis
2019 1875 2124 1921 impin

1226 1925 1279 1960 sua
1302 1924 1459 1968 Capitula
1474 1948 1482 1957 .
1508 1923 1554 1959 Et
1576 1924 1600 1958 fi
1625 1923 1700 1967 hic,
1725 1925 1783 1971 qui
1795 1936 1884 1961 nunc
1895 1928 2124 1962 communicat

1225 1976 1254 2009 ei
1268 2000 1279 2016 ,
1304 1974 1431 2010 dicatur
1445 1972 1655 2017 orthodoxus
1665 1999 1677 2017 ‚
1700 1974 1736 2010 δε
1748 1977 1799 2010 vel
1812 1987 1900 2012 nunc
1912 1976 1953 2012 ab'
1962 1975 2123 2012 orthodo·

1226 2025 1275 2057 xis
1287 2024 1475 2065 ordinatus,
1503 2024 1552 2058 vel
1576 2034 1653 2059 ante
1676 2026 1948 2064 confusionem&
1965 2027 2122 2071 iniquita-

1227 2082 1315 2112 tem,
1330 2083 1401 2115 quae
1412 2073 1619 2114 Ephefifaeta
1630 2074 1677 2106 est
1690 2098 1700 2113 ‚
1720 2076 1946 2116 consecratus,
1973 2076 2040 2110 &fi
2051 2075 2122 2119 ipse

1225 2121 1337 2155 multis
1356 2119 1502 2156 millibus
1528 2120 1655 2156 vicibus
1665 2121 1918 2158 anathematizet
1936 2124 2037 2168 impia
2050 2124 2120 2168 Cy-

1226 2170 1289 2205 rilli
1314 2171 1491 2213 Capitula‚
1517 2182 1587 2205 non
1612 2170 1691 2204 vero
1722 2172 1822 2206 etiam
1840 2175 2119 2209 communionem

1226 2219 1347 2261 cyrini
1375 2219 1527 2253 confutet
1543 2231 1555 2251 .·
1582 2219 1783 2264 quicumque
1815 2221 1888 2256 talis
1917 2223 1963 2256 est
1985 2248 1998 2265 ,
2025 2234 2119 2259 meus

1227 2268 1503 2303 Communicator
1521 2269 1584 2303 esse
1608 2269 1659 2303 vel
1678 2268 1746 2305 dici
1773 2281 1842 2306 non
1864 2273 2004 2316 poterit.
2035 2273 2121 2320 Qa'r

1226 2327 1335 2353 autem
1359 2317 1496 2353 subinde
1518 2319 1685 2363 cognovi,
1711 2319 1746 2353 ὃς
1764 2330 1833 2374 quae
1843 2332 2035 2367 agnovero,
2059 2332 2119 2359 aut

1227 2379 1280 2413 per
1290 2368 1423 2403 verbum
1437 2392 1448 2408 ,
1474 2369 1553 2403 sicut
1572 2380 1683 2403 coram
1702 2369 1855 2405 Domino
1878 2371 1898 2406 a
1921 2372 2032 2416 dignis
2050 2373 2120 2408 fide

1227 2420 1322 2460 viris,
1348 2428 1404 2453 aut
1428 2429 1485 2462 per
1506 2419 1651 2460 litteras,
1679 2419 1731 2453 vel
1753 2431 1825 2464 quae
1836 2421 2029 2457 sitconfusio
2042 2434 2120 2467 prae-

1227 2469 1404 2504 dicationis
1420 2469 1454 2503 in
1480 2468 1621 2503 Ecclesia
1644 2468 2039 2515 constantinopolitana,
2065 2473 2121 2508 vel

1228 2532 1299 2564 quae
1322 2519 1424 2554 virtus
1442 2518 1562 2554 exinde
1579 2519 1752 2554 allatorum
1773 2519 2038 2564 SynodIcorum,
2065 2522 2120 2559 vel

1228 2582 1298 2614 quae
1308 2570 1474 2613 corruptio
1486 2569 1694 2612 quorundam
1718 2570 1833 2605 nostrae
1844 2571 2027 2607 Provinciae
2038 2572 2119 2616 Epi·

1229 2623 1420 2664 scoporum,
1447 2619 1505 2661 qui
1518 2618 1738 2652 Antiocheno
1762 2620 2009 2665 adjunguntur,
2035 2622 2116 2657 &in

1228 2669 1386 2704 omnibus
1397 2667 1675 2702 circumferuntur
1686 2678 1762 2702 cum
1776 2669 1947 2714 AEgyptio
1957 2695 1968 2712 ,
1981 2670 2118 2708 scribere

1229 2719 1426 2764 superfluum
1463 2718 1572 2758 duco,
1600 2728 1700 2752 unam
1725 2717 1851 2754 habens
1877 2720 2116 2762 intentionem,

1227 2780 1325 2815 quam
1343 2770 1377 2804 &
1390 2768 1497 2803 cuncti
1513 2792 1524 2808 ,
1550 2767 1607 2812 qui
1625 2778 1687 2801 nos
1708 2768 1837 2810 sciunt,
1866 2781 2054 2813 noverunt,
2073 2782 2117 2807 ut

1229 2821 1363 2856 habeam
1372 2818 1589 2854 constantiam
1603 2828 1661 2861 pro
1673 2819 1747 2853 sana
1759 2817 1823 2854 fide
1833 2844 1844 2861 ,
1870 2821 1905 2855 &
1915 2821 2041 2867 fugiam
2053 2819 2118 2856 hae·

1229 2871 1363 2907 reticam
1400 2869 1671 2904 communionem
1699 2894 1706 2902 .
1746 2868 1982 2905 Verumtamen
2003 2870 2115 2915 praedi-

1226 2924 1348 2956 &orum
1371 2917 1613 2962 Synodicorum
1625 2919 1826 2954 Prooemium
1847 2919 1990 2955 studiose
2013 2922 2114 2956 trans-

1230 2971 1353 3007 cribens
1366 2994 1376 3009 ‚
1398 2969 1518 3013 quippe
1537 2980 1572 3003 ut
1586 2969 1676 3013 quod
1699 2967 1782 3003 mihi
1803 2971 1851 3004 sat
1862 2969 1908 3004 est
1931 2971 1973 3005 ad
1994 2971 2116 3006 satisfa-

1229 3022 1368 3056 ctionem
1385 3021 1484 3053 causae
1496 3020 1674 3063 praesentis,
1702 3019 1867 3064 exemplar
1885 3020 1954 3063 ejus
1975 3031 2037 3055 tuae
2049 3021 2116 3064 Re-¹

1230 3070 1396 3118 ligiositati
1416 3071 1541 3104 direxi.
1569 3071 1702 3105 Memor
1726 3072 1814 3105 enim
1836 3072 1906 3105 sum
1930 3072 2115 3114 eteorum,

1229 3134 1298 3166 quae
1318 3120 1416 3165 paulo
1439 3119 1515 3155 ante
1535 3118 1620 3155 mihi
1644 3120 1730 3155 arua
1755 3122 1932 3156 Sanctitate
1956 3121 2118 3159 mandate

1229 3175 1324 3212 sunt,
1350 3182 1447 3214 quam
1460 3182 1496 3205 ea
1509 3170 1670 3204 testificari
1693 3182 1752 3215 pro
1774 3182 1828 3206 me
1838 3171 1997 3213 arbitror,
2023 3168 2114 3214 quod

1230 3222 1294 3257 hoc
1317 3221 1412 3256 fuerit
1436 3221 1529 3264 plane
1542 3221 1747 3265 Propositum
1771 3232 1902 3263 meum,
1927 3221 2004 3256 Deo
2019 3247 2032 3263 ‚
2053 3218 2113 3260 nisi

1232 3273 1324 3308 fallor
1346 3296 1357 3312 ‚
1384 3269 1593 3307 illuminante
1613 3280 1758 3307 mentem
1783 3283 1891 3306 meam
1914 3296 1925 3313 ,
1951 3272 2111 3313 talemque

1232 3322 1483 3361 satisfactionem
1495 3323 1705 3359 condentein
1716 3332 1752 3358 ea
1767 3345 1779 3364 ‚
1805 3331 1842 3357 ut
1852 3332 1962 3368 neque
1983 3317 2114 3377 tribula-

1990 3379 2039 3404 tio
2049 3390 2061 3408 ‚
