2320 3730
638 198 948 250 Scuorns,
990 210 1051 238 ET
1086 192 1278 238 Norls
1315 204 1709 235 ILLUSTRATAE.

1894 196 1983 252 185

237 282 364 317 Verbum
376 278 576 321 Carofaci'um
587 278 624 318 est
636 303 647 319 ‚
674 281 803 314 fuerunt
816 276 1059 314 fundamentale
1072 275 1112 309 la·
1157 274 1254 317 fimi,
1276 274 1369 316 fidem
1390 298 1401 315 ,
1427 284 1519 316 quam
1543 279 1588 305 ita
1604 273 1766 314 puiuiante
1783 281 1880 312 Beato
1900 278 2046 322 Damaso,

233 333 390 368 tibulum.

282 379 385 426 Qod
409 378 553 422 Cyrillus
576 379 735 414 Divinam
754 381 791 414 in
815 379 949 415 Christo
962 379 1113 412 Domino

231 433 380 465 naturam
413 430 559 463 docuerit
588 430 767 472 paffibilem
790 454 800 469 ,
826 427 1016 463 mutabilem
1041 451 1052 467 ,
1079 437 1114 459 ac

232 479 375 524 passam,
401 478 590 513 Alexander
608 481 744 514 credidit
764 479 825 513 esse
845 477 1054 512 manifestum
1074 488 1113 509 ex

231 529 434 564 duodecimo
456 528 612 572 Capitulo
635 543 642 562 :
672 532 704 562 si
725 534 790 571 quis
814 539 872 560 non
893 526 1042 567 confitetur
1060 527 1115 557 Dei

233 580 364 613 Verbum
370 578 531 622 secundum
542 591 658 612 carnem
665 581 776 623 pafficm
789 601 800 617 ‚
820 575 978 619 secundum
997 587 1115 609 carnem

230 629 404 671 crucifixum
426 653 437 668 ,
463 639 640 671 mortemque
657 627 820 671 ficundum
840 638 959 662 carnem
975 625 1115 669 gustasse,

233 681 269 713 (5
298 682 529 725 Primogenitum
555 680 677 713 tandem
699 689 737 711 ex
758 683 882 710 mortuis
900 677 1021 718 fac‘ium
1043 675 1093 718 effi·
1105 698 1116 714 ‚

233 738 379 771 quatenus
382 728 491 772 scilicet
503 734 569 763 vita
575 728 629 769 est,
645 729 678 764 &¹
688 727 840 768 vivificum
847 735 878 761 ut
891 731 984 767 Deus,
995 724 1119 759 anatbn

232 789 284 810 ma
287 777 327 819 fit
340 803 347 810 .
373 780 445 813 Has
453 779 688 822 propositiones
701 803 711 819 ,
740 781 821 811 Deus
833 777 869 817 est
885 779 987 820 pasJus
1000 801 1011 816 ,
1036 779 1116 808 Deus

233 827 270 868 est
280 837 433 869 mortuus,
460 828 585 863 censuit
597 828 687 862 nulla
699 828 826 862 ratione
837 827 984 861 sustineri
995 834 1050 860 aut
1067 836 1117 858 ve-

233 878 354 912 rificari
367 880 453 921 posse
463 902 476 918 ,
502 878 561 912 nifi
574 878 673 921 paffio
689 877 951 912 transcriberetur
970 878 1004 910 in
1016 876 1116 920 ipsam

232 926 458 962 Divinitatem
483 953 489 959 .
519 928 693 971 Adjeuum
714 935 1003 972 temperamentum
1029 950 1040 966 ,
1065 924 1118 964 Est

234 979 448 1021 carnepaffus,
473 977 793 1020 duxitimpertinens
812 989 849 1010 ac
859 976 1029 1011 dolosum.
1056 975 1119 1009 Di-

233 1026 378 1061 cendum
398 1027 505 1060 voluit
526 1038 603 1060 cum
615 1029 645 1060 S.
658 1027 759 1060 Petro
772 1026 956 1070 Apostolo:
987 1026 1118 1067 christus

233 1075 273 1114 el}
282 1075 479 1116 carnepaffus
493 1099 499 1106 .
527 1074 610 1109 Item
621 1077 849 1119 profeffionem
862 1100 873 1117 ,
898 1088 963 1120 qua
976 1075 1120 1118 Cyrillus

231 1124 272 1158 -in
288 1124 354 1158 suis
364 1123 479 1158 litteris
487 1125 701 1168 profitebatur
714 1127 826 1161 Deum
837 1126 969 1160 verbum
983 1127 1044 1160 esse
1062 1127 1120 1159 irn-

233 1173 428 1208 mutabilem
449 1185 487 1209 ac
508 1175 736 1219 impaffibilem
750 1201 761 1216 ,
789 1175 925 1211 credidit
945 1177 1006 1209 effi:
1027 1176 1120 1210 dolo—

236 1225 323 1258 sam:
352 1223 484 1268 Utpote
502 1235 571 1267 quae
590 1225 810 1270 intelligeret,
836 1226 927 1270 quod
953 1226 1027 1259 talis
1051 1226 1122 1268 qui-

230 1274 314 1308 dem
335 1282 412 1307 ante
437 1275 701 1309 incarnationem
723 1274 842 1316 fuerit,
869 1286 923 1319 per
949 1272 1034 1308 hanc
1044 1274 1121 1309 vero

232 1323 410 1358 mutaverit
421 1323 540 1359 statum
549 1350 557 1357 .
586 1324 741 1368 Ejusdem
752 1325 919 1359 sententia:
930 1326 993 1358 fuit
1007 1323 1121 1358 Theo-

233 1373 369 1407 doretus
380 1397 391 1413 ,
407 1373 580 1408 Eutherius
594 1398 605 1414 ,
615 1386 656 1409 ac
667 1374 774 1417 plures
783 1375 841 1409 alii
852 1375 1039 1409 Orientales
1049 1374 1122 1418 Epi·

236 1423 349 1465 scopi.
375 1421 475 1466 Apud
487 1422 601 1458 Photii
629 1422 872 1460 Bibliothecam
895 1425 997 1460 exstat
1008 1424 1124 1459 Theo-

236 1472 345 1506 doreti
356 1483 470 1507 contra
480 1470 648 1508 haereticos
664 1486 747 1518 opus
757 1476 934 1510 continens
945 1475 1068 1520 viginti
1082 1476 1123 1509 se-

237 1532 330 1566 ptem
351 1520 474 1563 libros,
501 1534 641 1567 quorum
663 1523 810 1559 decimus
830 1535 959 1568 quartus
983 1527 1018 1559 ὃς
1039 1525 1123 1559 deci-

237 1583 315 1606 mus
335 1571 443 1606 sextus
465 1573 664 1617 impugnant
683 1572 741 1608 has
763 1575 1015 1618 propositiones:
1043 1578 1123 1607 Deus

236 1620 367 1654 Verbum
378 1621 417 1661 est
427 1622 635 1663 impaffibiliter
644 1625 743 1666 paffus
753 1649 764 1664 ‚
791 1628 870 1657 Deus
879 1624 1004 1658 Verbum
1015 1623 1053 1663 est
1064 1636 1125 1656 car·

234 1670 402 1713 erepaffics.
428 1672 596 1717 integrum
615 1684 698 1716 opus
720 1674 823 1708 exstat
843 1677 926 1709 inter
938 1685 1036 1718 opera
1048 1675 1124 1708 San-

238 1720 283 1754 &i
307 1719 495 1754 Athanasii.
522 1722 605 1757 Non
625 1723 670 1756 est
692 1723 899 1759 Theodoreti
919 1749 926 1756 .
958 1725 1030 1758 Esse
1061 1725 1123 1758 Eu-

239 1769 339 1804 therii
366 1769 575 1814 Thyanensis
609 1773 763 1818 Episcopi
794 1774 946 1808 discimus
971 1775 988 1808 a
1015 1774 1126 1808 Mario

241 1819 448 1856 Mercatore.
477 1823 615 1856 Easdem
629 1833 738 1857 tamen
761 1826 993 1867 propositiones
1004 1823 1123 1856 Theo-

240 1869 375 1902 doretus
401 1873 552 1904 atrociter
590 1872 764 1917 impugnat
794 1874 828 1906 in
861 1874 924 1907 suis
955 1873 1126 1917 Dialogis.

242 1918 352 1953 Unde
362 1918 494 1962 quidam
508 1922 648 1962 volunt,
675 1923 764 1966 quod
789 1923 859 1957 illic
886 1934 940 1966 per
955 1923 1126 1957 Eranisten

241 1968 408 2012 intelligat
429 1982 496 2003 non
535 1971 756 2014 Eutychetem
782 1971 1016 2007 haerefiarcham
1035 1998 1045 2014 ,
1075 1973 1125 2006 sed

241 2018 393 2052 Sanctum
417 2019 600 2062 Cyrillum.
628 2022 732 2069 Qod
754 2032 864 2057 tamen
883 2034 947 2067 ego
959 2034 1127 2065 nunquam

239 2068 429 2102 credidero.
455 2070 628 2116 Qidquid
642 2071 700 2108 fit,
726 2073 907 2104 sermonem
922 2096 933 2111 ‚
961 2082 1058 2113 quern
1071 2071 1128 2103 sub

240 2118 382 2152 Domno
395 2117 580 2153 Patriarcha
602 2119 689 2153 dixit
698 2119 739 2154 ad
751 2119 1002 2155 Antiochenum
1023 2120 1129 2163 Popu-

239 2166 310 2201 lum
337 2191 348 2206 ,
374 2176 454 2202 tunc
484 2168 640 2203 defunsso
660 2171 778 2204 Sansto
811 2171 940 2212 Cyrillo
970 2171 1128 2204 insultans

240 2216 404 2250 conclusit
433 2230 443 2249 :
470 2217 664 2260 Requiescant
689 2219 909 2264 theopaschitae
935 2245 942 2252 .
990 2220 1129 2253 Easdem

243 2266 483 2309 propofitiones
502 2267 677 2310 postmodo
698 2269 830 2303 aversati
854 2270 926 2302 sunt
952 2270 1130 2302 Faustus&

242 2316 448 2361 Quintianus
461 2317 638 2361 Episcopi,
663 2319 784 2362 aliique
801 2320 926 2363 plures.
957 2318 1130 2353 Existima-

241 2374 319 2399 xunt
338 2366 560 2401 scandalosas:
587 2367 766 2403 Praesertim
786 2381 898 2404 coram
919 2368 1128 2402 Gentilibus.

242 2415 299 2447 Ex
319 2413 381 2448 hac
403 2414 461 2447 lite
488 2417 610 2448 emersit
632 2418 697 2449 alia
720 2419 805 2451 circa
829 2417 918 2450 hunc
937 2418 1129 2451 articulum:

242 2466 327 2495 Unus
353 2463 369 2495 ὲ
392 2466 541 2498 Trinitate
569 2464 607 2504 est
626 2467 726 2509 passus
748 2491 755 2498 .
786 2467 836 2500 Ex
860 2466 926 2499 istis
948 2466 1047 2511 igitur
1073 2467 1130 2500 im-

242 2511 458 2555 pressionibus
483 2513 672 2548 Alexander
699 2517 836 2559 scripsit:
863 2519 896 2549 si
919 2518 1044 2553 cyrillus
1063 2525 1130 2558 per-

243 2570 344 2594 manet
364 2567 397 2594 in
414 2560 477 2605 suis
491 2564 642 2604 Capitulis
661 2566 743 2597 nulla
755 2566 838 2598 nobis
846 2573 922 2606 pars
933 2577 999 2598 cum
1011 2567 1059 2599 illo
1072 2592 1079 2599 .

293 2611 482 2645 Romanam
518 2613 648 2647 Damasi
686 2614 860 2648 Pontificis
882 2637 893 2653 ,
929 2614 1128 2657 Apollinarii

243 2660 398 2695 Haeresim
420 2661 627 2702 damnantis,
656 2664 851 2706 Synodum,
877 2664 1129 2707 quamAlexan-

244 2711 301 2745 der
323 2710 377 2744 hic
390 2710 519 2752 laudat,
547 2713 656 2747 laudat
676 2714 786 2758 &ipse
796 2715 1001 2749 Damasusin
1015 2714 1128 2749 litteris

244 2760 287 2794 ad
310 2761 495 2795 orientales
508 2762 684 2806 Episcopos
695 2778 706 2797 :
731 2767 839 2798 Sciatis
851 2766 942 2798 velim
965 2776 1017 2798 nos
1023 2765 1128 2807 profa-

244 2821 317 2843 num
330 2811 413 2843 illum
426 2812 608 2853 Apollinaris
621 2817 760 2847 Haeretici
772 2814 952 2858 Discipulum
965 2839 976 2855 ,
1001 2826 1064 2848 cum
1074 2821 1127 2848 im-

240 2865 294 2903 pio
312 2858 365 2902 suo
387 2861 520 2903 dogmate
531 2864 602 2903 jam
617 2864 737 2904 pridem
755 2866 898 2908 abdicasse
911 2891 918 2898 .
947 2869 993 2899 Et
1009 2865 1043 2898 ob
1061 2876 1126 2898 eam

244 2909 365 2954 causam
387 2912 533 2945 credimus
555 2912 699 2955 reliquias
720 2916 782 2953 ejus
794 2915 1059 2957 nibilimposterum
1069 2927 1124 2948 mo-

246 2966 339 2993 menti
359 2959 515 2995 habituras
530 2986 538 2994 .
565 2963 609 2995 Et
630 2963 713 2996 infra
731 2976 738 2995 :
764 2969 868 3009 Itaque
888 2968 965 3008 quid
983 2966 1020 3005 est
1039 2991 1050 3006 ‚
1075 2977 1125 2999 cur

247 3008 461 3043 abdicationem
486 3011 630 3045 Timothei
649 3015 724 3046 time
737 3014 854 3058 rursum
865 3021 1046 3058 requiratis,
1073 3022 1124 3058 qui

243 3063 337 3091 etlam
347 3057 394 3091 hic
396 3062 509 3100 judicio
520 3062 603 3094 sedis
616 3062 776 3106 Apostolicae
788 3090 798 3105 ,
824 3069 912 3100 Petro
930 3077 1040 3110 quoque
1062 3067 1124 3099 Ale-

246 3108 388 3141 xandrtae
410 3108 551 3153 Episcopo
566 3111 737 3156 praesente,
762 3115 917 3150 abdicatus
929 3117 967 3157 est
989 3118 1049 3150 una
1061 3127 1124 3148 cum

246 3156 442 3201 Magistrosuo
464 3162 660 3202 Apollinario,
685 3170 736 3207 qui
756 3170 827 3199 item
839 3168 930 3201 indie
946 3168 1055 3209 judicii
1077 3167 1121 3198 de·

246 3206 325 3240 bitas
342 3214 447 3248 poenas
468 3211 502 3243 ὀ*
514 3208 659 3253 supplicia
674 3214 823 3258 persolvet
835 3241 842 3249 .
871 3218 914 3251 Et
937 3218 970 3251 in
984 3216 1122 3250 secunda

246 3257 288 3290 ad
310 3257 509 3293 Cledonium
531 3260 706 3296 iconiensis
728 3265 872 3300 Ecclesiae
894 3265 1121 3309 Presbyterum

244 3307 379 3349 epistola
390 3309 522 3344 sanstus
535 3310 713 3355 Gregorius
724 3313 948 3351 Nazianzenus
962 3330 973 3351 .-
999 3321 1051 3349 Ne
1072 3327 1121 3348 ⁷101

246 3356 299 3393 boc
317 3363 432 3392 nomine
441 3358 573 3403 accusent
585 3385 596 3402 ,
622 3364 701 3404 quod
708 3365 815 3402 Vitalis
829 3389 840 3406 ,
865 3370 930 3401 Viri
942 3367 1025 3401 nobis
1033 3364 1121 3408 caris-

346 3407 452 3450 Cbrist.
469 3413 549 3453 Lupi
559 3415 655 3454 Opera
669 3406 769 3446 T.Vn‘.

1173 329 1274 358 Romae
1298 322 1462 367 Episcopo,
1487 326 1597 357 litteris
1619 323 1808 366 consignatam
1829 330 1942 370 edidit,
1963 335 2049 371 prius

1177 376 1296 415 quidem
1304 374 1534 416 probaverimus
1546 398 1557 414 ,
1583 384 1660 407 nunc
1681 381 1776 407 autem
1788 379 1988 419 repudiemus,
2013 378 2051 411 de

1175 424 1230 456 bac
1241 436 1350 466 quoque
1368 436 1399 458 re
1405 433 1505 466 pauca
1516 425 1699 467 differemus.
1730 424 1875 467 Exponit
1884 425 2053 468 Apollina-

1177 474 1214 507 rii
1228 474 1405 518 dogmata,
1431 474 1648 518 illorumque,
1675 473 1792 517 quibus
1818 475 1851 508 &
1877 474 2055 510 Damasum

1177 525 1448 569 circumscripsere
1460 549 1470 565 ,
1485 525 1519 558 in
1528 524 1598 568 ipsis
1611 524 1806 569 obtegendis
1816 524 1910 558 dolos
1920 525 1952 557 &
1963 525 2056 557 vafri-

1179 574 1268 614 tiem,
1279 585 1376 618 atque
1389 575 1606 618 prosequitur:
1633 576 1726 618 ,Quod
1735 580 1825 608 etiam
1836 580 1868 607 in
1878 572 2057 616 causafiiiffe

1177 635 1252 663 reor,
1262 635 1310 656 cur
1321 623 1380 666 ipse
1392 636 1501 667 quoque
1515 623 1677 667 Damasus,
1689 636 1752 659 cum
1758 624 1855 666 postea
1866 624 1973 658 reatos
1979 622 2059 666 fuis-

1173 671 1219 714 set
1230 674 1358 712 eulodius,
1365 673 1506 716 fimulque
1518 680 1550 708 in
1558 674 1692 716 pristinis
1703 686 1750 708 eos
1762 673 1984 717 expolitionibus
1992 681 2061 715 per-

1171 721 1251 761 stare
1261 722 1406 764 audiisset,
1420 734 1463 755 eos
1475 724 1513 756 ab
1525 724 1658 765 Ecclefiae
1668 733 1741 758 coetu
1753 724 1900 758 abdicarit
1914 748 1924 764 ,
1932 723 2060 765 fideique

1178 772 1308 805 libellum
1320 783 1386 805 cum
1399 771 1643 815 anathematismo
1652 776 1804 815 deleverit,
1815 783 1876 807 tum
1887 779 1977 808 etiam
1984 773 2063 815 quod

1173 821 1316 863 fraudem
1327 823 1412 855 illam
1425 846 1435 862 ,
1462 826 1494 854 in
1507 832 1596 863 quam
1603 832 1660 864 per
1665 824 1882 867 simplicitatem
1892 825 2042 857 inciderat
2050 847 2064 863 ,

1177 871 1343 914 permoleste
1356 871 1474 915 ferret.
1502 871 1630 905 Laudat
1651 874 1730 908 duas
1751 876 1882 910 Damasi
1895 874 2064 908 Romana-s

1181 921 1354 965 Synodos:
1383 922 1502 956 Unam
1525 921 1559 954 in
1584 933 1648 965 qua-
1668 922 1843 959 oblatuma
1861 923 1972 959 Vitale
1987 922 2066 957 fidei

1182 972 1331 1006 libellum
1342 970 1498 1014 judicavit
1511 969 1764 1010 orthodoxum,
1793 974 1826 1005 &
1839 976 1945 1015 ipsum
1957 974 1991 1007 in
2005 973 2069 1007 Ca·

1183 1020 1310 1056 tholicae
1323 1021 1471 1056 Ecclesiae
1483 1022 1754 1056 communionem
1763 1021 1888 1055 admifit
1899 1022 2067 1065 Pontifex-3

1183 1073 1302 1112 aliam,
1329 1073 1364 1106 in
1385 1082 1448 1115 qua
1472 1070 1578 1114 ipsum
1601 1068 1764 1105 revocavit
1777 1069 2007 1113 adjudicium,
2031 1083 2070 1106 ac

1182 1122 1250 1165 ejus
1272 1133 1340 1156 non
1364 1121 1533 1156 dumtaxat
1544 1132 1667 1155 errores
1685 1119 1855 1155 damnavit
1868 1145 1878 1161 ,
1905 1121 1958 1154 sed
1972 1123 2072 1155 etiam

1183 1172 1310 1207 fraudes
1327 1198 1334 1205 .
1362 1172 1463 1206 Hanc
1486 1169 1658 1214 Synodum
1679 1170 1789 1205 laudat
1813 1170 1895 1204 item
1920 1170 2073 1203 Hermias

1184 1225 1387 1256 Sozomenus
1413 1235 1420 1254 :
1450 1224 1572 1254 Primus
1595 1219 1745 1263 Damasus
1769 1245 1780 1260 ‚
1806 1218 1971 1263 Episcopus
1991 1220 2075 1253 urbis

1184 1276 1285 1305 Romae
1297 1297 1307 1312 ,
1334 1273 1366 1305 (9
1378 1283 1440 1304 una
1450 1281 1513 1303 cum
1530 1272 1580 1305 illo
1591 1273 1699 1305 Petrus
1715 1272 1936 1305 Alexandrinus
1950 1269 2075 1307 Antistes

1183 1333 1246 1356 cum
1258 1321 1336 1354 banc
1347 1321 1484 1363 Haerefim
1494 1322 1586 1354 latius
1602 1321 1723 1364 serpere
1749 1322 1974 1364 intellexissent,
2000 1323 2076 1352 Con-

1183 1373 1246 1405 cilio
1269 1376 1370 1405 Romae
1393 1380 1563 1416 congregato
1584 1394 1596 1410 ,
1623 1384 1690 1405 eam
1708 1372 1746 1404 ab
1769 1371 1893 1413 Ecclefia
1921 1370 2077 1403 catholica

1186 1425 1313 1456 alienam
1338 1423 1389 1465 effe
1410 1424 1622 1456 decreverunt.
1651 1422 1887 1456 niustriffimus
1909 1432 1946 1454 ac
1959 1419 2077 1461 Erudi-

1188 1473 1323 1507 tiffimus
1346 1473 1453 1507 Lucas
1485 1472 1682 1507 Holstenius
1714 1471 1861 1516 vulgavit
1888 1470 2078 1505 Romanam

1190 1523 1319 1556 Damasi
1344 1523 1518 1565 Synodum
1532 1547 1543 1562 ,
1572 1522 1607 1555 in
1629 1522 1720 1565 cujus
1732 1522 1808 1556 fidei
1829 1523 1971 1555 Decreto
1983 1519 2080 1554 habe-

1190 1583 1261 1606 mus
1272 1573 1305 1605 &
1318 1571 1383 1606 hoc
1395 1586 1402 1605 :
1429 1574 1512 1606 Illud
1515 1572 1590 1614 sane
1600 1578 1742 1606 miramur
1754 1596 1764 1610 ,
1776 1573 1857 1613 quod
1867 1573 1990 1613 quidam
2001 1576 2079 1602 inter

1191 1622 1296 1662 nostros
1319 1624 1478 1662 dicantur,
1506 1628 1558 1663 qui
1580 1624 1646 1655 licet
1671 1625 1707 1655 de
1716 1623 1864 1653 Trinitate
1872 1626 1960 1661 piam
1973 1619 2080 1651 intelle

1185 1678 1321 1716 gentiam
1348 1673 1458 1706 habere
1484 1674 1650 1704 videantur
1662 1673 1698 1705 de
1708 1673 1898 1705 sacramento
1909 1671 2019 1702 Salutis
2032 1679 2080 1699 no-

1186 1723 1256 1764 strae
1276 1729 1446 1766 ignorantes
1464 1726 1592 1754 virtutes
1607 1745 1617 1760 ,
1640 1721 1863 1764 firipturasque
1886 1744 1896 1760 ,
1924 1720 2011 1753 reaia
2025 1729 2080 1752 non

1186 1771 1321 1815 sentiunt
1332 1798 1339 1805 .
1367 1774 1535 1816 Afferuntur
1549 1778 1627 1804 enim
1640 1773 1733 1804 dicere
1746 1776 1907 1803 Dominum
1930 1772 1962 1802 (τ’
1976 1772 1994 1802 5
1997 1771 2082 1801 alva-

1193 1832 1282 1855 torem
1293 1822 1417 1860 nostrum
1429 1833 1467 1854 ex
1480 1824 1580 1852 Maria
1595 1824 1716 1862 Virgine
1726 1820 1930 1861 imperfec‘Jum
1942 1843 1951 1858 ‚
1978 1819 2014 1850 id
2021 1818 2059 1857 est
2071 1842 2081 1856 ,

1192 1871 1248 1909 fine
1269 1869 1355 1913 sensu
1371 1868 1699 1912 Hominemsuscepiffe.
1729 1870 1811 1902 Haec
1825 1870 1928 1912 palam
1943 1867 2082 1902 tendunt

1194 1922 1226 1954 in
1239 1921 1481 1964 Apollinarium
1492 1931 1529 1953 ac
1540 1918 1687 1953 Vitalem
1699 1943 1707 1951 .
1736 1918 1913 1953 Affirmant
1938 1919 2022 1961 ipsos
2035 1919 2084 1951 di-

1193 1973 1222 2004 ci
1237 1994 1246 2009 ‚
1274 1983 1342 2004 non
1366 1971 1428 2004 esse
1449 1969 1597 2003 nostros:
1624 1969 1727 2015 Qod
1740 1969 1871 2011 Nempe
1884 1980 1938 2011 per
1952 1968 2032 2001 dolo
2046 1980 2081 2000 ac

1194 2022 1280 2053 furto
1301 2030 1462 2053 extortam
1485 2019 1503 2051 ὲ
1527 2020 1671 2052 Damaso
1691 2017 1962 2052 communionem
1975 2029 2034 2060 prae-
2052 2019 2082 2050 se

1192 2069 1337 2102 tulissent
1360 2069 1481 2102 larvam
1505 2079 1656 2102 verorum
1680 2067 1847 2102 fidelium.
1877 2068 1957 2101 Haec
1979 2068 2084 2110 Syno-

1193 2119 1277 2152 dalia
1302 2118 1384 2152 Asta
1419 2116 1540 2151 habent
1573 2117 1662 2151 hunc
1685 2118 1819 2152 titulum
1852 2143 1858 2150 .
1901 2119 2085 2159 Exemplum

1191 2169 1292 2207 synodi
1318 2193 1329 2209 ,
1355 2168 1467 2200 babitae
1505 2172 1607 2200 Romae
1635 2192 1646 2207 ,
1673 2167 1886 2211 Episcoporum
1921 2174 2084 2212 nonaginta

1192 2224 1307 2258 trium,
1333 2229 1370 2250 ex
1394 2216 1548 2259 Refhripto
1574 2219 1747 2258 ImperIali‚
1774 2224 1826 2259 qui
1845 2219 1890 2250 ad
1900 2220 2083 2251 audiendam

1192 2267 1310 2311 causam
1322 2272 1460 2300 Auxentii
1471 2291 1481 2306 ,
1496 2267 1753 2309 exponendamque
1763 2268 1853 2308 fidem
1863 2278 2078 2301 convenerunt.

1194 2317 1334 2351 Videtur
1345 2315 1452 2350 habita
1463 2328 1552 2350 anno
1574 2318 1806 2362 septuagesimo
1820 2318 1918 2352 tertio
1931 2318 2020 2352 istius
2034 2319 2083 2351 sae-

1193 2368 1277 2402 culi.
1306 2367 1409 2400 Tunc
1434 2367 1522 2400 enim
1541 2366 1655 2400 Petrus
1683 2367 1927 2402 Alexandrinus
1949 2368 2083 2412 Episco-

1195 2428 1252 2459 pus
1268 2417 1329 2449 fuit
1353 2416 1387 2449 in
1414 2415 1510 2449 urbe.
1539 2417 1656 2450 Sancto
1668 2418 1757 2451 enirn
1772 2417 1952 2452 Athanasio
1964 2419 2081 2452 succes-

1193 2467 1227 2499 fit
1239 2478 1327 2500 anno
1340 2466 1571 2509 septuagesimo
1586 2467 1747 2508 secundo,
1773 2467 1808 2500 &
1831 2468 1939 2501 statim
1953 2467 1970 2500 a
1982 2468 2078 2501 Pseu·

1192 2515 1414 2559 do-Episcopo
1436 2516 1542 2549 Lucio
1554 2539 1565 2554 ‚
1593 2528 1630 2550 ac
1642 2517 1710 2559 ejus
1724 2517 1856 2551 Arianis
1868 2518 2078 2551 intrusoribus

1192 2567 1309 2608 ejestus
1331 2590 1342 2606 ‚
1370 2565 1544 2607 appellavit
1566 2576 1604 2598 ac
1623 2566 1711 2610 fugit
1733 2568 1876 2602 Romam
1900 2592 1910 2607 ‚
1936 2568 1969 2601 δε
2002 2580 2081 2604 cum·

1192 2617 1309 2650 Sancto
1336 2615 1480 2649 Damaso
1504 2612 1676 2649 celebravit
1690 2615 1774 2651 hanc
1786 2618 1974 2660 Synodum.

1242 2665 1382 2699 Praesens
1395 2664 1541 2708 Epistola
1552 2665 1689 2699 eandem
1702 2666 1873 2710 Synodum
1893 2668 2028 2702 illustrat
2041 2668 2075 2703 in

1191 2715 1286 2749 variis
1313 2739 1324 2754 ,
1350 2726 1418 2759 quae
1444 2713 1509 2748 huc
1535 2716 1634 2759 usque
1661 2716 1885 2761 ignoravimus
1910 2743 1916 2749 .
1942 2717 2075 2759 Primo,

1190 2766 1279 2810 quod
1301 2763 1506 2799 Berrhaeenfis
1529 2764 1668 2800 Aeacius
1687 2767 1744 2810 ipsi
1766 2767 1920 2802 adfuerit.
1953 2769 2074 2802 Existi-

1190 2828 1246 2849 mo
1267 2816 1284 2848 ὲ
1308 2815 1449 2848 Meletio
1461 2814 1645 2850 patriarcha
1658 2816 1873 2852 Antiocheno
1886 2818 1978 2851 fuisse
1990 2818 2073 2861 lega-

1190 2876 1259 2899 tum
1284 2865 1325 2898 ad
1349 2866 1616 2909 componendum
1637 2865 1770 2901 schisma
1794 2867 1883 2901 istius
1906 2867 2070 2901 Ecclefiae.

1190 2913 1359 2955 Secundo,
1389 2913 1467 2959 quid
1491 2916 1563 2950 istic
1581 2927 1706 2950 morum
1731 2917 1827 2951 fuerit
1845 2917 1886 2951 de
1900 2918 2013 2950 Haeresi
2029 2917 2073 2951 A·

1190 2966 1354 3010 pollinarii
1376 2990 1383 2997 .
1412 2966 1596 3000 Damnatus
1615 2968 1702 3000 enim
1728 2967 1800 3000 istic
1821 2967 1865 3000 est
1893 2979 1960 3000 non
1984 2968 2070 3001 solus

1189 3016 1415 3059 Apollinarius
1426 3040 1436 3056 ‚
1463 3017 1515 3050 sed
1529 3017 1656 3059 insuper
1668 3016 1834 3051 Vitalisac
1847 3016 2049 3051 Timotheus
2059 3044 2066 3050 .

1188 3066 1378 3100 Generatim
1401 3077 1515 3100 omnes
1537 3066 1780 3109 Apollinaristae
1803 3091 1811 3099 .
1839 3066 1960 3101 Tertio
1978 3067 2066 3112 quod

1188 3116 1427 3160 Apollinaristae
1439 3116 1505 3149 illic
1512 3127 1566 3148 om
1573 3127 1646 3149 nem
1661 3115 1833 3151 Ecclesiam
1844 3117 2066 3151 accusaverint

1185 3165 1225 3200 de
1249 3166 1376 3200 duobus
1402 3167 1436 3199 in
1455 3165 1588 3199 Christo
1611 3166 1763 3200 Domino
1774 3167 1888 3208 Filiis,
1915 3168 2065 3212 atqueita

1184 3227 1239 3259 per
1254 3217 1432 3251 calumnias
1458 3213 1637 3249 studuerint
1663 3217 1772 3251 fucare
1793 3219 1881 3252 suam
1892 3217 2043 3252 Haeresim
2056 3242 2063 3249 .

1185 3266 1226 3300 Et
1237 3265 1301 3301 hoc
1312 3268 1356 3301 est
1367 3264 1465 3310 longe
1478 3265 1730 3300 veriffimum.Et
1743 3277 1855 3303 contra
1868 3268 1960 3302 istam
1971 3268 2064 3301 auda-

1183 3317 1266 3350 ciam
1291 3318 1423 3351 Sanetus
1449 3316 1627 3360 Gregorius
1642 3316 1870 3352 Nazianzenus
1881 3316 2063 3360 composuit

1182 3367 1324 3410 amplum
1347 3366 1438 3400 illum
1452 3389 1463 3407 ,
1488 3365 1668 3401 exstantem
1693 3368 1727 3402 in
1747 3368 1882 3404 secunda
1894 3367 1933 3402 ad
1946 3366 2066 3399 Cledo.

1580 3416 1627 3463 Q
1669 3427 1687 3463 3
1919 3416 2012 3448 nlum
