<?xml version="1.0" encoding="UTF-8"?>
<!DOCTYPE html PUBLIC "-//W3C//DTD XHTML 1.0 Transitional//EN"
    "http://www.w3.org/TR/xhtml1/DTD/xhtml1-transitional.dtd">
<html xmlns="http://www.w3.org/1999/xhtml" xml:lang="en" lang="en">
 <head>
  <title>
</title>
<meta http-equiv="Content-Type" content="text/html;charset=utf-8" />
  <meta name='ocr-system' content='tesseract 3.04.00' />
  <meta name='ocr-capabilities' content='ocr_page ocr_carea ocr_par ocr_line ocrx_word'/>
</head>
<body>
  <div class='ocr_page' id='page_1' title='image "./operaomniastudio07lupuuoft_0232.png"; bbox 0 0 2320 3730; ppageno 0'>
   <div class='ocr_carea' id='block_1_1' title="bbox 358 185 459 227">
    <p class='ocr_par' dir='ltr' id='par_1_1' title="bbox 358 185 459 227">
     <span class='ocr_line' id='line_1_1' title="bbox 358 185 459 227; baseline -0.059 0"><span class='ocrx_word' id='word_1_1' title='bbox 358 185 459 227; x_wconf 84' lang='lat'>226</span> 
     </span>
    </p>
   </div>
   <div class='ocr_carea' id='block_1_2' title="bbox 266 253 1182 452">
    <p class='ocr_par' dir='ltr' id='par_1_2' title="bbox 266 253 1182 452">
     <span class='ocr_line' id='line_1_2' title="bbox 266 253 1182 303; baseline -0.008 -11"><span class='ocrx_word' id='word_1_2' title='bbox 266 259 478 303; x_wconf 61' lang='lat' dir='ltr'>praedicant,</span> <span class='ocrx_word' id='word_1_3' title='bbox 504 255 676 301; x_wconf 79' lang='lat' dir='ltr'>respiciunt</span> <span class='ocrx_word' id='word_1_4' title='bbox 701 258 855 293; x_wconf 69' lang='lat' dir='ltr'>Sanctum</span> <span class='ocrx_word' id='word_1_5' title='bbox 884 255 1074 299; x_wconf 82' lang='lat' dir='ltr'>Cyrillum,</span> <span class='ocrx_word' id='word_1_6' title='bbox 1098 253 1182 294; x_wconf 83' lang='lat' dir='ltr'>affir-</span> 
     </span>
     <span class='ocr_line' id='line_1_3' title="bbox 287 301 1182 351; baseline -0.006 -8"><span class='ocrx_word' id='word_1_7' title='bbox 287 318 379 343; x_wconf 87' lang='lat' dir='ltr'>mant</span> <span class='ocrx_word' id='word_1_8' title='bbox 402 307 492 351; x_wconf 80' lang='lat' dir='ltr'>plura</span> <span class='ocrx_word' id='word_1_9' title='bbox 516 333 524 340; x_wconf 89' lang='lat'>.</span> <span class='ocrx_word' id='word_1_10' title='bbox 549 303 663 345; x_wconf 77' lang='lat' dir='ltr'>Primo</span> <span class='ocrx_word' id='word_1_11' title='bbox 685 307 775 351; x_wconf 89' lang='lat' dir='ltr'>quod</span> <span class='ocrx_word' id='word_1_12' title='bbox 797 317 918 349; x_wconf 87' lang='lat' dir='ltr'>nupera</span> <span class='ocrx_word' id='word_1_13' title='bbox 944 304 1012 346; x_wconf 79' lang='lat' dir='ltr'>ejus</span> <span class='ocrx_word' id='word_1_14' title='bbox 1037 301 1078 335; x_wconf 78' lang='lat' dir='ltr'>ad</span> <span class='ocrx_word' id='word_1_15' title='bbox 1105 303 1182 339; x_wconf 76' lang='lat' dir='ltr'>Bet-</span> 
     </span>
     <span class='ocr_line' id='line_1_4' title="bbox 285 350 1179 400; baseline -0.006 -9"><span class='ocrx_word' id='word_1_16' title='bbox 285 357 459 392; x_wconf 82' lang='lat' dir='ltr'>rhaeensem</span> <span class='ocrx_word' id='word_1_17' title='bbox 480 356 642 393; x_wconf 83' lang='lat' dir='ltr'>Acacium</span> <span class='ocrx_word' id='word_1_18' title='bbox 664 357 808 400; x_wconf 81' lang='lat' dir='ltr'>Epistola</span> <span class='ocrx_word' id='word_1_19' title='bbox 825 352 865 387; x_wconf 77' lang='lat' dir='ltr'>sit</span> <span class='ocrx_word' id='word_1_20' title='bbox 884 351 1011 396; x_wconf 77' lang='lat' dir='ltr'>integre</span> <span class='ocrx_word' id='word_1_21' title='bbox 1022 350 1179 387; x_wconf 88' lang='lat' dir='ltr'>orthodo-</span> 
     </span>
     <span class='ocr_line' id='line_1_5' title="bbox 281 402 1178 452; baseline -0.006 -11"><span class='ocrx_word' id='word_1_22' title='bbox 281 406 347 448; x_wconf 59' lang='grc' dir='ltr'>ξεί.</span> <span class='ocrx_word' id='word_1_23' title='bbox 372 406 544 449; x_wconf 74' lang='lat' dir='ltr'>Secundd,</span> <span class='ocrx_word' id='word_1_24' title='bbox 569 407 658 452; x_wconf 83' lang='lat' dir='ltr'>quod</span> <span class='ocrx_word' id='word_1_25' title='bbox 687 404 917 448; x_wconf 80' lang='lat' dir='ltr'>Capitulorum</span> <span class='ocrx_word' id='word_1_26' title='bbox 941 402 1116 446; x_wconf 74' lang='lat' dir='ltr'>impietas,</span> <span class='ocrx_word' id='word_1_27' title='bbox 1141 402 1178 436; x_wconf 92' lang='lat' dir='ltr'>li-</span> 
     </span>
    </p>
   </div>
   <div class='ocr_carea' id='block_1_3' title="bbox 282 451 1191 501">
    <p class='ocr_par' dir='ltr' id='par_1_3' title="bbox 282 451 1191 501">
     <span class='ocr_line' id='line_1_6' title="bbox 282 451 1191 501; baseline -0.006 -10"><span class='ocrx_word' id='word_1_28' title='bbox 282 466 333 491; x_wconf 88' lang='lat' dir='ltr'>cet</span> <span class='ocrx_word' id='word_1_29' title='bbox 345 457 491 501; x_wconf 88' lang='lat' dir='ltr'>Cyrillus</span> <span class='ocrx_word' id='word_1_30' title='bbox 502 458 670 493; x_wconf 84' lang='lat' dir='ltr'>multoties</span> <span class='ocrx_word' id='word_1_31' title='bbox 681 455 801 489; x_wconf 88' lang='lat' dir='ltr'>millies</span> <span class='ocrx_word' id='word_1_32' title='bbox 814 451 1008 498; x_wconf 81' lang='lat' dir='ltr'>protestetur</span> <span class='ocrx_word' id='word_1_33' title='bbox 1033 454 1065 485; x_wconf 89' lang='lat' dir='ltr'>se</span> <span class='ocrx_word' id='word_1_34' title='bbox 1087 452 1191 498; x_wconf 41' lang='lat' dir='ltr'>nolle,</span> 
     </span>
    </p>
   </div>
   <div class='ocr_carea' id='block_1_4' title="bbox 261 500 1174 2147">
    <p class='ocr_par' dir='ltr' id='par_1_4' title="bbox 275 500 1174 803">
     <span class='ocr_line' id='line_1_7' title="bbox 282 500 1174 552; baseline -0.007 -10"><span class='ocrx_word' id='word_1_35' title='bbox 282 506 324 542; x_wconf 68' lang='lat' dir='ltr'>ab</span> <span class='ocrx_word' id='word_1_36' title='bbox 333 508 407 552; x_wconf 86' lang='lat' dir='ltr'>ipsis</span> <span class='ocrx_word' id='word_1_37' title='bbox 419 508 603 546; x_wconf 82' lang='lat' dir='ltr'>discedere,</span> <span class='ocrx_word' id='word_1_38' title='bbox 632 517 699 546; x_wconf 85' lang='lat' dir='ltr'>non</span> <span class='ocrx_word' id='word_1_39' title='bbox 712 505 807 549; x_wconf 85' lang='lat' dir='ltr'>poffit</span> <span class='ocrx_word' id='word_1_40' title='bbox 831 503 991 547; x_wconf 70' lang='lat' dir='ltr'>praefatam</span> <span class='ocrx_word' id='word_1_41' title='bbox 1006 500 1174 537; x_wconf 86' lang='lat' dir='ltr'>Orthodo·</span> 
     </span>
     <span class='ocr_line' id='line_1_8' title="bbox 281 551 1172 598; baseline -0.006 -7"><span class='ocrx_word' id='word_1_42' title='bbox 281 558 372 593; x_wconf 84' lang='lat' dir='ltr'>xiam</span> <span class='ocrx_word' id='word_1_43' title='bbox 392 569 553 593; x_wconf 87' lang='lat' dir='ltr'>evertere.</span> <span class='ocrx_word' id='word_1_44' title='bbox 582 554 704 589; x_wconf 77' lang='lat' dir='ltr'>Tertio</span> <span class='ocrx_word' id='word_1_45' title='bbox 719 581 730 596; x_wconf 87' lang='lat'>‚</span> <span class='ocrx_word' id='word_1_46' title='bbox 757 554 845 598; x_wconf 87' lang='lat' dir='ltr'>quod</span> <span class='ocrx_word' id='word_1_47' title='bbox 868 552 935 586; x_wconf 84' lang='lat' dir='ltr'>haec</span> <span class='ocrx_word' id='word_1_48' title='bbox 957 553 1025 595; x_wconf 86' lang='lat' dir='ltr'>ipsa</span> <span class='ocrx_word' id='word_1_49' title='bbox 1049 551 1172 587; x_wconf 89' lang='lat' dir='ltr'>Ortho-</span> 
     </span>
     <span class='ocr_line' id='line_1_9' title="bbox 279 601 1173 653; baseline -0.008 -10"><span class='ocrx_word' id='word_1_50' title='bbox 279 608 379 650; x_wconf 72' lang='lat' dir='ltr'>doxia</span> <span class='ocrx_word' id='word_1_51' title='bbox 392 607 650 653; x_wconf 87' lang='lat' dir='ltr'>quibuscumque</span> <span class='ocrx_word' id='word_1_52' title='bbox 665 606 739 639; x_wconf 90' lang='lat' dir='ltr'>aliis</span> <span class='ocrx_word' id='word_1_53' title='bbox 751 615 818 638; x_wconf 89' lang='lat' dir='ltr'>non</span> <span class='ocrx_word' id='word_1_54' title='bbox 845 601 1052 637; x_wconf 85' lang='lat' dir='ltr'>obstantibus</span> <span class='ocrx_word' id='word_1_55' title='bbox 1064 627 1076 644; x_wconf 85' lang='lat'>‚</span> <span class='ocrx_word' id='word_1_56' title='bbox 1101 614 1173 638; x_wconf 90' lang='lat' dir='ltr'>om·</span> 
     </span>
     <span class='ocr_line' id='line_1_10' title="bbox 278 653 1172 695; baseline -0.009 -2"><span class='ocrx_word' id='word_1_57' title='bbox 278 659 362 693; x_wconf 82' lang='lat' dir='ltr'>nino</span> <span class='ocrx_word' id='word_1_58' title='bbox 394 659 531 695; x_wconf 86' lang='lat' dir='ltr'>sufficiat</span> <span class='ocrx_word' id='word_1_59' title='bbox 564 657 606 691; x_wconf 80' lang='lat' dir='ltr'>ad</span> <span class='ocrx_word' id='word_1_60' title='bbox 624 653 801 689; x_wconf 88' lang='lat' dir='ltr'>ineundam</span> <span class='ocrx_word' id='word_1_61' title='bbox 844 653 1118 687; x_wconf 84' lang='lat' dir='ltr'>communionem</span> <span class='ocrx_word' id='word_1_62' title='bbox 1139 654 1172 688; x_wconf 76' lang='grc' dir='ltr'>δε</span> 
     </span>
     <span class='ocr_line' id='line_1_11' title="bbox 275 699 1171 753; baseline -0.006 -9"><span class='ocrx_word' id='word_1_63' title='bbox 275 720 390 753; x_wconf 84' lang='lat' dir='ltr'>pacem</span> <span class='ocrx_word' id='word_1_64' title='bbox 402 734 409 741; x_wconf 93' lang='lat'><strong>.</strong></span> <span class='ocrx_word' id='word_1_65' title='bbox 438 708 490 741; x_wconf 83' lang='lat' dir='ltr'>Ex</span> <span class='ocrx_word' id='word_1_66' title='bbox 502 699 622 751; x_wconf 54' lang='lat' dir='ltr'>q&#39;uibus</span> <span class='ocrx_word' id='word_1_67' title='bbox 633 702 782 738; x_wconf 83' lang='lat' dir='ltr'>videmus</span> <span class='ocrx_word' id='word_1_68' title='bbox 795 702 964 738; x_wconf 85' lang='lat' dir='ltr'>Andream</span> <span class='ocrx_word' id='word_1_69' title='bbox 981 715 1049 739; x_wconf 90' lang='lat' dir='ltr'>non</span> <span class='ocrx_word' id='word_1_70' title='bbox 1062 701 1064 703; x_wconf 71' lang='grc'><strong>’</strong></span> <span class='ocrx_word' id='word_1_71' title='bbox 1077 704 1171 746; x_wconf 70' lang='lat' dir='ltr'>fuisse</span> 
     </span>
     <span class='ocr_line' id='line_1_12' title="bbox 275 756 664 803; baseline -0.018 -9"><span class='ocrx_word' id='word_1_72' title='bbox 275 759 459 803; x_wconf 78' lang='lat' dir='ltr'>malignum</span> <span class='ocrx_word' id='word_1_73' title='bbox 470 756 643 791; x_wconf 89' lang='lat' dir='ltr'>hominem</span> <span class='ocrx_word' id='word_1_74' title='bbox 656 779 664 787; x_wconf 91' lang='lat'><strong>.</strong></span> 
     </span>
    </p>

    <p class='ocr_par' dir='ltr' id='par_1_5' title="bbox 261 803 1170 2147">
     <span class='ocr_line' id='line_1_13' title="bbox 324 803 1170 855; baseline -0.002 -15"><span class='ocrx_word' id='word_1_75' title='bbox 324 805 483 840; x_wconf 85' lang='lat' dir='ltr'>Notanda</span> <span class='ocrx_word' id='word_1_76' title='bbox 502 806 576 838; x_wconf 84' lang='lat' dir='ltr'>suut</span> <span class='ocrx_word' id='word_1_77' title='bbox 592 804 626 838; x_wconf 89' lang='lat'>&amp;</span> <span class='ocrx_word' id='word_1_78' title='bbox 637 803 705 839; x_wconf 84' lang='lat' dir='ltr'>haec</span> <span class='ocrx_word' id='word_1_79' title='bbox 719 804 816 840; x_wconf 88' lang='lat' dir='ltr'>verba</span> <span class='ocrx_word' id='word_1_80' title='bbox 831 816 840 837; x_wconf 76' lang='lat'>2</span> <span class='ocrx_word' id='word_1_81' title='bbox 866 806 947 839; x_wconf 86' lang='lat' dir='ltr'>Dum</span> <span class='ocrx_word' id='word_1_82' title='bbox 957 806 1087 855; x_wconf 51' lang='lat' dir='ltr'>indign}</span> <span class='ocrx_word' id='word_1_83' title='bbox 1098 817 1170 838; x_wconf 86' lang='lat' dir='ltr'>mor-</span> 
     </span>
     <span class='ocr_line' id='line_1_14' title="bbox 274 855 1169 899; baseline 0 -9"><span class='ocrx_word' id='word_1_84' title='bbox 274 857 364 890; x_wconf 75' lang='lat' dir='ltr'>talem</span> <span class='ocrx_word' id='word_1_85' title='bbox 374 866 451 889; x_wconf 87' lang='lat' dir='ltr'>nunc</span> <span class='ocrx_word' id='word_1_86' title='bbox 467 855 640 897; x_wconf 77' lang='lat' dir='ltr'>praedicant</span> <span class='ocrx_word' id='word_1_87' title='bbox 672 866 761 896; x_wconf 84' lang='lat' dir='ltr'>eum,</span> <span class='ocrx_word' id='word_1_88' title='bbox 786 856 851 890; x_wconf 79' lang='lat' dir='ltr'>&amp;c-</span> <span class='ocrx_word' id='word_1_89' title='bbox 879 855 1078 899; x_wconf 84' lang='lat' dir='ltr'>Respiciunt</span> <span class='ocrx_word' id='word_1_90' title='bbox 1089 856 1169 890; x_wconf 91' lang='lat' dir='ltr'>duo-</span> 
     </span>
     <span class='ocr_line' id='line_1_15' title="bbox 273 904 1170 950; baseline -0.001 -9"><span class='ocrx_word' id='word_1_91' title='bbox 273 906 436 941; x_wconf 87' lang='lat' dir='ltr'>decimum</span> <span class='ocrx_word' id='word_1_92' title='bbox 458 904 566 941; x_wconf 69' lang='lat' dir='ltr'>Sancti</span> <span class='ocrx_word' id='word_1_93' title='bbox 590 905 711 949; x_wconf 85' lang='lat' dir='ltr'>Cyrilli</span> <span class='ocrx_word' id='word_1_94' title='bbox 737 905 930 950; x_wconf 84' lang='lat' dir='ltr'>Capitulum</span> <span class='ocrx_word' id='word_1_95' title='bbox 945 930 956 946; x_wconf 96' lang='lat'>‚</span> <span class='ocrx_word' id='word_1_96' title='bbox 982 905 1017 939; x_wconf 77' lang='grc' dir='ltr'>δε</span> <span class='ocrx_word' id='word_1_97' title='bbox 1045 906 1079 940; x_wconf 92' lang='lat' dir='ltr'>in</span> <span class='ocrx_word' id='word_1_98' title='bbox 1099 907 1170 950; x_wconf 89' lang='lat' dir='ltr'>ipso</span> 
     </span>
     <span class='ocr_line' id='line_1_16' title="bbox 272 954 1170 1008; baseline 0 -19"><span class='ocrx_word' id='word_1_99' title='bbox 272 956 443 998; x_wconf 67' lang='lat' dir='ltr'>fundatam</span> <span class='ocrx_word' id='word_1_100' title='bbox 467 955 560 999; x_wconf 79' lang='lat' dir='ltr'>litem</span> <span class='ocrx_word' id='word_1_101' title='bbox 589 955 631 990; x_wconf 85' lang='lat' dir='ltr'>de</span> <span class='ocrx_word' id='word_1_102' title='bbox 660 954 722 990; x_wconf 83' lang='lat' dir='ltr'>hac</span> <span class='ocrx_word' id='word_1_103' title='bbox 745 956 969 1008; x_wconf 65' lang='lat' dir='ltr'>propositione</span> <span class='ocrx_word' id='word_1_104' title='bbox 993 968 1001 998; x_wconf 83' lang='grc'>;</span> <span class='ocrx_word' id='word_1_105' title='bbox 1029 961 1110 999; x_wconf 79' lang='lat' dir='ltr'>Deus</span> <span class='ocrx_word' id='word_1_106' title='bbox 1132 955 1170 996; x_wconf 82' lang='lat' dir='ltr'>est</span> 
     </span>
     <span class='ocr_line' id='line_1_17' title="bbox 265 1005 1170 1050; baseline 0.002 -12"><span class='ocrx_word' id='word_1_107' title='bbox 265 1007 367 1049; x_wconf 74' lang='lat' dir='ltr'>passus</span> <span class='ocrx_word' id='word_1_108' title='bbox 380 1030 390 1046; x_wconf 94' lang='lat'>,</span> <span class='ocrx_word' id='word_1_109' title='bbox 416 1015 548 1040; x_wconf 80' lang='lat' dir='ltr'>mortuus</span> <span class='ocrx_word' id='word_1_110' title='bbox 562 1031 572 1048; x_wconf 93' lang='lat'>‚</span> <span class='ocrx_word' id='word_1_111' title='bbox 594 1005 748 1049; x_wconf 84' lang='lat' dir='ltr'>sepultus.</span> <span class='ocrx_word' id='word_1_112' title='bbox 779 1007 864 1042; x_wconf 89' lang='lat' dir='ltr'>Eam</span> <span class='ocrx_word' id='word_1_113' title='bbox 881 1005 1050 1050; x_wconf 86' lang='lat' dir='ltr'>Ephesinae</span> <span class='ocrx_word' id='word_1_114' title='bbox 1065 1007 1170 1049; x_wconf 90' lang='lat' dir='ltr'>Syno-</span> 
     </span>
     <span class='ocr_line' id='line_1_18' title="bbox 268 1054 1167 1101; baseline 0 -12"><span class='ocrx_word' id='word_1_115' title='bbox 268 1054 304 1090; x_wconf 85' lang='lat' dir='ltr'>di</span> <span class='ocrx_word' id='word_1_116' title='bbox 330 1055 441 1091; x_wconf 83' lang='lat' dir='ltr'>Patres</span> <span class='ocrx_word' id='word_1_117' title='bbox 462 1055 700 1101; x_wconf 87' lang='lat' dir='ltr'>Acceptatores</span> <span class='ocrx_word' id='word_1_118' title='bbox 710 1056 949 1099; x_wconf 76' lang='lat' dir='ltr'>profitebantur</span> <span class='ocrx_word' id='word_1_119' title='bbox 963 1066 1057 1090; x_wconf 84' lang='lat' dir='ltr'>tanto</span> <span class='ocrx_word' id='word_1_120' title='bbox 1072 1055 1144 1089; x_wconf 89' lang='lat' dir='ltr'>zelo</span> <span class='ocrx_word' id='word_1_121' title='bbox 1157 1079 1167 1096; x_wconf 92' lang='lat'>‚</span> 
     </span>
     <span class='ocr_line' id='line_1_19' title="bbox 267 1104 1168 1150; baseline -0.002 -11"><span class='ocrx_word' id='word_1_122' title='bbox 267 1115 306 1143; x_wconf 80' lang='lat' dir='ltr'>ut</span> <span class='ocrx_word' id='word_1_123' title='bbox 325 1117 460 1150; x_wconf 89' lang='lat' dir='ltr'>omnem</span> <span class='ocrx_word' id='word_1_124' title='bbox 482 1107 541 1149; x_wconf 75' lang='lat' dir='ltr'>fibi</span> <span class='ocrx_word' id='word_1_125' title='bbox 571 1116 640 1139; x_wconf 89' lang='lat' dir='ltr'>non</span> <span class='ocrx_word' id='word_1_126' title='bbox 668 1107 933 1141; x_wconf 77' lang='lat' dir='ltr'>consentientem</span> <span class='ocrx_word' id='word_1_127' title='bbox 955 1104 1168 1145; x_wconf 71' lang='lat' dir='ltr'>asseverarent</span> 
     </span>
     <span class='ocr_line' id='line_1_20' title="bbox 268 1154 1169 1200; baseline 0 -12"><span class='ocrx_word' id='word_1_128' title='bbox 268 1154 407 1199; x_wconf 87' lang='lat' dir='ltr'>impium</span> <span class='ocrx_word' id='word_1_129' title='bbox 418 1155 609 1189; x_wconf 85' lang='lat' dir='ltr'>Dominicae</span> <span class='ocrx_word' id='word_1_130' title='bbox 620 1155 862 1196; x_wconf 85' lang='lat' dir='ltr'>Incarnationis</span> <span class='ocrx_word' id='word_1_131' title='bbox 879 1164 1070 1200; x_wconf 85' lang='lat' dir='ltr'>negatorem</span> <span class='ocrx_word' id='word_1_132' title='bbox 1081 1178 1094 1196; x_wconf 91' lang='lat'>‚</span> <span class='ocrx_word' id='word_1_133' title='bbox 1121 1154 1169 1189; x_wconf 89' lang='lat' dir='ltr'>di-</span> 
     </span>
     <span class='ocr_line' id='line_1_21' title="bbox 268 1203 1168 1251; baseline 0 -12"><span class='ocrx_word' id='word_1_134' title='bbox 268 1217 374 1251; x_wconf 85' lang='lat' dir='ltr'>gnum</span> <span class='ocrx_word' id='word_1_135' title='bbox 396 1205 511 1240; x_wconf 87' lang='lat' dir='ltr'>multis</span> <span class='ocrx_word' id='word_1_136' title='bbox 534 1203 683 1239; x_wconf 87' lang='lat' dir='ltr'>millibus</span> <span class='ocrx_word' id='word_1_137' title='bbox 695 1207 874 1240; x_wconf 90' lang='lat' dir='ltr'>mortium:</span> <span class='ocrx_word' id='word_1_138' title='bbox 902 1204 1117 1240; x_wconf 85' lang='lat' dir='ltr'>Manifestum</span> <span class='ocrx_word' id='word_1_139' title='bbox 1129 1216 1168 1239; x_wconf 91' lang='lat' dir='ltr'>ac</span> 
     </span>
     <span class='ocr_line' id='line_1_22' title="bbox 267 1254 1167 1301; baseline -0.002 -10"><span class='ocrx_word' id='word_1_140' title='bbox 267 1256 444 1301; x_wconf 75' lang='lat' dir='ltr'>professum</span> <span class='ocrx_word' id='word_1_141' title='bbox 475 1254 732 1292; x_wconf 88' lang='lat' dir='ltr'>Nestorianum.</span> <span class='ocrx_word' id='word_1_142' title='bbox 761 1257 804 1290; x_wconf 90' lang='lat' dir='ltr'>Et</span> <span class='ocrx_word' id='word_1_143' title='bbox 830 1255 986 1300; x_wconf 85' lang='lat' dir='ltr'>Episcopi</span> <span class='ocrx_word' id='word_1_144' title='bbox 1008 1281 1020 1297; x_wconf 97' lang='lat'>,</span> <span class='ocrx_word' id='word_1_145' title='bbox 1051 1267 1089 1294; x_wconf 79' lang='lat' dir='ltr'>ac</span> <span class='ocrx_word' id='word_1_146' title='bbox 1111 1255 1167 1290; x_wconf 89' lang='lat' dir='ltr'>alii</span> 
     </span>
     <span class='ocr_line' id='line_1_23' title="bbox 270 1304 1167 1352; baseline -0.002 -11"><span class='ocrx_word' id='word_1_147' title='bbox 270 1306 434 1348; x_wconf 69' lang='lat' dir='ltr'>Doctores</span> <span class='ocrx_word' id='word_1_148' title='bbox 461 1304 602 1352; x_wconf 83' lang='lat' dir='ltr'>eandem</span> <span class='ocrx_word' id='word_1_149' title='bbox 630 1306 886 1350; x_wconf 71' lang='lat' dir='ltr'>propositionem</span> <span class='ocrx_word' id='word_1_150' title='bbox 912 1330 924 1348; x_wconf 89' lang='lat'>‚</span> <span class='ocrx_word' id='word_1_151' title='bbox 959 1305 1167 1349; x_wconf 86' lang='lat' dir='ltr'>eundemque</span> 
     </span>
     <span class='ocr_line' id='line_1_24' title="bbox 266 1355 1166 1401; baseline -0.001 -11"><span class='ocrx_word' id='word_1_152' title='bbox 266 1357 378 1401; x_wconf 78' lang='lat' dir='ltr'>zelum</span> <span class='ocrx_word' id='word_1_153' title='bbox 405 1355 638 1401; x_wconf 81' lang='lat' dir='ltr'>imprimebant</span> <span class='ocrx_word' id='word_1_154' title='bbox 660 1356 724 1390; x_wconf 85' lang='lat' dir='ltr'>suis</span> <span class='ocrx_word' id='word_1_155' title='bbox 748 1356 902 1401; x_wconf 89' lang='lat' dir='ltr'>Populis.</span> <span class='ocrx_word' id='word_1_156' title='bbox 937 1355 1033 1390; x_wconf 89' lang='lat' dir='ltr'>Hinc</span> <span class='ocrx_word' id='word_1_157' title='bbox 1044 1356 1086 1391; x_wconf 89' lang='lat' dir='ltr'>ab</span> <span class='ocrx_word' id='word_1_158' title='bbox 1099 1356 1166 1390; x_wconf 82' lang='lat' dir='ltr'>An-</span> 
     </span>
     <span class='ocr_line' id='line_1_25' title="bbox 266 1406 1165 1450; baseline -0.001 -9"><span class='ocrx_word' id='word_1_159' title='bbox 266 1406 345 1442; x_wconf 84' lang='lat' dir='ltr'>drea</span> <span class='ocrx_word' id='word_1_160' title='bbox 373 1406 589 1442; x_wconf 88' lang='lat' dir='ltr'>Samosatensi</span> <span class='ocrx_word' id='word_1_161' title='bbox 616 1406 771 1442; x_wconf 90' lang='lat' dir='ltr'>dicuntur</span> <span class='ocrx_word' id='word_1_162' title='bbox 796 1408 881 1450; x_wconf 78' lang='lat' dir='ltr'>ipsos</span> <span class='ocrx_word' id='word_1_163' title='bbox 922 1407 1071 1441; x_wconf 74' lang='lat' dir='ltr'>incitasse</span> <span class='ocrx_word' id='word_1_164' title='bbox 1090 1431 1102 1447; x_wconf 89' lang='lat'>,</span> <span class='ocrx_word' id='word_1_165' title='bbox 1128 1417 1165 1440; x_wconf 90' lang='lat' dir='ltr'>ac</span> 
     </span>
     <span class='ocr_line' id='line_1_26' title="bbox 264 1455 1164 1503; baseline 0.001 -14"><span class='ocrx_word' id='word_1_166' title='bbox 264 1457 440 1500; x_wconf 79' lang='lat' dir='ltr'>exercuisse</span> <span class='ocrx_word' id='word_1_167' title='bbox 451 1469 520 1491; x_wconf 90' lang='lat' dir='ltr'>non</span> <span class='ocrx_word' id='word_1_168' title='bbox 534 1456 744 1491; x_wconf 76' lang='lat' dir='ltr'>solummodo</span> <span class='ocrx_word' id='word_1_169' title='bbox 762 1458 803 1496; x_wconf 88' lang='lat' dir='ltr'>ad</span> <span class='ocrx_word' id='word_1_170' title='bbox 823 1455 1082 1503; x_wconf 75' lang='lat' dir='ltr'>blasphemiam,</span> <span class='ocrx_word' id='word_1_171' title='bbox 1111 1456 1164 1490; x_wconf 91' lang='lat' dir='ltr'>sed</span> 
     </span>
     <span class='ocr_line' id='line_1_27' title="bbox 263 1504 1163 1551; baseline 0 -12"><span class='ocrx_word' id='word_1_172' title='bbox 263 1504 397 1551; x_wconf 84' lang='lat' dir='ltr'>insuper</span> <span class='ocrx_word' id='word_1_173' title='bbox 404 1506 446 1541; x_wconf 90' lang='lat' dir='ltr'>ad</span> <span class='ocrx_word' id='word_1_174' title='bbox 457 1516 592 1540; x_wconf 90' lang='lat' dir='ltr'>omnem</span> <span class='ocrx_word' id='word_1_175' title='bbox 607 1506 849 1550; x_wconf 86' lang='lat' dir='ltr'>impudentiam</span> <span class='ocrx_word' id='word_1_176' title='bbox 861 1516 959 1550; x_wconf 87' lang='lat' dir='ltr'>atque</span> <span class='ocrx_word' id='word_1_177' title='bbox 985 1505 1145 1541; x_wconf 88' lang='lat' dir='ltr'>malitiam</span> <span class='ocrx_word' id='word_1_178' title='bbox 1156 1531 1163 1539; x_wconf 91' lang='lat'><strong>.</strong></span> 
     </span>
     <span class='ocr_line' id='line_1_28' title="bbox 264 1555 1164 1599; baseline -0.001 -9"><span class='ocrx_word' id='word_1_179' title='bbox 264 1555 397 1599; x_wconf 75' lang='lat' dir='ltr'>Nempe</span> <span class='ocrx_word' id='word_1_180' title='bbox 411 1556 559 1591; x_wconf 84' lang='lat' dir='ltr'>Andreas</span> <span class='ocrx_word' id='word_1_181' title='bbox 575 1582 585 1598; x_wconf 90' lang='lat'>,</span> <span class='ocrx_word' id='word_1_182' title='bbox 609 1556 658 1590; x_wconf 89' lang='lat' dir='ltr'>uti</span> <span class='ocrx_word' id='word_1_183' title='bbox 682 1558 716 1591; x_wconf 73' lang='grc' dir='ltr'>ὅ(</span> <span class='ocrx_word' id='word_1_184' title='bbox 741 1566 818 1591; x_wconf 90' lang='lat' dir='ltr'>cum</span> <span class='ocrx_word' id='word_1_185' title='bbox 829 1556 942 1592; x_wconf 86' lang='lat' dir='ltr'>multis</span> <span class='ocrx_word' id='word_1_186' title='bbox 954 1556 1028 1593; x_wconf 84' lang='lat' dir='ltr'>aliis</span> <span class='ocrx_word' id='word_1_187' title='bbox 1048 1555 1164 1590; x_wconf 80' lang='lat' dir='ltr'>Theo-</span> 
     </span>
     <span class='ocr_line' id='line_1_29' title="bbox 263 1606 1164 1651; baseline -0.001 -10"><span class='ocrx_word' id='word_1_188' title='bbox 263 1606 400 1642; x_wconf 80' lang='lat' dir='ltr'>doretus</span> <span class='ocrx_word' id='word_1_189' title='bbox 413 1630 424 1647; x_wconf 90' lang='lat'>‚</span> <span class='ocrx_word' id='word_1_190' title='bbox 452 1607 576 1649; x_wconf 83' lang='lat' dir='ltr'>semper</span> <span class='ocrx_word' id='word_1_191' title='bbox 587 1607 714 1641; x_wconf 90' lang='lat' dir='ltr'>censuit</span> <span class='ocrx_word' id='word_1_192' title='bbox 729 1607 986 1651; x_wconf 78' lang='lat' dir='ltr'>propositionem</span> <span class='ocrx_word' id='word_1_193' title='bbox 999 1607 1090 1647; x_wconf 84' lang='lat' dir='ltr'>illam</span> <span class='ocrx_word' id='word_1_194' title='bbox 1101 1606 1164 1640; x_wconf 82' lang='lat' dir='ltr'>effe</span> 
     </span>
     <span class='ocr_line' id='line_1_30' title="bbox 265 1655 1164 1701; baseline -0.001 -10"><span class='ocrx_word' id='word_1_195' title='bbox 265 1656 408 1698; x_wconf 75' lang='lat' dir='ltr'>omnino</span> <span class='ocrx_word' id='word_1_196' title='bbox 429 1655 669 1699; x_wconf 78' lang='lat' dir='ltr'>blasphemam.</span> <span class='ocrx_word' id='word_1_197' title='bbox 702 1655 777 1691; x_wconf 91' lang='lat' dir='ltr'>Nec</span> <span class='ocrx_word' id='word_1_198' title='bbox 800 1657 871 1691; x_wconf 91' lang='lat' dir='ltr'>ullo</span> <span class='ocrx_word' id='word_1_199' title='bbox 888 1658 990 1692; x_wconf 86' lang='lat' dir='ltr'>modo</span> <span class='ocrx_word' id='word_1_200' title='bbox 1011 1658 1098 1701; x_wconf 77' lang='lat' dir='ltr'>posse</span> <span class='ocrx_word' id='word_1_201' title='bbox 1112 1667 1164 1690; x_wconf 91' lang='lat' dir='ltr'>ve-</span> 
     </span>
     <span class='ocr_line' id='line_1_31' title="bbox 261 1706 1166 1751; baseline 0 -11"><span class='ocrx_word' id='word_1_202' title='bbox 261 1707 405 1749; x_wconf 77' lang='lat' dir='ltr'>rificari,</span> <span class='ocrx_word' id='word_1_203' title='bbox 433 1707 492 1740; x_wconf 89' lang='lat' dir='ltr'>nisi</span> <span class='ocrx_word' id='word_1_204' title='bbox 515 1706 676 1750; x_wconf 85' lang='lat' dir='ltr'>peripsius</span> <span class='ocrx_word' id='word_1_205' title='bbox 698 1706 834 1747; x_wconf 79' lang='lat' dir='ltr'>Divinae</span> <span class='ocrx_word' id='word_1_206' title='bbox 845 1715 966 1747; x_wconf 85' lang='lat' dir='ltr'>naturae</span> <span class='ocrx_word' id='word_1_207' title='bbox 978 1706 1166 1751; x_wconf 80' lang='lat' dir='ltr'>pafflbilita-</span> 
     </span>
     <span class='ocr_line' id='line_1_32' title="bbox 264 1755 1166 1801; baseline -0.003 -9"><span class='ocrx_word' id='word_1_208' title='bbox 264 1767 332 1792; x_wconf 87' lang='lat' dir='ltr'>tem</span> <span class='ocrx_word' id='word_1_209' title='bbox 344 1769 382 1792; x_wconf 89' lang='lat' dir='ltr'>ac</span> <span class='ocrx_word' id='word_1_210' title='bbox 391 1755 593 1800; x_wconf 75' lang='lat' dir='ltr'>passionem.</span> <span class='ocrx_word' id='word_1_211' title='bbox 623 1755 666 1789; x_wconf 88' lang='lat' dir='ltr'>Et</span> <span class='ocrx_word' id='word_1_212' title='bbox 679 1755 714 1790; x_wconf 87' lang='lat' dir='ltr'>in</span> <span class='ocrx_word' id='word_1_213' title='bbox 729 1767 836 1792; x_wconf 85' lang='lat' dir='ltr'>errore</span> <span class='ocrx_word' id='word_1_214' title='bbox 859 1757 1041 1801; x_wconf 80' lang='lat' dir='ltr'>persistebat</span> <span class='ocrx_word' id='word_1_215' title='bbox 1060 1757 1166 1790; x_wconf 88' lang='lat' dir='ltr'>duris-</span> 
     </span>
     <span class='ocr_line' id='line_1_33' title="bbox 263 1800 1165 1849; baseline -0.001 -8"><span class='ocrx_word' id='word_1_216' title='bbox 263 1808 382 1848; x_wconf 71' lang='lat' dir='ltr'>simus.</span> <span class='ocrx_word' id='word_1_217' title='bbox 409 1806 504 1840; x_wconf 88' lang='lat' dir='ltr'>Hinc</span> <span class='ocrx_word' id='word_1_218' title='bbox 529 1800 729 1847; x_wconf 67' lang='lat' dir='ltr'>lanfentatur</span> <span class='ocrx_word' id='word_1_219' title='bbox 752 1807 858 1849; x_wconf 90' lang='lat' dir='ltr'>plures</span> <span class='ocrx_word' id='word_1_220' title='bbox 869 1809 931 1840; x_wconf 83' lang='lat' dir='ltr'>suae</span> <span class='ocrx_word' id='word_1_221' title='bbox 944 1806 1115 1849; x_wconf 73' lang='lat' dir='ltr'>opinionis</span> <span class='ocrx_word' id='word_1_222' title='bbox 1127 1818 1165 1840; x_wconf 88' lang='lat' dir='ltr'>ac</span> 
     </span>
     <span class='ocr_line' id='line_1_34' title="bbox 264 1855 1165 1900; baseline -0.002 -9"><span class='ocrx_word' id='word_1_223' title='bbox 264 1856 417 1900; x_wconf 58' lang='lat' dir='ltr'>fafiionis</span> <span class='ocrx_word' id='word_1_224' title='bbox 445 1855 552 1890; x_wconf 86' lang='lat' dir='ltr'>socios</span> <span class='ocrx_word' id='word_1_225' title='bbox 572 1879 584 1895; x_wconf 91' lang='lat'>‚</span> <span class='ocrx_word' id='word_1_226' title='bbox 623 1855 678 1898; x_wconf 88' lang='lat' dir='ltr'>qui</span> <span class='ocrx_word' id='word_1_227' title='bbox 703 1855 798 1889; x_wconf 87' lang='lat' dir='ltr'>istam</span> <span class='ocrx_word' id='word_1_228' title='bbox 823 1855 1080 1899; x_wconf 75' lang='lat' dir='ltr'>propositionem</span> <span class='ocrx_word' id='word_1_229' title='bbox 1106 1867 1165 1889; x_wconf 86' lang='lat' dir='ltr'>nec</span> 
     </span>
     <span class='ocr_line' id='line_1_35' title="bbox 266 1904 1166 1949; baseline -0.003 -7"><span class='ocrx_word' id='word_1_230' title='bbox 266 1906 381 1942; x_wconf 75' lang='lat' dir='ltr'>audire</span> <span class='ocrx_word' id='word_1_231' title='bbox 391 1904 606 1945; x_wconf 83' lang='lat' dir='ltr'>sustinebant,</span> <span class='ocrx_word' id='word_1_232' title='bbox 618 1905 792 1940; x_wconf 91' lang='lat' dir='ltr'>incondito</span> <span class='ocrx_word' id='word_1_233' title='bbox 805 1907 892 1949; x_wconf 83' lang='lat' dir='ltr'>pacis</span> <span class='ocrx_word' id='word_1_234' title='bbox 902 1906 934 1940; x_wconf 71' lang='grc' dir='ltr'>ὃ(</span> <span class='ocrx_word' id='word_1_235' title='bbox 947 1906 1066 1949; x_wconf 85' lang='lat' dir='ltr'>quietis</span> <span class='ocrx_word' id='word_1_236' title='bbox 1076 1917 1166 1939; x_wconf 88' lang='lat' dir='ltr'>amo-</span> 
     </span>
     <span class='ocr_line' id='line_1_36' title="bbox 264 1956 1166 2000; baseline -0.003 -9"><span class='ocrx_word' id='word_1_237' title='bbox 264 1967 300 1993; x_wconf 77' lang='lat' dir='ltr'>re</span> <span class='ocrx_word' id='word_1_238' title='bbox 323 1957 389 1999; x_wconf 70' lang='lat' dir='ltr'>jam</span> <span class='ocrx_word' id='word_1_239' title='bbox 412 1956 588 1991; x_wconf 83' lang='lat' dir='ltr'>declinasse</span> <span class='ocrx_word' id='word_1_240' title='bbox 613 1979 624 1994; x_wconf 93' lang='lat'>,</span> <span class='ocrx_word' id='word_1_241' title='bbox 650 1957 752 1989; x_wconf 70' lang='lat' dir='ltr'>fastos</span> <span class='ocrx_word' id='word_1_242' title='bbox 777 1956 840 1989; x_wconf 75' lang='lat' dir='ltr'>esse</span> <span class='ocrx_word' id='word_1_243' title='bbox 863 1958 976 2000; x_wconf 86' lang='lat' dir='ltr'>segnes</span> <span class='ocrx_word' id='word_1_244' title='bbox 997 1957 1030 1990; x_wconf 74' lang='grc' dir='ltr'>δε</span> <span class='ocrx_word' id='word_1_245' title='bbox 1052 1957 1166 1990; x_wconf 88' lang='lat' dir='ltr'>incon·</span> 
     </span>
     <span class='ocr_line' id='line_1_37' title="bbox 267 2004 1165 2052; baseline -0.001 -12"><span class='ocrx_word' id='word_1_246' title='bbox 267 2016 369 2052; x_wconf 84' lang='lat' dir='ltr'>gruos</span> <span class='ocrx_word' id='word_1_247' title='bbox 383 2029 394 2044; x_wconf 92' lang='lat'>‚</span> <span class='ocrx_word' id='word_1_248' title='bbox 419 2014 518 2048; x_wconf 90' lang='lat' dir='ltr'>atque</span> <span class='ocrx_word' id='word_1_249' title='bbox 531 2014 704 2049; x_wconf 77' lang='lat' dir='ltr'>curvatos,</span> <span class='ocrx_word' id='word_1_250' title='bbox 731 2004 807 2047; x_wconf 68' lang='lat' dir='ltr'>licet</span> <span class='ocrx_word' id='word_1_251' title='bbox 816 2016 883 2039; x_wconf 90' lang='lat' dir='ltr'>non</span> <span class='ocrx_word' id='word_1_252' title='bbox 905 2006 944 2039; x_wconf 93' lang='lat' dir='ltr'>ad</span> <span class='ocrx_word' id='word_1_253' title='bbox 958 2006 1061 2049; x_wconf 84' lang='lat' dir='ltr'>ipsam</span> <span class='ocrx_word' id='word_1_254' title='bbox 1077 2017 1165 2045; x_wconf 84' lang='lat' dir='ltr'>com-</span> 
     </span>
     <span class='ocr_line' id='line_1_38' title="bbox 266 2053 1165 2105; baseline -0.004 -15"><span class='ocrx_word' id='word_1_255' title='bbox 266 2053 494 2105; x_wconf 77' lang='lat' dir='ltr'>probandam,</span> <span class='ocrx_word' id='word_1_256' title='bbox 520 2064 628 2089; x_wconf 79' lang='lat' dir='ltr'>tamen</span> <span class='ocrx_word' id='word_1_257' title='bbox 650 2054 691 2088; x_wconf 86' lang='lat' dir='ltr'>ad</span> <span class='ocrx_word' id='word_1_258' title='bbox 714 2053 902 2093; x_wconf 77' lang='lat' dir='ltr'>cessandum</span> <span class='ocrx_word' id='word_1_259' title='bbox 930 2054 975 2087; x_wconf 87' lang='lat' dir='ltr'>ab</span> <span class='ocrx_word' id='word_1_260' title='bbox 998 2054 1066 2097; x_wconf 81' lang='lat' dir='ltr'>ejus</span> <span class='ocrx_word' id='word_1_261' title='bbox 1091 2065 1165 2087; x_wconf 88' lang='lat' dir='ltr'>ana-</span> 
     </span>
     <span class='ocr_line' id='line_1_39' title="bbox 272 2104 442 2147; baseline -0.006 -7"><span class='ocrx_word' id='word_1_262' title='bbox 272 2104 442 2147; x_wconf 76' lang='lat' dir='ltr'>themate.</span> 
     </span>
    </p>
   </div>
   <div class='ocr_carea' id='block_1_5' title="bbox 437 2302 1164 2366">
    <p class='ocr_par' dir='ltr' id='par_1_6' title="bbox 437 2302 1164 2366">
     <span class='ocr_line' id='line_1_40' title="bbox 437 2302 1164 2366; baseline 0 -14"><span class='ocrx_word' id='word_1_263' title='bbox 437 2309 478 2352; x_wconf 88' lang='lat' dir='ltr'>C</span> <span class='ocrx_word' id='word_1_264' title='bbox 493 2309 536 2351; x_wconf 91' lang='lat' dir='ltr'><strong>A</strong></span> <span class='ocrx_word' id='word_1_265' title='bbox 552 2303 642 2351; x_wconf 82' lang='lat' dir='ltr'>Pu</span> <span class='ocrx_word' id='word_1_266' title='bbox 657 2302 698 2350; x_wconf 90' lang='lat' dir='ltr'>T</span> <span class='ocrx_word' id='word_1_267' title='bbox 735 2305 985 2351; x_wconf 89' lang='lat' dir='ltr'>LXXXIII.</span> <span class='ocrx_word' id='word_1_268' title='bbox 1022 2321 1086 2351; x_wconf 81' lang='lat'>-1</span> <span class='ocrx_word' id='word_1_269' title='bbox 1099 2319 1164 2366; x_wconf 92' lang='lat'>72</span> 
     </span>
    </p>
   </div>
   <div class='ocr_carea' id='block_1_6' title="bbox 278 2440 1169 2721">
    <p class='ocr_par' dir='ltr' id='par_1_7' title="bbox 278 2440 1169 2721">
     <span class='ocr_line' id='line_1_41' title="bbox 278 2440 1169 2517; baseline -0.001 -24"><span class='ocrx_word' id='word_1_270' title='bbox 278 2444 446 2517; x_wconf 77' lang='lat' dir='ltr'>Epistola</span> <span class='ocrx_word' id='word_1_271' title='bbox 474 2445 607 2491; x_wconf 79' lang='lat' dir='ltr'>Aeacii</span> <span class='ocrx_word' id='word_1_272' title='bbox 630 2440 807 2512; x_wconf 78' lang='lat' dir='ltr'>Epifiopi</span> <span class='ocrx_word' id='word_1_273' title='bbox 847 2442 1095 2509; x_wconf 76' lang='lat' dir='ltr'>Melitinensts</span> <span class='ocrx_word' id='word_1_274' title='bbox 1118 2443 1169 2492; x_wconf 77' lang='lat' dir='ltr'>ad</span> 
     </span>
     <span class='ocr_line' id='line_1_42' title="bbox 340 2512 1103 2648; baseline -0.01 -13"><span class='ocrx_word' id='word_1_275' title='bbox 340 2512 1103 2648; x_wconf 51' lang='lat' dir='ltr'><em>jhpsps</em></span> 
     </span>
     <span class='ocr_line' id='line_1_43' title="bbox 448 2600 1031 2721; baseline -0.007 -18"><span class='ocrx_word' id='word_1_276' title='bbox 448 2611 460 2632; x_wconf 80' lang='lat'><em>&#39;</em></span> <span class='ocrx_word' id='word_1_277' title='bbox 470 2605 543 2702; x_wconf 46' lang='lat'>&#39;5²9³</span> <span class='ocrx_word' id='word_1_278' title='bbox 550 2600 1031 2721; x_wconf 42' lang='lat' dir='ltr'>gientz‘lses‘zpiftosssum</span> 
     </span>
    </p>
   </div>
   <div class='ocr_carea' id='block_1_7' title="bbox 603 2721 819 2788">
    <p class='ocr_par' dir='ltr' id='par_1_8' title="bbox 603 2721 819 2788">
     <span class='ocr_line' id='line_1_44' title="bbox 603 2721 819 2788; baseline -0.005 0"><span class='ocrx_word' id='word_1_279' title='bbox 603 2721 723 2788; x_wconf 54' lang='lat' dir='ltr'>fam</span> <span class='ocrx_word' id='word_1_280' title='bbox 738 2722 786 2787; x_wconf 69' lang='lat' dir='ltr'>est</span> <span class='ocrx_word' id='word_1_281' title='bbox 805 2759 819 2772; x_wconf 79' lang='lat'><em>-</em></span> 
     </span>
    </p>
   </div>
   <div class='ocr_carea' id='block_1_8' title="bbox 287 2841 1174 3196">
    <p class='ocr_par' dir='ltr' id='par_1_9' title="bbox 287 2841 1174 3196">
     <span class='ocr_line' id='line_1_45' title="bbox 287 2841 1173 2912; baseline -0.008 -14"><span class='ocrx_word' id='word_1_282' title='bbox 287 2849 416 2902; x_wconf 82' lang='lat' dir='ltr'>Hanc</span> <span class='ocrx_word' id='word_1_283' title='bbox 429 2844 536 2896; x_wconf 72' lang='lat' dir='ltr'>vero</span> <span class='ocrx_word' id='word_1_284' title='bbox 563 2860 643 2912; x_wconf 90' lang='lat' dir='ltr'>pro</span> <span class='ocrx_word' id='word_1_285' title='bbox 656 2841 955 2908; x_wconf 85' lang='lat' dir='ltr'>Dogmatibus</span> <span class='ocrx_word' id='word_1_286' title='bbox 970 2842 1055 2892; x_wconf 87' lang='lat' dir='ltr'>suis</span> <span class='ocrx_word' id='word_1_287' title='bbox 1068 2860 1173 2911; x_wconf 89' lang='lat' dir='ltr'>pro-</span> 
     </span>
     <span class='ocr_line' id='line_1_46' title="bbox 357 2911 1173 2968; baseline -0.009 0"><span class='ocrx_word' id='word_1_288' title='bbox 357 2918 505 2968; x_wconf 86' lang='lat' dir='ltr'>ferunt</span> <span class='ocrx_word' id='word_1_289' title='bbox 529 2919 764 2964; x_wconf 67' lang='lat' dir='ltr'>Seritatores</span> <span class='ocrx_word' id='word_1_290' title='bbox 794 2911 997 2961; x_wconf 87' lang='lat' dir='ltr'>Dioscori</span> <span class='ocrx_word' id='word_1_291' title='bbox 1024 2919 1067 2963; x_wconf 87' lang='lat'>&amp;</span> <span class='ocrx_word' id='word_1_292' title='bbox 1086 2918 1173 2962; x_wconf 91' lang='lat' dir='ltr'>Eu-</span> 
     </span>
     <span class='ocr_line' id='line_1_47' title="bbox 358 2983 1173 3058; baseline -0.007 -20"><span class='ocrx_word' id='word_1_293' title='bbox 358 2989 507 3058; x_wconf 88' lang='lat' dir='ltr'>tychis</span> <span class='ocrx_word' id='word_1_294' title='bbox 551 3001 706 3037; x_wconf 84' lang='lat' dir='ltr'>contra</span> <span class='ocrx_word' id='word_1_295' title='bbox 744 2983 1005 3037; x_wconf 80' lang='lat' dir='ltr'>Catholicos</span> <span class='ocrx_word' id='word_1_296' title='bbox 1031 3004 1042 3032; x_wconf 91' lang='lat'>:</span> <span class='ocrx_word' id='word_1_297' title='bbox 1079 2983 1173 3035; x_wconf 89' lang='lat' dir='ltr'>Ubi</span> 
     </span>
     <span class='ocr_line' id='line_1_48' title="bbox 360 3052 1174 3123; baseline -0.01 -16"><span class='ocrx_word' id='word_1_298' title='bbox 360 3064 403 3115; x_wconf 73' lang='grc' dir='ltr'>δε</span> <span class='ocrx_word' id='word_1_299' title='bbox 418 3056 584 3107; x_wconf 86' lang='lat' dir='ltr'>addunt</span> <span class='ocrx_word' id='word_1_300' title='bbox 599 3052 780 3123; x_wconf 88' lang='lat' dir='ltr'>aliquod</span> <span class='ocrx_word' id='word_1_301' title='bbox 792 3070 953 3103; x_wconf 87' lang='lat' dir='ltr'>nomen</span> <span class='ocrx_word' id='word_1_302' title='bbox 967 3052 1174 3102; x_wconf 78' lang='lat' dir='ltr'>Theodo...</span> 
     </span>
     <span class='ocr_line' id='line_1_49' title="bbox 365 3124 930 3196; baseline -0.014 -16"><span class='ocrx_word' id='word_1_303' title='bbox 365 3131 401 3180; x_wconf 77' lang='lat' dir='ltr'>ri</span> <span class='ocrx_word' id='word_1_304' title='bbox 421 3127 622 3196; x_wconf 88' lang='lat' dir='ltr'>Episcopi</span> <span class='ocrx_word' id='word_1_305' title='bbox 634 3124 903 3194; x_wconf 75' lang='lat' dir='ltr'>Mopsuestiae</span> <span class='ocrx_word' id='word_1_306' title='bbox 917 3159 930 3171; x_wconf 86' lang='lat'><strong>.</strong></span> 
     </span>
    </p>
   </div>
   <div class='ocr_carea' id='block_1_9' title="bbox 395 3243 1178 3390">
    <p class='ocr_par' dir='ltr' id='par_1_10' title="bbox 395 3243 1178 3390">
     <span class='ocr_line' id='line_1_50' title="bbox 395 3243 1178 3291; baseline -0.005 -11"><span class='ocrx_word' id='word_1_307' title='bbox 395 3246 548 3281; x_wconf 87' lang='lat' dir='ltr'>Uoniam</span> <span class='ocrx_word' id='word_1_308' title='bbox 560 3245 681 3284; x_wconf 87' lang='lat' dir='ltr'>didici,</span> <span class='ocrx_word' id='word_1_309' title='bbox 705 3247 794 3291; x_wconf 88' lang='lat' dir='ltr'>quod</span> <span class='ocrx_word' id='word_1_310' title='bbox 807 3257 862 3290; x_wconf 88' lang='lat' dir='ltr'>per</span> <span class='ocrx_word' id='word_1_311' title='bbox 879 3243 1015 3290; x_wconf 85' lang='lat' dir='ltr'>gratiam</span> <span class='ocrx_word' id='word_1_312' title='bbox 1026 3243 1091 3278; x_wconf 90' lang='lat' dir='ltr'>Dei</span> <span class='ocrx_word' id='word_1_313' title='bbox 1104 3254 1178 3287; x_wconf 70' lang='lat' dir='ltr'>prae-</span> 
     </span>
     <span class='ocr_line' id='line_1_51' title="bbox 423 3296 1176 3340; baseline 0.003 -14"><span class='ocrx_word' id='word_1_314' title='bbox 423 3296 559 3330; x_wconf 85' lang='lat' dir='ltr'>valueris</span> <span class='ocrx_word' id='word_1_315' title='bbox 581 3296 784 3331; x_wconf 86' lang='lat' dir='ltr'>orationibus</span> <span class='ocrx_word' id='word_1_316' title='bbox 804 3296 903 3332; x_wconf 85' lang='lat' dir='ltr'>etiam</span> <span class='ocrx_word' id='word_1_317' title='bbox 926 3304 1037 3340; x_wconf 59' lang='lat' dir='ltr'>praeter</span> <span class='ocrx_word' id='word_1_318' title='bbox 1048 3296 1176 3338; x_wconf 82' lang='lat' dir='ltr'>praesen-</span> 
     </span>
     <span class='ocr_line' id='line_1_52' title="bbox 451 3342 1177 3390; baseline 0.004 -13"><span class='ocrx_word' id='word_1_319' title='bbox 451 3346 532 3385; x_wconf 73' lang='lat' dir='ltr'>tiam</span> <span class='ocrx_word' id='word_1_320' title='bbox 543 3345 742 3390; x_wconf 77' lang='lat' dir='ltr'>corporalem</span> <span class='ocrx_word' id='word_1_321' title='bbox 754 3342 782 3390; x_wconf 55' lang='lat' dir='ltr'>,f</span> <span class='ocrx_word' id='word_1_322' title='bbox 792 3356 829 3381; x_wconf 90' lang='lat' dir='ltr'>ut</span> <span class='ocrx_word' id='word_1_323' title='bbox 845 3346 880 3385; x_wconf 84' lang='lat' dir='ltr'>in</span> <span class='ocrx_word' id='word_1_324' title='bbox 894 3345 1046 3385; x_wconf 80' lang='lat' dir='ltr'>Ecclesiis</span> <span class='ocrx_word' id='word_1_325' title='bbox 1062 3345 1177 3382; x_wconf 78' lang='lat' dir='ltr'>statue-</span> 
     </span>
    </p>
   </div>
   <div class='ocr_carea' id='block_1_10' title="bbox 702 171 1697 231">
    <p class='ocr_par' dir='ltr' id='par_1_11' title="bbox 702 171 1697 231">
     <span class='ocr_line' id='line_1_53' title="bbox 702 171 1697 231; baseline -0.003 -10"><span class='ocrx_word' id='word_1_326' title='bbox 702 175 1042 221; x_wconf 67' lang='lat' dir='ltr'>VARIORUM</span> <span class='ocrx_word' id='word_1_327' title='bbox 1077 172 1334 223; x_wconf 62' lang='lat' dir='ltr'>‚Pa-raum</span> <span class='ocrx_word' id='word_1_328' title='bbox 1369 171 1697 231; x_wconf 66' lang='lat' dir='ltr'>EPISffQLAE,</span> 
     </span>
    </p>
   </div>
   <div class='ocr_carea' id='block_1_11' title="bbox 1229 252 2120 1844">
    <p class='ocr_par' dir='ltr' id='par_1_12' title="bbox 1229 252 2120 1844">
     <span class='ocr_line' id='line_1_54' title="bbox 1237 252 2120 298; baseline 0.005 -11"><span class='ocrx_word' id='word_1_329' title='bbox 1237 262 1324 287; x_wconf 86' lang='lat' dir='ltr'>retur</span> <span class='ocrx_word' id='word_1_330' title='bbox 1336 276 1347 293; x_wconf 92' lang='lat'>,</span> <span class='ocrx_word' id='word_1_331' title='bbox 1373 253 1464 296; x_wconf 88' lang='lat' dir='ltr'>quod</span> <span class='ocrx_word' id='word_1_332' title='bbox 1487 254 1521 287; x_wconf 86' lang='lat' dir='ltr'>in</span> <span class='ocrx_word' id='word_1_333' title='bbox 1533 254 1642 291; x_wconf 83' lang='lat' dir='ltr'>studio</span> <span class='ocrx_word' id='word_1_334' title='bbox 1657 257 1722 291; x_wconf 81' lang='lat' dir='ltr'>fuit</span> <span class='ocrx_word' id='word_1_335' title='bbox 1733 280 1746 298; x_wconf 88' lang='lat'>,</span> <span class='ocrx_word' id='word_1_336' title='bbox 1767 257 1803 295; x_wconf 72' lang='grc' dir='ltr'>δε</span> <span class='ocrx_word' id='word_1_337' title='bbox 1814 256 1926 293; x_wconf 68' lang='lat' dir='ltr'>littere</span> <span class='ocrx_word' id='word_1_338' title='bbox 1937 257 2014 292; x_wconf 87' lang='lat' dir='ltr'>Deo</span> <span class='ocrx_word' id='word_1_339' title='bbox 2026 252 2120 291; x_wconf 85' lang='lat' dir='ltr'>Ami·</span> 
     </span>
     <span class='ocr_line' id='line_1_55' title="bbox 1236 302 2119 351; baseline 0.003 -15"><span class='ocrx_word' id='word_1_340' title='bbox 1236 303 1351 339; x_wconf 86' lang='lat' dir='ltr'>ciffimi</span> <span class='ocrx_word' id='word_1_341' title='bbox 1373 302 1586 337; x_wconf 88' lang='lat' dir='ltr'>&amp;Amatoris</span> <span class='ocrx_word' id='word_1_342' title='bbox 1607 304 1729 339; x_wconf 85' lang='lat' dir='ltr'>Christi</span> <span class='ocrx_word' id='word_1_343' title='bbox 1740 308 1945 351; x_wconf 85' lang='lat' dir='ltr'>Imperatoris</span> <span class='ocrx_word' id='word_1_344' title='bbox 1969 305 2119 341; x_wconf 83' lang='lat' dir='ltr'>venerint</span> 
     </span>
     <span class='ocr_line' id='line_1_56' title="bbox 1236 352 2120 396; baseline 0.002 -9"><span class='ocrx_word' id='word_1_345' title='bbox 1236 353 1277 388; x_wconf 90' lang='lat' dir='ltr'>ad</span> <span class='ocrx_word' id='word_1_346' title='bbox 1298 352 1518 393; x_wconf 70' lang='lat' dir='ltr'>Clarissimum</span> <span class='ocrx_word' id='word_1_347' title='bbox 1534 377 1544 393; x_wconf 93' lang='lat'>,</span> <span class='ocrx_word' id='word_1_348' title='bbox 1571 354 1605 386; x_wconf 90' lang='lat'>&amp;</span> <span class='ocrx_word' id='word_1_349' title='bbox 1617 364 1673 396; x_wconf 85' lang='lat' dir='ltr'>per</span> <span class='ocrx_word' id='word_1_350' title='bbox 1691 356 1806 390; x_wconf 86' lang='lat' dir='ltr'>omnia</span> <span class='ocrx_word' id='word_1_351' title='bbox 1825 355 2000 392; x_wconf 83' lang='lat' dir='ltr'>habentem</span> <span class='ocrx_word' id='word_1_352' title='bbox 2022 356 2120 390; x_wconf 90' lang='lat' dir='ltr'>virtu-</span> 
     </span>
     <span class='ocr_line' id='line_1_57' title="bbox 1235 402 2119 449; baseline 0.002 -12"><span class='ocrx_word' id='word_1_353' title='bbox 1235 413 1302 445; x_wconf 84' lang='lat' dir='ltr'>tem</span> <span class='ocrx_word' id='word_1_354' title='bbox 1324 403 1446 439; x_wconf 84' lang='lat' dir='ltr'>mentis</span> <span class='ocrx_word' id='word_1_355' title='bbox 1485 402 1681 438; x_wconf 85' lang='lat' dir='ltr'>Tribunum</span> <span class='ocrx_word' id='word_1_356' title='bbox 1705 403 1907 439; x_wconf 84' lang='lat' dir='ltr'>Aristolaum</span> <span class='ocrx_word' id='word_1_357' title='bbox 1925 430 1937 447; x_wconf 89' lang='lat'>,</span> <span class='ocrx_word' id='word_1_358' title='bbox 1971 405 2119 449; x_wconf 80' lang='lat' dir='ltr'>jubentes</span> 
     </span>
     <span class='ocr_line' id='line_1_58' title="bbox 1236 453 2119 499; baseline 0.005 -12"><span class='ocrx_word' id='word_1_359' title='bbox 1236 463 1272 487; x_wconf 90' lang='lat' dir='ltr'>ut</span> <span class='ocrx_word' id='word_1_360' title='bbox 1298 464 1566 497; x_wconf 88' lang='lat' dir='ltr'>unumquemque</span> <span class='ocrx_word' id='word_1_361' title='bbox 1590 453 1832 498; x_wconf 88' lang='lat' dir='ltr'>Episcoporum</span> <span class='ocrx_word' id='word_1_362' title='bbox 1852 457 2061 499; x_wconf 85' lang='lat' dir='ltr'>compelleret</span> <span class='ocrx_word' id='word_1_363' title='bbox 2083 457 2119 491; x_wconf 87' lang='lat' dir='ltr'>in</span> 
     </span>
     <span class='ocr_line' id='line_1_59' title="bbox 1236 502 2120 548; baseline 0.005 -11"><span class='ocrx_word' id='word_1_364' title='bbox 1236 505 1291 538; x_wconf 90' lang='lat' dir='ltr'>sua</span> <span class='ocrx_word' id='word_1_365' title='bbox 1309 503 1453 538; x_wconf 83' lang='lat' dir='ltr'>Ecclesia</span> <span class='ocrx_word' id='word_1_366' title='bbox 1479 502 1756 539; x_wconf 87' lang='lat' dir='ltr'>anathematizare</span> <span class='ocrx_word' id='word_1_367' title='bbox 1770 503 1897 548; x_wconf 84' lang='lat' dir='ltr'>polluta</span> <span class='ocrx_word' id='word_1_368' title='bbox 1908 504 2052 540; x_wconf 85' lang='lat' dir='ltr'>Nestorii</span> <span class='ocrx_word' id='word_1_369' title='bbox 2072 516 2120 542; x_wconf 84' lang='lat' dir='ltr'>at-</span> 
     </span>
     <span class='ocr_line' id='line_1_60' title="bbox 1234 553 2117 601; baseline 0.003 -14"><span class='ocrx_word' id='word_1_370' title='bbox 1234 564 1299 597; x_wconf 90' lang='lat' dir='ltr'>que</span> <span class='ocrx_word' id='word_1_371' title='bbox 1310 553 1486 595; x_wconf 84' lang='lat' dir='ltr'>Theodori</span> <span class='ocrx_word' id='word_1_372' title='bbox 1498 555 1666 598; x_wconf 86' lang='lat' dir='ltr'>Dogmata</span> <span class='ocrx_word' id='word_1_373' title='bbox 1678 555 1856 598; x_wconf 84' lang='lat' dir='ltr'>impietatis</span> <span class='ocrx_word' id='word_1_374' title='bbox 1867 577 1878 594; x_wconf 87' lang='lat'>,</span> <span class='ocrx_word' id='word_1_375' title='bbox 1887 555 2007 600; x_wconf 86' lang='lat' dir='ltr'>gratias</span> <span class='ocrx_word' id='word_1_376' title='bbox 2018 566 2117 601; x_wconf 87' lang='lat' dir='ltr'>agens</span> 
     </span>
     <span class='ocr_line' id='line_1_61' title="bbox 1234 603 2117 649; baseline 0.005 -12"><span class='ocrx_word' id='word_1_377' title='bbox 1234 603 1439 643; x_wconf 78' lang='lat' dir='ltr'>Honorabili</span> <span class='ocrx_word' id='word_1_378' title='bbox 1462 603 1676 640; x_wconf 91' lang='lat' dir='ltr'>Dominatori</span> <span class='ocrx_word' id='word_1_379' title='bbox 1695 606 1772 639; x_wconf 85' lang='lat' dir='ltr'>Deo</span> <span class='ocrx_word' id='word_1_380' title='bbox 1791 630 1803 646; x_wconf 92' lang='lat'>‚</span> <span class='ocrx_word' id='word_1_381' title='bbox 1839 605 1875 639; x_wconf 76' lang='grc' dir='ltr'>δε</span> <span class='ocrx_word' id='word_1_382' title='bbox 1896 603 2038 638; x_wconf 71' lang='lat' dir='ltr'>multum</span> <span class='ocrx_word' id='word_1_383' title='bbox 2057 617 2117 649; x_wconf 78' lang='lat' dir='ltr'>pto</span> 
     </span>
     <span class='ocr_line' id='line_1_62' title="bbox 1233 653 2118 700; baseline 0.002 -13"><span class='ocrx_word' id='word_1_384' title='bbox 1233 654 1339 688; x_wconf 88' lang='lat' dir='ltr'>vestro</span> <span class='ocrx_word' id='word_1_385' title='bbox 1355 655 1466 690; x_wconf 86' lang='lat' dir='ltr'>studio</span> <span class='ocrx_word' id='word_1_386' title='bbox 1482 666 1596 696; x_wconf 71' lang='lat' dir='ltr'>oram,</span> <span class='ocrx_word' id='word_1_387' title='bbox 1629 654 1735 689; x_wconf 87' lang='lat' dir='ltr'>scribo</span> <span class='ocrx_word' id='word_1_388' title='bbox 1748 666 1807 699; x_wconf 88' lang='lat' dir='ltr'>pro</span> <span class='ocrx_word' id='word_1_389' title='bbox 1818 653 1976 694; x_wconf 82' lang='lat' dir='ltr'>omnibus</span> <span class='ocrx_word' id='word_1_390' title='bbox 1986 655 2118 700; x_wconf 82' lang='lat' dir='ltr'>quidem</span> 
     </span>
     <span class='ocr_line' id='line_1_63' title="bbox 1232 705 2116 750; baseline 0.003 -13"><span class='ocrx_word' id='word_1_391' title='bbox 1232 705 1372 739; x_wconf 89' lang='lat' dir='ltr'>salutans</span> <span class='ocrx_word' id='word_1_392' title='bbox 1410 705 1642 746; x_wconf 76' lang='lat' dir='ltr'>Reverentiam</span> <span class='ocrx_word' id='word_1_393' title='bbox 1676 716 1767 740; x_wconf 88' lang='lat' dir='ltr'>tuam</span> <span class='ocrx_word' id='word_1_394' title='bbox 1788 731 1800 746; x_wconf 89' lang='lat'>,</span> <span class='ocrx_word' id='word_1_395' title='bbox 1835 707 1867 740; x_wconf 70' lang='grc' dir='ltr'>ὅ(</span> <span class='ocrx_word' id='word_1_396' title='bbox 1893 716 1977 750; x_wconf 90' lang='lat' dir='ltr'>rogo</span> <span class='ocrx_word' id='word_1_397' title='bbox 2008 705 2116 740; x_wconf 87' lang='lat' dir='ltr'>zelum</span> 
     </span>
     <span class='ocr_line' id='line_1_64' title="bbox 1233 755 2116 798; baseline 0.002 -10"><span class='ocrx_word' id='word_1_398' title='bbox 1233 765 1326 788; x_wconf 89' lang='lat' dir='ltr'>tuum</span> <span class='ocrx_word' id='word_1_399' title='bbox 1340 779 1351 796; x_wconf 92' lang='lat'>,</span> <span class='ocrx_word' id='word_1_400' title='bbox 1379 756 1436 798; x_wconf 86' lang='lat' dir='ltr'>qui</span> <span class='ocrx_word' id='word_1_401' title='bbox 1448 755 1623 791; x_wconf 75' lang='lat' dir='ltr'>secundnm</span> <span class='ocrx_word' id='word_1_402' title='bbox 1634 756 1746 791; x_wconf 90' lang='lat' dir='ltr'>Deum</span> <span class='ocrx_word' id='word_1_403' title='bbox 1769 756 1837 798; x_wconf 88' lang='lat' dir='ltr'>est,</span> <span class='ocrx_word' id='word_1_404' title='bbox 1862 765 1899 790; x_wconf 89' lang='lat' dir='ltr'>ut</span> <span class='ocrx_word' id='word_1_405' title='bbox 1923 768 1981 798; x_wconf 89' lang='lat' dir='ltr'>pro</span> <span class='ocrx_word' id='word_1_406' title='bbox 1992 756 2116 790; x_wconf 66' lang='lat' dir='ltr'>cunetis</span> 
     </span>
     <span class='ocr_line' id='line_1_65' title="bbox 1232 803 2116 852; baseline 0.001 -14"><span class='ocrx_word' id='word_1_407' title='bbox 1232 803 1363 848; x_wconf 88' lang='lat' dir='ltr'>quidem</span> <span class='ocrx_word' id='word_1_408' title='bbox 1374 806 1538 847; x_wconf 88' lang='lat' dir='ltr'>aequaliter</span> <span class='ocrx_word' id='word_1_409' title='bbox 1551 806 1702 841; x_wconf 88' lang='lat' dir='ltr'>Ecclefiis</span> <span class='ocrx_word' id='word_1_410' title='bbox 1712 807 1837 852; x_wconf 88' lang='lat' dir='ltr'>cogites</span> <span class='ocrx_word' id='word_1_411' title='bbox 1846 832 1855 847; x_wconf 89' lang='lat'><em>‚</em></span> <span class='ocrx_word' id='word_1_412' title='bbox 1884 806 1918 840; x_wconf 77' lang='grc' dir='ltr'>ἀ</span> <span class='ocrx_word' id='word_1_413' title='bbox 1931 817 1991 839; x_wconf 90' lang='lat' dir='ltr'>nec</span> <span class='ocrx_word' id='word_1_414' title='bbox 2003 816 2116 847; x_wconf 87' lang='lat' dir='ltr'>quam-</span> 
     </span>
     <span class='ocr_line' id='line_1_66' title="bbox 1232 854 2116 900; baseline 0.001 -12"><span class='ocrx_word' id='word_1_415' title='bbox 1232 854 1311 889; x_wconf 91' lang='lat' dir='ltr'>libet</span> <span class='ocrx_word' id='word_1_416' title='bbox 1330 855 1505 890; x_wconf 83' lang='lat' dir='ltr'>Ecclesiam</span> <span class='ocrx_word' id='word_1_417' title='bbox 1515 855 1740 900; x_wconf 85' lang='lat' dir='ltr'>despicias,sed</span> <span class='ocrx_word' id='word_1_418' title='bbox 1752 866 1808 891; x_wconf 91' lang='lat' dir='ltr'>aut</span> <span class='ocrx_word' id='word_1_419' title='bbox 1821 867 1874 900; x_wconf 89' lang='lat' dir='ltr'>per</span> <span class='ocrx_word' id='word_1_420' title='bbox 1883 856 2018 890; x_wconf 86' lang='lat' dir='ltr'>vestram</span> <span class='ocrx_word' id='word_1_421' title='bbox 2032 854 2116 899; x_wconf 88' lang='lat' dir='ltr'>ipso·</span> 
     </span>
     <span class='ocr_line' id='line_1_67' title="bbox 1231 904 2117 949; baseline 0.001 -11"><span class='ocrx_word' id='word_1_422' title='bbox 1231 915 1302 939; x_wconf 89' lang='lat' dir='ltr'>rum</span> <span class='ocrx_word' id='word_1_423' title='bbox 1318 904 1516 948; x_wconf 71' lang='lat' dir='ltr'>praesentiam</span> <span class='ocrx_word' id='word_1_424' title='bbox 1528 930 1539 947; x_wconf 93' lang='lat'>,</span> <span class='ocrx_word' id='word_1_425' title='bbox 1565 917 1621 944; x_wconf 85' lang='lat' dir='ltr'>aut</span> <span class='ocrx_word' id='word_1_426' title='bbox 1634 905 1762 944; x_wconf 67' lang='lat' dir='ltr'>direstis</span> <span class='ocrx_word' id='word_1_427' title='bbox 1783 906 1946 949; x_wconf 83' lang='lat' dir='ltr'>aliquibus</span> <span class='ocrx_word' id='word_1_428' title='bbox 1958 916 2034 943; x_wconf 88' lang='lat' dir='ltr'>cum</span> <span class='ocrx_word' id='word_1_429' title='bbox 2047 904 2117 943; x_wconf 72' lang='lat' dir='ltr'>Ad-</span> 
     </span>
     <span class='ocr_line' id='line_1_68' title="bbox 1232 954 2118 997; baseline 0.001 -8"><span class='ocrx_word' id='word_1_430' title='bbox 1232 955 1466 990; x_wconf 84' lang='lat' dir='ltr'>mirandiffimo</span> <span class='ocrx_word' id='word_1_431' title='bbox 1488 956 1520 990; x_wconf 78' lang='grc' dir='ltr'>δι</span> <span class='ocrx_word' id='word_1_432' title='bbox 1543 956 1729 991; x_wconf 82' lang='lat' dir='ltr'>Clariffimo</span> <span class='ocrx_word' id='word_1_433' title='bbox 1750 956 1907 991; x_wconf 89' lang='lat' dir='ltr'>Tribuno</span> <span class='ocrx_word' id='word_1_434' title='bbox 1926 979 1938 997; x_wconf 87' lang='lat'>,</span> <span class='ocrx_word' id='word_1_435' title='bbox 1964 954 2118 994; x_wconf 77' lang='lat' dir='ltr'>fidelibus</span> 
     </span>
     <span class='ocr_line' id='line_1_69' title="bbox 1231 1005 2117 1054; baseline 0 -14"><span class='ocrx_word' id='word_1_436' title='bbox 1231 1016 1329 1048; x_wconf 79' lang='lat' dir='ltr'>atque</span> <span class='ocrx_word' id='word_1_437' title='bbox 1342 1005 1522 1044; x_wconf 80' lang='lat' dir='ltr'>zelantibus</span> <span class='ocrx_word' id='word_1_438' title='bbox 1546 1006 1623 1041; x_wconf 87' lang='lat' dir='ltr'>viris</span> <span class='ocrx_word' id='word_1_439' title='bbox 1633 1018 1673 1041; x_wconf 82' lang='lat' dir='ltr'>ex</span> <span class='ocrx_word' id='word_1_440' title='bbox 1696 1006 1759 1041; x_wconf 90' lang='lat' dir='ltr'>tuis</span> <span class='ocrx_word' id='word_1_441' title='bbox 1769 1005 1952 1054; x_wconf 78' lang='lat' dir='ltr'>sodalibus,</span> <span class='ocrx_word' id='word_1_442' title='bbox 1979 1014 2117 1051; x_wconf 82' lang='lat' dir='ltr'>cogatur</span> 
     </span>
     <span class='ocr_line' id='line_1_70' title="bbox 1232 1054 2116 1099; baseline 0 -11"><span class='ocrx_word' id='word_1_443' title='bbox 1232 1055 1450 1098; x_wconf 79' lang='lat' dir='ltr'>unusquisque</span> <span class='ocrx_word' id='word_1_444' title='bbox 1473 1055 1602 1099; x_wconf 78' lang='lat' dir='ltr'>publice</span> <span class='ocrx_word' id='word_1_445' title='bbox 1624 1054 1896 1093; x_wconf 81' lang='lat' dir='ltr'>anathematizare</span> <span class='ocrx_word' id='word_1_446' title='bbox 1917 1055 2063 1092; x_wconf 88' lang='lat' dir='ltr'>Nestorii</span> <span class='ocrx_word' id='word_1_447' title='bbox 2081 1055 2116 1088; x_wconf 75' lang='grc' dir='ltr'>δε</span> 
     </span>
     <span class='ocr_line' id='line_1_71' title="bbox 1232 1103 2117 1149; baseline 0 -12"><span class='ocrx_word' id='word_1_448' title='bbox 1232 1103 1409 1138; x_wconf 85' lang='lat' dir='ltr'>Theodori</span> <span class='ocrx_word' id='word_1_449' title='bbox 1422 1105 1610 1149; x_wconf 82' lang='lat' dir='ltr'>Dogmata,</span> <span class='ocrx_word' id='word_1_450' title='bbox 1637 1103 1802 1148; x_wconf 75' lang='lat' dir='ltr'>Praecipue</span> <span class='ocrx_word' id='word_1_451' title='bbox 1822 1104 1903 1146; x_wconf 86' lang='lat' dir='ltr'>hos,</span> <span class='ocrx_word' id='word_1_452' title='bbox 1929 1105 2117 1149; x_wconf 89' lang='lat' dir='ltr'>quidicunt</span> 
     </span>
     <span class='ocr_line' id='line_1_72' title="bbox 1232 1153 2119 1198; baseline 0.001 -10"><span class='ocrx_word' id='word_1_453' title='bbox 1232 1153 1313 1189; x_wconf 87' lang='lat' dir='ltr'>duas</span> <span class='ocrx_word' id='word_1_454' title='bbox 1336 1163 1465 1188; x_wconf 87' lang='lat' dir='ltr'>naturas</span> <span class='ocrx_word' id='word_1_455' title='bbox 1499 1153 1569 1197; x_wconf 87' lang='lat' dir='ltr'>post</span> <span class='ocrx_word' id='word_1_456' title='bbox 1592 1154 1779 1190; x_wconf 84' lang='lat' dir='ltr'>unitionem</span> <span class='ocrx_word' id='word_1_457' title='bbox 1807 1179 1819 1195; x_wconf 89' lang='lat'>,</span> <span class='ocrx_word' id='word_1_458' title='bbox 1855 1154 1982 1198; x_wconf 76' lang='lat' dir='ltr'>proprie</span> <span class='ocrx_word' id='word_1_459' title='bbox 2002 1165 2119 1189; x_wconf 88' lang='lat' dir='ltr'>unam·</span> 
     </span>
     <span class='ocr_line' id='line_1_73' title="bbox 1232 1204 2117 1249; baseline 0.001 -10"><span class='ocrx_word' id='word_1_460' title='bbox 1232 1215 1396 1247; x_wconf 86' lang='lat' dir='ltr'>quamque</span> <span class='ocrx_word' id='word_1_461' title='bbox 1420 1214 1628 1249; x_wconf 88' lang='lat' dir='ltr'>operantem.</span> <span class='ocrx_word' id='word_1_462' title='bbox 1656 1204 1781 1239; x_wconf 85' lang='lat' dir='ltr'>Eorum</span> <span class='ocrx_word' id='word_1_463' title='bbox 1801 1214 1943 1248; x_wconf 85' lang='lat' dir='ltr'>namque</span> <span class='ocrx_word' id='word_1_464' title='bbox 1963 1228 1977 1245; x_wconf 88' lang='lat'>‚</span> <span class='ocrx_word' id='word_1_465' title='bbox 2003 1204 2060 1246; x_wconf 85' lang='lat' dir='ltr'>qui</span> <span class='ocrx_word' id='word_1_466' title='bbox 2081 1204 2117 1240; x_wconf 82' lang='lat' dir='ltr'>in</span> 
     </span>
     <span class='ocr_line' id='line_1_74' title="bbox 1232 1254 2118 1299; baseline 0 -12"><span class='ocrx_word' id='word_1_467' title='bbox 1232 1254 1440 1293; x_wconf 80' lang='lat' dir='ltr'>Germanicia</span> <span class='ocrx_word' id='word_1_468' title='bbox 1470 1255 1569 1295; x_wconf 89' lang='lat' dir='ltr'>sunt,</span> <span class='ocrx_word' id='word_1_469' title='bbox 1595 1254 1727 1298; x_wconf 82' lang='lat' dir='ltr'>aliquos</span> <span class='ocrx_word' id='word_1_470' title='bbox 1738 1254 2016 1299; x_wconf 75' lang='lat' dir='ltr'>experimentatus</span> <span class='ocrx_word' id='word_1_471' title='bbox 2028 1254 2118 1288; x_wconf 84' lang='lat' dir='ltr'>inve-</span> 
     </span>
     <span class='ocr_line' id='line_1_75' title="bbox 1230 1302 2118 1348; baseline 0.001 -11"><span class='ocrx_word' id='word_1_472' title='bbox 1230 1305 1266 1338; x_wconf 89' lang='lat' dir='ltr'>ni</span> <span class='ocrx_word' id='word_1_473' title='bbox 1277 1304 1411 1348; x_wconf 88' lang='lat' dir='ltr'>quidem</span> <span class='ocrx_word' id='word_1_474' title='bbox 1431 1302 1514 1345; x_wconf 81' lang='lat' dir='ltr'>duos</span> <span class='ocrx_word' id='word_1_475' title='bbox 1526 1305 1616 1339; x_wconf 87' lang='lat' dir='ltr'>filios</span> <span class='ocrx_word' id='word_1_476' title='bbox 1637 1303 1744 1339; x_wconf 87' lang='lat' dir='ltr'>dicere</span> <span class='ocrx_word' id='word_1_477' title='bbox 1758 1305 1939 1340; x_wconf 88' lang='lat' dir='ltr'>recusantes</span> <span class='ocrx_word' id='word_1_478' title='bbox 1952 1328 1964 1345; x_wconf 81' lang='lat'>‚</span> <span class='ocrx_word' id='word_1_479' title='bbox 1990 1314 2023 1339; x_wconf 85' lang='lat' dir='ltr'>at</span> <span class='ocrx_word' id='word_1_480' title='bbox 2037 1302 2118 1343; x_wconf 66' lang='lat' dir='ltr'>vero</span> 
     </span>
     <span class='ocr_line' id='line_1_76' title="bbox 1231 1352 2116 1392; baseline -0.001 -4"><span class='ocrx_word' id='word_1_481' title='bbox 1231 1354 1311 1388; x_wconf 90' lang='lat' dir='ltr'>duas</span> <span class='ocrx_word' id='word_1_482' title='bbox 1322 1363 1454 1389; x_wconf 83' lang='lat' dir='ltr'>naturas</span> <span class='ocrx_word' id='word_1_483' title='bbox 1466 1352 1574 1392; x_wconf 77' lang='lat' dir='ltr'>dicere</span> <span class='ocrx_word' id='word_1_484' title='bbox 1585 1365 1654 1392; x_wconf 89' lang='lat' dir='ltr'>non</span> <span class='ocrx_word' id='word_1_485' title='bbox 1667 1354 1848 1389; x_wconf 84' lang='lat' dir='ltr'>abnuentes</span> <span class='ocrx_word' id='word_1_486' title='bbox 1858 1379 1866 1387; x_wconf 89' lang='lat'><strong>.</strong></span> <span class='ocrx_word' id='word_1_487' title='bbox 1893 1353 1992 1389; x_wconf 73' lang='lat' dir='ltr'>Unde</span> <span class='ocrx_word' id='word_1_488' title='bbox 2002 1354 2023 1387; x_wconf 91' lang='lat' dir='ltr'>si</span> <span class='ocrx_word' id='word_1_489' title='bbox 2036 1364 2116 1388; x_wconf 87' lang='lat' dir='ltr'>con-</span> 
     </span>
     <span class='ocr_line' id='line_1_77' title="bbox 1230 1402 2117 1448; baseline 0.002 -9"><span class='ocrx_word' id='word_1_490' title='bbox 1230 1403 1364 1439; x_wconf 90' lang='lat' dir='ltr'>cedatur</span> <span class='ocrx_word' id='word_1_491' title='bbox 1378 1429 1389 1446; x_wconf 93' lang='lat'>,</span> <span class='ocrx_word' id='word_1_492' title='bbox 1417 1414 1453 1438; x_wconf 90' lang='lat' dir='ltr'>ut</span> <span class='ocrx_word' id='word_1_493' title='bbox 1463 1402 1591 1439; x_wconf 87' lang='lat' dir='ltr'>dicatur</span> <span class='ocrx_word' id='word_1_494' title='bbox 1611 1415 1710 1447; x_wconf 86' lang='lat' dir='ltr'>atque</span> <span class='ocrx_word' id='word_1_495' title='bbox 1722 1404 1878 1442; x_wconf 83' lang='lat' dir='ltr'>doceatur</span> <span class='ocrx_word' id='word_1_496' title='bbox 1887 1403 1929 1439; x_wconf 86' lang='lat' dir='ltr'>ab</span> <span class='ocrx_word' id='word_1_497' title='bbox 1938 1403 1984 1437; x_wconf 84' lang='lat' dir='ltr'>eis</span> <span class='ocrx_word' id='word_1_498' title='bbox 1998 1427 2010 1444; x_wconf 89' lang='lat'>‚</span> <span class='ocrx_word' id='word_1_499' title='bbox 2039 1403 2117 1448; x_wconf 66' lang='lat' dir='ltr'>quia</span> 
     </span>
     <span class='ocr_line' id='line_1_78' title="bbox 1230 1452 2117 1500; baseline -0.001 -12"><span class='ocrx_word' id='word_1_500' title='bbox 1230 1465 1431 1500; x_wconf 85' lang='lat' dir='ltr'>unaquaeque</span> <span class='ocrx_word' id='word_1_501' title='bbox 1454 1465 1568 1489; x_wconf 88' lang='lat' dir='ltr'>natura</span> <span class='ocrx_word' id='word_1_502' title='bbox 1590 1465 1648 1499; x_wconf 87' lang='lat' dir='ltr'>per</span> <span class='ocrx_word' id='word_1_503' title='bbox 1667 1456 1871 1499; x_wconf 82' lang='lat' dir='ltr'>semetipsam</span> <span class='ocrx_word' id='word_1_504' title='bbox 1882 1462 2055 1498; x_wconf 89' lang='lat' dir='ltr'>operatur,</span> <span class='ocrx_word' id='word_1_505' title='bbox 2080 1452 2117 1493; x_wconf 68' lang='lat' dir='ltr'>dt</span> 
     </span>
     <span class='ocr_line' id='line_1_79' title="bbox 1231 1502 2118 1549; baseline -0.002 -11"><span class='ocrx_word' id='word_1_506' title='bbox 1231 1503 1299 1543; x_wconf 66' lang='lat' dir='ltr'>haze</span> <span class='ocrx_word' id='word_1_507' title='bbox 1312 1503 1444 1549; x_wconf 83' lang='lat' dir='ltr'>quidem</span> <span class='ocrx_word' id='word_1_508' title='bbox 1468 1507 1554 1548; x_wconf 80' lang='lat' dir='ltr'>passa</span> <span class='ocrx_word' id='word_1_509' title='bbox 1572 1505 1616 1539; x_wconf 88' lang='lat' dir='ltr'>est</span> <span class='ocrx_word' id='word_1_510' title='bbox 1629 1530 1641 1546; x_wconf 92' lang='lat'>‚</span> <span class='ocrx_word' id='word_1_511' title='bbox 1666 1505 1867 1549; x_wconf 86' lang='lat' dir='ltr'>impaffibilis</span> <span class='ocrx_word' id='word_1_512' title='bbox 1892 1502 2034 1539; x_wconf 72' lang='lat' dir='ltr'>veroilla</span> <span class='ocrx_word' id='word_1_513' title='bbox 2045 1513 2118 1547; x_wconf 85' lang='lat' dir='ltr'>per-</span> 
     </span>
     <span class='ocr_line' id='line_1_80' title="bbox 1229 1551 2116 1596; baseline -0.001 -8"><span class='ocrx_word' id='word_1_514' title='bbox 1229 1555 1347 1595; x_wconf 78' lang='lat' dir='ltr'>mansit</span> <span class='ocrx_word' id='word_1_515' title='bbox 1361 1578 1373 1595; x_wconf 88' lang='lat'>,</span> <span class='ocrx_word' id='word_1_516' title='bbox 1399 1553 1488 1588; x_wconf 79' lang='lat' dir='ltr'>nihil</span> <span class='ocrx_word' id='word_1_517' title='bbox 1509 1555 1555 1589; x_wconf 85' lang='lat' dir='ltr'>est</span> <span class='ocrx_word' id='word_1_518' title='bbox 1575 1555 1692 1596; x_wconf 80' lang='lat' dir='ltr'>aliud,</span> <span class='ocrx_word' id='word_1_519' title='bbox 1717 1555 1777 1589; x_wconf 87' lang='lat' dir='ltr'>nisi</span> <span class='ocrx_word' id='word_1_520' title='bbox 1799 1553 1881 1595; x_wconf 81' lang='lat' dir='ltr'>duos</span> <span class='ocrx_word' id='word_1_521' title='bbox 1901 1553 2017 1589; x_wconf 69' lang='lat' dir='ltr'>iterum</span> <span class='ocrx_word' id='word_1_522' title='bbox 2028 1551 2116 1595; x_wconf 58' lang='lat' dir='ltr'>filio}</span> 
     </span>
     <span class='ocr_line' id='line_1_81' title="bbox 1229 1603 2118 1649; baseline -0.002 -11"><span class='ocrx_word' id='word_1_523' title='bbox 1229 1604 1403 1645; x_wconf 79' lang='lat' dir='ltr'>confiteri,</span> <span class='ocrx_word' id='word_1_524' title='bbox 1429 1604 1463 1642; x_wconf 74' lang='grc' dir='ltr'>ὃς</span> <span class='ocrx_word' id='word_1_525' title='bbox 1485 1614 1588 1647; x_wconf 88' lang='lat' dir='ltr'>partes</span> <span class='ocrx_word' id='word_1_526' title='bbox 1601 1603 1734 1640; x_wconf 85' lang='lat' dir='ltr'>induci.</span> <span class='ocrx_word' id='word_1_527' title='bbox 1763 1603 1866 1649; x_wconf 85' lang='lat' dir='ltr'>Rogo</span> <span class='ocrx_word' id='word_1_528' title='bbox 1878 1604 1981 1648; x_wconf 86' lang='lat' dir='ltr'>igitur</span> <span class='ocrx_word' id='word_1_529' title='bbox 1992 1604 2118 1637; x_wconf 84' lang='lat' dir='ltr'>incom-</span> 
     </span>
     <span class='ocr_line' id='line_1_82' title="bbox 1230 1652 2116 1699; baseline -0.003 -11"><span class='ocrx_word' id='word_1_530' title='bbox 1230 1653 1405 1699; x_wconf 86' lang='lat' dir='ltr'>parabilem</span> <span class='ocrx_word' id='word_1_531' title='bbox 1416 1662 1507 1688; x_wconf 87' lang='lat' dir='ltr'>tuam</span> <span class='ocrx_word' id='word_1_532' title='bbox 1534 1654 1567 1688; x_wconf 75' lang='grc' dir='ltr'>δε</span> <span class='ocrx_word' id='word_1_533' title='bbox 1581 1652 1737 1692; x_wconf 83' lang='lat' dir='ltr'>devotam</span> <span class='ocrx_word' id='word_1_534' title='bbox 1749 1652 1826 1687; x_wconf 89' lang='lat' dir='ltr'>Deo</span> <span class='ocrx_word' id='word_1_535' title='bbox 1850 1653 2014 1693; x_wconf 88' lang='lat' dir='ltr'>animam,</span> <span class='ocrx_word' id='word_1_536' title='bbox 2040 1662 2116 1694; x_wconf 74' lang='lat' dir='ltr'>per.P</span> 
     </span>
     <span class='ocr_line' id='line_1_83' title="bbox 1231 1700 2117 1750; baseline -0.003 -11"><span class='ocrx_word' id='word_1_537' title='bbox 1231 1703 1331 1750; x_wconf 85' lang='lat' dir='ltr'>vigila</span> <span class='ocrx_word' id='word_1_538' title='bbox 1347 1703 1382 1736; x_wconf 92' lang='lat' dir='ltr'>in</span> <span class='ocrx_word' id='word_1_539' title='bbox 1396 1704 1488 1738; x_wconf 87' lang='lat' dir='ltr'>causa</span> <span class='ocrx_word' id='word_1_540' title='bbox 1501 1727 1513 1743; x_wconf 93' lang='lat'>,</span> <span class='ocrx_word' id='word_1_541' title='bbox 1539 1703 1556 1736; x_wconf 76' lang='lat' dir='ltr'>a</span> <span class='ocrx_word' id='word_1_542' title='bbox 1567 1703 1724 1737; x_wconf 86' lang='lat' dir='ltr'>Domino</span> <span class='ocrx_word' id='word_1_543' title='bbox 1736 1700 1869 1742; x_wconf 82' lang='lat' dir='ltr'>Christo</span> <span class='ocrx_word' id='word_1_544' title='bbox 1885 1711 2015 1745; x_wconf 87' lang='lat' dir='ltr'>tempus</span> <span class='ocrx_word' id='word_1_545' title='bbox 2034 1701 2117 1740; x_wconf 86' lang='lat' dir='ltr'>acci·</span> 
     </span>
     <span class='ocr_line' id='line_1_84' title="bbox 1230 1750 2116 1798; baseline -0.001 -9"><span class='ocrx_word' id='word_1_546' title='bbox 1230 1755 1324 1798; x_wconf 76' lang='lat' dir='ltr'>piens</span> <span class='ocrx_word' id='word_1_547' title='bbox 1338 1777 1350 1793; x_wconf 90' lang='lat'>‚</span> <span class='ocrx_word' id='word_1_548' title='bbox 1372 1753 1536 1797; x_wconf 88' lang='lat' dir='ltr'>&amp;perfice</span> <span class='ocrx_word' id='word_1_549' title='bbox 1557 1751 1774 1786; x_wconf 84' lang='lat' dir='ltr'>Ecclefiarum</span> <span class='ocrx_word' id='word_1_550' title='bbox 1797 1752 1863 1788; x_wconf 85' lang='lat' dir='ltr'>sine</span> <span class='ocrx_word' id='word_1_551' title='bbox 1874 1750 2049 1794; x_wconf 84' lang='lat' dir='ltr'>scandalo,</span> <span class='ocrx_word' id='word_1_552' title='bbox 2075 1762 2116 1788; x_wconf 80' lang='lat' dir='ltr'>ae</span> 
     </span>
     <span class='ocr_line' id='line_1_85' title="bbox 1230 1801 1915 1844; baseline -0.009 -4"><span class='ocrx_word' id='word_1_553' title='bbox 1230 1805 1297 1842; x_wconf 82' lang='lat' dir='ltr'>siue</span> <span class='ocrx_word' id='word_1_554' title='bbox 1320 1803 1474 1843; x_wconf 82' lang='lat' dir='ltr'>cicatrice</span> <span class='ocrx_word' id='word_1_555' title='bbox 1487 1827 1499 1844; x_wconf 93' lang='lat'>,</span> <span class='ocrx_word' id='word_1_556' title='bbox 1526 1801 1576 1838; x_wconf 90' lang='lat' dir='ltr'>vel</span> <span class='ocrx_word' id='word_1_557' title='bbox 1586 1802 1714 1842; x_wconf 83' lang='lat' dir='ltr'>macula</span> <span class='ocrx_word' id='word_1_558' title='bbox 1733 1803 1915 1842; x_wconf 78' lang='lat' dir='ltr'>unionem.</span> 
     </span>
    </p>
   </div>
   <div class='ocr_carea' id='block_1_12' title="bbox 1230 1930 2117 2142">
    <p class='ocr_par' dir='ltr' id='par_1_13' title="bbox 1230 1930 2117 2142">
     <span class='ocr_line' id='line_1_86' title="bbox 1230 1930 2109 2004; baseline 0 -17"><span class='ocrx_word' id='word_1_559' title='bbox 1230 1937 1303 1990; x_wconf 90' lang='lat' dir='ltr'>Ad</span> <span class='ocrx_word' id='word_1_560' title='bbox 1331 1938 1443 1990; x_wconf 87' lang='lat' dir='ltr'>hanc</span> <span class='ocrx_word' id='word_1_561' title='bbox 1457 1934 1654 2004; x_wconf 87' lang='lat' dir='ltr'>Cyrillus</span> <span class='ocrx_word' id='word_1_562' title='bbox 1667 1930 1905 2003; x_wconf 88' lang='lat' dir='ltr'>Episcopus</span> <span class='ocrx_word' id='word_1_563' title='bbox 1918 1936 2040 1990; x_wconf 86' lang='lat' dir='ltr'>illam</span> <span class='ocrx_word' id='word_1_564' title='bbox 2051 1936 2109 1990; x_wconf 86' lang='lat' dir='ltr'>de</span> 
     </span>
     <span class='ocr_line' id='line_1_87' title="bbox 1300 2002 2115 2073; baseline 0.004 -18"><span class='ocrx_word' id='word_1_565' title='bbox 1300 2006 1499 2055; x_wconf 84' lang='lat' dir='ltr'>Ecclefiae</span> <span class='ocrx_word' id='word_1_566' title='bbox 1533 2021 1644 2071; x_wconf 84' lang='lat' dir='ltr'>pace</span> <span class='ocrx_word' id='word_1_567' title='bbox 1675 2002 1839 2053; x_wconf 86' lang='lat' dir='ltr'>dicitur</span> <span class='ocrx_word' id='word_1_568' title='bbox 1873 2007 2115 2073; x_wconf 76' lang='lat' dir='ltr'>Epistolem</span> 
     </span>
     <span class='ocr_line' id='line_1_88' title="bbox 1300 2072 2117 2142; baseline 0.002 -20"><span class='ocrx_word' id='word_1_569' title='bbox 1300 2072 1574 2139; x_wconf 78' lang='lat' dir='ltr'>rescripsisse,</span> <span class='ocrx_word' id='word_1_570' title='bbox 1611 2089 1826 2136; x_wconf 84' lang='lat' dir='ltr'>quaenota</span> <span class='ocrx_word' id='word_1_571' title='bbox 1845 2074 1931 2133; x_wconf 86' lang='lat' dir='ltr'>est,</span> <span class='ocrx_word' id='word_1_572' title='bbox 1961 2094 2117 2142; x_wconf 84' lang='lat' dir='ltr'>quam.-</span> 
     </span>
    </p>
   </div>
   <div class='ocr_carea' id='block_1_13' title="bbox 1301 2141 2117 2268">
    <p class='ocr_par' dir='ltr' id='par_1_14' title="bbox 1301 2141 2117 2268">
     <span class='ocr_line' id='line_1_89' title="bbox 1301 2141 2117 2210; baseline 0.005 -19"><span class='ocrx_word' id='word_1_573' title='bbox 1301 2161 1389 2210; x_wconf 88' lang='lat' dir='ltr'>que</span> <span class='ocrx_word' id='word_1_574' title='bbox 1403 2141 1515 2191; x_wconf 87' lang='lat' dir='ltr'>infra</span> <span class='ocrx_word' id='word_1_575' title='bbox 1528 2143 1726 2192; x_wconf 84' lang='lat' dir='ltr'>invenies</span> <span class='ocrx_word' id='word_1_576' title='bbox 1751 2142 1852 2192; x_wconf 92' lang='lat' dir='ltr'>loco</span> <span class='ocrx_word' id='word_1_577' title='bbox 1879 2146 1922 2191; x_wconf 89' lang='lat'>&amp;</span> <span class='ocrx_word' id='word_1_578' title='bbox 1935 2162 2117 2198; x_wconf 81' lang='lat' dir='ltr'>numero</span> 
     </span>
     <span class='ocr_line' id='line_1_90' title="bbox 1301 2210 1589 2268; baseline 0.003 -6"><span class='ocrx_word' id='word_1_579' title='bbox 1301 2212 1376 2268; x_wconf 86' lang='lat' dir='ltr'>suo</span> <span class='ocrx_word' id='word_1_580' title='bbox 1390 2249 1403 2261; x_wconf 92' lang='lat'><strong>.</strong></span> <span class='ocrx_word' id='word_1_581' title='bbox 1440 2210 1493 2260; x_wconf 94' lang='lat' dir='ltr'>Id</span> <span class='ocrx_word' id='word_1_582' title='bbox 1505 2210 1589 2263; x_wconf 80' lang='lat' dir='ltr'>est..</span> 
     </span>
    </p>
   </div>
   <div class='ocr_carea' id='block_1_14' title="bbox 1421 2397 1930 2459">
    <p class='ocr_par' dir='ltr' id='par_1_15' title="bbox 1421 2397 1930 2459">
     <span class='ocr_line' id='line_1_91' title="bbox 1421 2397 1930 2459; baseline -0.002 -17"><span class='ocrx_word' id='word_1_583' title='bbox 1421 2397 1930 2459; x_wconf 70' lang='lat' dir='ltr'>Scn01.rou.&#39;</span> 
     </span>
    </p>
   </div>
   <div class='ocr_carea' id='block_1_15' title="bbox 1231 2538 2138 3337">
    <p class='ocr_par' dir='ltr' id='par_1_16' title="bbox 1231 2538 2138 3337">
     <span class='ocr_line' id='line_1_92' title="bbox 1235 2538 2118 2586; baseline 0 -9"><span class='ocrx_word' id='word_1_584' title='bbox 1235 2551 1242 2555; x_wconf 83' lang='grc'><em>“</em></span> <span class='ocrx_word' id='word_1_585' title='bbox 1343 2542 1412 2577; x_wconf 86' lang='lat' dir='ltr'>AEc</span> <span class='ocrx_word' id='word_1_586' title='bbox 1423 2542 1559 2586; x_wconf 86' lang='lat' dir='ltr'>epistola</span> <span class='ocrx_word' id='word_1_587' title='bbox 1572 2540 1687 2584; x_wconf 87' lang='lat' dir='ltr'>scripta</span> <span class='ocrx_word' id='word_1_588' title='bbox 1700 2539 1746 2574; x_wconf 84' lang='lat' dir='ltr'>est</span> <span class='ocrx_word' id='word_1_589' title='bbox 1756 2539 1827 2583; x_wconf 81' lang='lat' dir='ltr'>post</span> <span class='ocrx_word' id='word_1_590' title='bbox 1842 2539 1959 2575; x_wconf 87' lang='lat' dir='ltr'>initam</span> <span class='ocrx_word' id='word_1_591' title='bbox 1972 2564 1984 2580; x_wconf 89' lang='lat'>,</span> <span class='ocrx_word' id='word_1_592' title='bbox 2010 2538 2118 2577; x_wconf 56' lang='lat' dir='ltr'>imm&amp;</span> 
     </span>
     <span class='ocr_line' id='line_1_93' title="bbox 1347 2589 2117 2635; baseline -0.003 -8"><span class='ocrx_word' id='word_1_593' title='bbox 1347 2594 1381 2627; x_wconf 79' lang='grc' dir='ltr'>δι</span> <span class='ocrx_word' id='word_1_594' title='bbox 1392 2592 1592 2635; x_wconf 84' lang='lat' dir='ltr'>publicatam</span> <span class='ocrx_word' id='word_1_595' title='bbox 1603 2601 1671 2624; x_wconf 88' lang='lat' dir='ltr'>non</span> <span class='ocrx_word' id='word_1_596' title='bbox 1681 2589 1853 2623; x_wconf 75' lang='lat' dir='ltr'>dumtaxat</span> <span class='ocrx_word' id='word_1_597' title='bbox 1863 2589 1897 2623; x_wconf 89' lang='lat' dir='ltr'>in</span> <span class='ocrx_word' id='word_1_598' title='bbox 1910 2589 2117 2631; x_wconf 83' lang='lat' dir='ltr'>Oriente,sed</span> 
     </span>
     <span class='ocr_line' id='line_1_94' title="bbox 1231 2638 2119 2685; baseline -0.006 -6"><span class='ocrx_word' id='word_1_599' title='bbox 1231 2646 1334 2679; x_wconf 83' lang='lat' dir='ltr'>etiam</span> <span class='ocrx_word' id='word_1_600' title='bbox 1353 2641 1390 2676; x_wconf 87' lang='lat' dir='ltr'>in</span> <span class='ocrx_word' id='word_1_601' title='bbox 1413 2640 1572 2674; x_wconf 87' lang='lat' dir='ltr'>Armenia</span> <span class='ocrx_word' id='word_1_602' title='bbox 1584 2650 1695 2683; x_wconf 86' lang='lat' dir='ltr'>pacem</span> <span class='ocrx_word' id='word_1_603' title='bbox 1707 2664 1718 2679; x_wconf 95' lang='lat'>‚</span> <span class='ocrx_word' id='word_1_604' title='bbox 1745 2638 1884 2682; x_wconf 86' lang='lat' dir='ltr'>ideoque</span> <span class='ocrx_word' id='word_1_605' title='bbox 1894 2650 1983 2674; x_wconf 87' lang='lat' dir='ltr'>anno</span> <span class='ocrx_word' id='word_1_606' title='bbox 1998 2640 2119 2685; x_wconf 82' lang='lat' dir='ltr'>trigesi-</span> 
     </span>
     <span class='ocr_line' id='line_1_95' title="bbox 1232 2689 2117 2731; baseline -0.007 -5"><span class='ocrx_word' id='word_1_607' title='bbox 1232 2703 1288 2731; x_wconf 86' lang='lat' dir='ltr'>mo</span> <span class='ocrx_word' id='word_1_608' title='bbox 1298 2692 1396 2727; x_wconf 86' lang='lat' dir='ltr'>tertio</span> <span class='ocrx_word' id='word_1_609' title='bbox 1406 2689 1496 2726; x_wconf 87' lang='lat' dir='ltr'>istius</span> <span class='ocrx_word' id='word_1_610' title='bbox 1507 2689 1612 2724; x_wconf 88' lang='lat' dir='ltr'>saeculi</span> <span class='ocrx_word' id='word_1_611' title='bbox 1624 2715 1631 2722; x_wconf 94' lang='lat'>.</span> <span class='ocrx_word' id='word_1_612' title='bbox 1659 2689 1726 2726; x_wconf 89' lang='lat' dir='ltr'>Sub</span> <span class='ocrx_word' id='word_1_613' title='bbox 1737 2689 1814 2724; x_wconf 88' lang='lat' dir='ltr'>anni</span> <span class='ocrx_word' id='word_1_614' title='bbox 1826 2689 1997 2725; x_wconf 81' lang='lat' dir='ltr'>exordium</span> <span class='ocrx_word' id='word_1_615' title='bbox 2014 2715 2022 2722; x_wconf 91' lang='lat'><strong>.</strong></span> <span class='ocrx_word' id='word_1_616' title='bbox 2046 2690 2117 2725; x_wconf 77' lang='lat' dir='ltr'>Pax</span> 
     </span>
     <span class='ocr_line' id='line_1_96' title="bbox 1232 2738 2119 2783; baseline -0.002 -7"><span class='ocrx_word' id='word_1_617' title='bbox 1232 2743 1323 2781; x_wconf 81' lang='lat' dir='ltr'>enim</span> <span class='ocrx_word' id='word_1_618' title='bbox 1346 2739 1555 2780; x_wconf 70' lang='lat' dir='ltr'>Alexandriae</span> <span class='ocrx_word' id='word_1_619' title='bbox 1581 2738 1733 2774; x_wconf 88' lang='lat' dir='ltr'>conclusa</span> <span class='ocrx_word' id='word_1_620' title='bbox 1757 2739 1821 2773; x_wconf 88' lang='lat' dir='ltr'>fuit</span> <span class='ocrx_word' id='word_1_621' title='bbox 1831 2739 1917 2773; x_wconf 72' lang='lat' dir='ltr'>circa</span> <span class='ocrx_word' id='word_1_622' title='bbox 1930 2739 2030 2776; x_wconf 84' lang='lat' dir='ltr'>finem</span> <span class='ocrx_word' id='word_1_623' title='bbox 2041 2751 2119 2783; x_wconf 81' lang='lat' dir='ltr'>prae-</span> 
     </span>
     <span class='ocr_line' id='line_1_97' title="bbox 1235 2788 2118 2834; baseline -0.003 -6"><span class='ocrx_word' id='word_1_624' title='bbox 1235 2791 1380 2831; x_wconf 78' lang='lat' dir='ltr'>cedentis</span> <span class='ocrx_word' id='word_1_625' title='bbox 1402 2788 1609 2828; x_wconf 82' lang='lat' dir='ltr'>Decembris.</span> <span class='ocrx_word' id='word_1_626' title='bbox 1637 2789 1733 2823; x_wconf 84' lang='lat' dir='ltr'>Patet</span> <span class='ocrx_word' id='word_1_627' title='bbox 1759 2800 1801 2822; x_wconf 84' lang='lat' dir='ltr'>ex</span> <span class='ocrx_word' id='word_1_628' title='bbox 1812 2788 1959 2823; x_wconf 87' lang='lat' dir='ltr'>homiliis</span> <span class='ocrx_word' id='word_1_629' title='bbox 1969 2800 2049 2834; x_wconf 85' lang='lat' dir='ltr'>quas</span> <span class='ocrx_word' id='word_1_630' title='bbox 2058 2789 2118 2826; x_wconf 86' lang='lat' dir='ltr'>sta·</span> 
     </span>
     <span class='ocr_line' id='line_1_98' title="bbox 1236 2838 2119 2886; baseline -0.005 -8"><span class='ocrx_word' id='word_1_631' title='bbox 1236 2844 1296 2880; x_wconf 85' lang='lat' dir='ltr'>tim</span> <span class='ocrx_word' id='word_1_632' title='bbox 1332 2840 1402 2886; x_wconf 85' lang='lat' dir='ltr'>post</span> <span class='ocrx_word' id='word_1_633' title='bbox 1435 2840 1624 2876; x_wconf 86' lang='lat' dir='ltr'>conclusam</span> <span class='ocrx_word' id='word_1_634' title='bbox 1647 2850 1759 2884; x_wconf 86' lang='lat' dir='ltr'>pacem</span> <span class='ocrx_word' id='word_1_635' title='bbox 1791 2838 1914 2875; x_wconf 87' lang='lat' dir='ltr'>Paulus</span> <span class='ocrx_word' id='word_1_636' title='bbox 1938 2839 2119 2876; x_wconf 79' lang='lat' dir='ltr'>Emesenus</span> 
     </span>
     <span class='ocr_line' id='line_1_99' title="bbox 1235 2889 2114 2932; baseline -0.006 -5"><span class='ocrx_word' id='word_1_637' title='bbox 1235 2892 1320 2928; x_wconf 88' lang='lat' dir='ltr'>dixit</span> <span class='ocrx_word' id='word_1_638' title='bbox 1343 2889 1383 2929; x_wconf 83' lang='lat' dir='ltr'>ad</span> <span class='ocrx_word' id='word_1_639' title='bbox 1406 2889 1670 2925; x_wconf 82' lang='lat' dir='ltr'>Alexandrinum</span> <span class='ocrx_word' id='word_1_640' title='bbox 1698 2889 1833 2923; x_wconf 89' lang='lat' dir='ltr'>Clerurn</span> <span class='ocrx_word' id='word_1_641' title='bbox 1857 2901 1895 2923; x_wconf 88' lang='lat' dir='ltr'>ae</span> <span class='ocrx_word' id='word_1_642' title='bbox 1927 2889 2114 2932; x_wconf 88' lang='lat' dir='ltr'>Populum.</span> 
     </span>
     <span class='ocr_line' id='line_1_100' title="bbox 1237 2938 2120 2987; baseline -0.003 -10"><span class='ocrx_word' id='word_1_643' title='bbox 1237 2943 1381 2980; x_wconf 78' lang='lat' dir='ltr'>Primam</span> <span class='ocrx_word' id='word_1_644' title='bbox 1403 2952 1545 2987; x_wconf 86' lang='lat' dir='ltr'>namque</span> <span class='ocrx_word' id='word_1_645' title='bbox 1564 2941 1599 2974; x_wconf 93' lang='lat' dir='ltr'>in</span> <span class='ocrx_word' id='word_1_646' title='bbox 1613 2939 1694 2978; x_wconf 83' lang='lat' dir='ltr'>festo</span> <span class='ocrx_word' id='word_1_647' title='bbox 1719 2940 1906 2980; x_wconf 85' lang='lat' dir='ltr'>Dominicae</span> <span class='ocrx_word' id='word_1_648' title='bbox 1916 2938 2120 2980; x_wconf 81' lang='lat' dir='ltr'>nativitatis,</span> 
     </span>
     <span class='ocr_line' id='line_1_101' title="bbox 1237 2988 2120 3030; baseline -0.006 -2"><span class='ocrx_word' id='word_1_649' title='bbox 1237 2990 1411 3028; x_wconf 82' lang='lat' dir='ltr'>secundam</span> <span class='ocrx_word' id='word_1_650' title='bbox 1430 2989 1517 3025; x_wconf 87' lang='lat' dir='ltr'>dixit</span> <span class='ocrx_word' id='word_1_651' title='bbox 1539 2990 1574 3024; x_wconf 89' lang='lat' dir='ltr'>in</span> <span class='ocrx_word' id='word_1_652' title='bbox 1596 2990 1676 3025; x_wconf 87' lang='lat' dir='ltr'>festo</span> <span class='ocrx_word' id='word_1_653' title='bbox 1695 2989 1882 3024; x_wconf 83' lang='lat' dir='ltr'>Dominicae</span> <span class='ocrx_word' id='word_1_654' title='bbox 1893 2988 2120 3030; x_wconf 76' lang='lat' dir='ltr'>circumcisio-</span> 
     </span>
     <span class='ocr_line' id='line_1_102' title="bbox 1237 3037 2120 3084; baseline -0.003 -7"><span class='ocrx_word' id='word_1_655' title='bbox 1237 3043 1287 3078; x_wconf 86' lang='lat' dir='ltr'>nis</span> <span class='ocrx_word' id='word_1_656' title='bbox 1300 3068 1307 3075; x_wconf 89' lang='lat'><strong><em>.</em></strong></span> <span class='ocrx_word' id='word_1_657' title='bbox 1337 3042 1423 3075; x_wconf 85' lang='lat' dir='ltr'>Inter</span> <span class='ocrx_word' id='word_1_658' title='bbox 1436 3041 1522 3084; x_wconf 89' lang='lat' dir='ltr'>pacis</span> <span class='ocrx_word' id='word_1_659' title='bbox 1534 3040 1689 3075; x_wconf 85' lang='lat' dir='ltr'>articulos</span> <span class='ocrx_word' id='word_1_660' title='bbox 1701 3065 1712 3082; x_wconf 90' lang='lat'>,</span> <span class='ocrx_word' id='word_1_661' title='bbox 1739 3050 1822 3074; x_wconf 88' lang='lat' dir='ltr'>unus</span> <span class='ocrx_word' id='word_1_662' title='bbox 1835 3049 1904 3073; x_wconf 84' lang='lat' dir='ltr'>erat</span> <span class='ocrx_word' id='word_1_663' title='bbox 1913 3063 1924 3080; x_wconf 93' lang='lat'>‚</span> <span class='ocrx_word' id='word_1_664' title='bbox 1951 3037 2039 3083; x_wconf 90' lang='lat' dir='ltr'>quod</span> <span class='ocrx_word' id='word_1_665' title='bbox 2049 3050 2120 3074; x_wconf 89' lang='lat' dir='ltr'>om-</span> 
     </span>
     <span class='ocr_line' id='line_1_103' title="bbox 1237 3089 2119 3128; baseline -0.005 0"><span class='ocrx_word' id='word_1_666' title='bbox 1237 3104 1293 3128; x_wconf 88' lang='lat' dir='ltr'>nes</span> <span class='ocrx_word' id='word_1_667' title='bbox 1317 3091 1500 3126; x_wconf 81' lang='lat' dir='ltr'>orientales</span> <span class='ocrx_word' id='word_1_668' title='bbox 1520 3102 1595 3125; x_wconf 89' lang='lat' dir='ltr'>cum</span> <span class='ocrx_word' id='word_1_669' title='bbox 1621 3091 1684 3125; x_wconf 84' lang='lat' dir='ltr'>suis</span> <span class='ocrx_word' id='word_1_670' title='bbox 1710 3090 1846 3124; x_wconf 85' lang='lat' dir='ltr'>aliarum</span> <span class='ocrx_word' id='word_1_671' title='bbox 1873 3089 2119 3124; x_wconf 77' lang='lat' dir='ltr'>provinciarum</span> 
     </span>
     <span class='ocr_line' id='line_1_104' title="bbox 1239 3137 2120 3185; baseline -0.003 -8"><span class='ocrx_word' id='word_1_672' title='bbox 1239 3142 1375 3177; x_wconf 85' lang='lat' dir='ltr'>Affeclis</span> <span class='ocrx_word' id='word_1_673' title='bbox 1398 3141 1550 3185; x_wconf 88' lang='lat' dir='ltr'>Episcopi</span> <span class='ocrx_word' id='word_1_674' title='bbox 1574 3140 1728 3176; x_wconf 90' lang='lat' dir='ltr'>deberent</span> <span class='ocrx_word' id='word_1_675' title='bbox 1738 3141 1908 3175; x_wconf 88' lang='lat' dir='ltr'>admittere</span> <span class='ocrx_word' id='word_1_676' title='bbox 1921 3137 2120 3183; x_wconf 81' lang='lat' dir='ltr'>Ephesinam</span> 
     </span>
     <span class='ocr_line' id='line_1_105' title="bbox 1236 3188 2120 3236; baseline -0.005 -9"><span class='ocrx_word' id='word_1_677' title='bbox 1236 3192 1381 3227; x_wconf 86' lang='lat' dir='ltr'>Nestorii</span> <span class='ocrx_word' id='word_1_678' title='bbox 1402 3191 1669 3236; x_wconf 83' lang='lat' dir='ltr'>degradationem</span> <span class='ocrx_word' id='word_1_679' title='bbox 1683 3216 1694 3232; x_wconf 94' lang='lat'>‚</span> <span class='ocrx_word' id='word_1_680' title='bbox 1721 3191 1756 3225; x_wconf 77' lang='grc' dir='ltr'>δε</span> <span class='ocrx_word' id='word_1_681' title='bbox 1783 3190 1928 3229; x_wconf 86' lang='lat' dir='ltr'>solemne</span> <span class='ocrx_word' id='word_1_682' title='bbox 1947 3188 2120 3224; x_wconf 72' lang='lat' dir='ltr'>anathema</span> 
     </span>
     <span class='ocr_line' id='line_1_106' title="bbox 1236 3237 2118 3285; baseline -0.007 -7"><span class='ocrx_word' id='word_1_683' title='bbox 1236 3244 1343 3278; x_wconf 89' lang='lat' dir='ltr'>dicere</span> <span class='ocrx_word' id='word_1_684' title='bbox 1363 3241 1496 3285; x_wconf 88' lang='lat' dir='ltr'>pollutis</span> <span class='ocrx_word' id='word_1_685' title='bbox 1520 3254 1556 3275; x_wconf 84' lang='lat' dir='ltr'>ac</span> <span class='ocrx_word' id='word_1_686' title='bbox 1578 3241 1689 3285; x_wconf 88' lang='lat' dir='ltr'>impiis</span> <span class='ocrx_word' id='word_1_687' title='bbox 1715 3241 1784 3284; x_wconf 84' lang='lat' dir='ltr'>ejus</span> <span class='ocrx_word' id='word_1_688' title='bbox 1803 3237 2011 3283; x_wconf 89' lang='lat' dir='ltr'>dogmatibus</span> <span class='ocrx_word' id='word_1_689' title='bbox 2030 3265 2036 3272; x_wconf 94' lang='lat'><strong>.</strong></span> <span class='ocrx_word' id='word_1_690' title='bbox 2063 3238 2118 3272; x_wconf 80' lang='lat' dir='ltr'>De</span> 
     </span>
     <span class='ocr_line' id='line_1_107' title="bbox 1237 3288 2138 3337; baseline -0.009 -10"><span class='ocrx_word' id='word_1_691' title='bbox 1237 3292 1334 3337; x_wconf 82' lang='lat' dir='ltr'>hujus</span> <span class='ocrx_word' id='word_1_692' title='bbox 1356 3292 1456 3337; x_wconf 87' lang='lat' dir='ltr'>igitur</span> <span class='ocrx_word' id='word_1_693' title='bbox 1479 3293 1648 3334; x_wconf 85' lang='lat' dir='ltr'>praesertim</span> <span class='ocrx_word' id='word_1_694' title='bbox 1668 3290 1794 3326; x_wconf 87' lang='lat' dir='ltr'>articuli</span> <span class='ocrx_word' id='word_1_695' title='bbox 1815 3290 1954 3324; x_wconf 90' lang='lat' dir='ltr'>obtentu</span> <span class='ocrx_word' id='word_1_696' title='bbox 1977 3288 2116 3323; x_wconf 85' lang='lat' dir='ltr'>Acacius</span> <span class='ocrx_word' id='word_1_697' title='bbox 2134 3302 2138 3309; x_wconf 90' lang='lat'>·</span> 
     </span>
    </p>
   </div>
   <div class='ocr_carea' id='block_1_16' title="bbox 1240 3336 2115 3433">
    <p class='ocr_par' dir='ltr' id='par_1_17' title="bbox 1240 3336 2115 3433">
     <span class='ocr_line' id='line_1_108' title="bbox 1240 3336 2115 3394; baseline -0.01 -15"><span class='ocrx_word' id='word_1_698' title='bbox 1240 3345 1357 3379; x_wconf 64' lang='lat' dir='ltr'>Sancto</span> <span class='ocrx_word' id='word_1_699' title='bbox 1380 3341 1509 3386; x_wconf 86' lang='lat' dir='ltr'>Cyrillo</span> <span class='ocrx_word' id='word_1_700' title='bbox 1530 3341 1730 3387; x_wconf 74' lang='lat' dir='ltr'>gratulatur,</span> <span class='ocrx_word' id='word_1_701' title='bbox 1755 3341 1788 3375; x_wconf 73' lang='grc' dir='ltr'>ἃ</span> <span class='ocrx_word' id='word_1_702' title='bbox 1812 3340 1881 3390; x_wconf 88' lang='lat' dir='ltr'>agit</span> <span class='ocrx_word' id='word_1_703' title='bbox 1902 3340 2042 3394; x_wconf 78' lang='lat' dir='ltr'>gratias.</span> <span class='ocrx_word' id='word_1_704' title='bbox 2070 3336 2115 3370; x_wconf 83' lang='lat' dir='ltr'>Et</span> 
     </span>
     <span class='ocr_line' id='line_1_109' title="bbox 1993 3396 2065 3433; baseline 0.028 -14"><span class='ocrx_word' id='word_1_705' title='bbox 1993 3396 2065 3433; x_wconf 62' lang='lat' dir='ltr'>jure</span> 
     </span>
    </p>
   </div>
  </div>
 </body>
</html>
