2320 3730
599 157 908 213 Senonrs,
948 171 1012 201 Er
1047 153 1239 202 Norts
1275 166 1682 204 utusrRArAE.

1878 177 1973 221 213

213 244 281 281 hoc
299 245 407 280 firmat
429 253 471 277 ex
491 239 697 285 Apostolicis
723 243 764 277 ad
791 241 951 279 Hebraeos
977 240 1104 281 verbis,
1163 240 1246 275 vella
1266 238 1418 281 refutari,
1444 239 1480 273 ὦ·
1505 249 1564 271 non
1581 238 1726 283 suftipere
1739 245 1784 278 ad
1801 246 1947 287 injuriam
1963 253 2046 287 prae.

213 309 286 340 quae
306 292 475 329 Christum
508 291 708 328 Pontificem
730 294 866 329 laudant
888 294 951 327 esse
971 291 1101 327 fidelem

1164 291 1328 324 cedentium
1339 314 1350 329 ,
1373 288 1584 333 ,quaeperfedla
1610 290 1737 331 existunt
1748 317 1759 333 ,
1786 294 1943 338 horumque
1953 296 1997 329 ad
2006 306 2048 329 re.

212 348 275 381 suo
296 343 425 378 Fauori
445 368 452 375 .
489 341 643 385 Ejusdem
665 345 774 379 sensus
796 346 930 379 fuerunt
952 342 1105 378 Andreas
1165 347 1326 382 ceptionem
1335 350 1392 374 non
1404 348 1507 384 egent.
1533 340 1615 378 Hac
1627 342 1796 381 manifeste
1808 344 1966 389 dirigitin
1980 355 2050 381 om-

212 394 443 432 Samosatenfis
463 405 501 428 ac
513 393 747 429 Theodoretus
759 420 771 435 ‚
798 395 927 437 insuper
953 393 1104 428 accusan-

212 456 261 481 tes
283 443 470 487 Cyrillum,
496 445 585 488 quod
609 443 844 489 Apostolatum
867 456 905 478 ac
924 443 1106 482 Pontifica-

211 504 285 530 tum
307 494 467 536 adscribat
489 495 623 535 Divinae
642 505 787 536 naturae,
813 494 954 536 ideoque
978 493 1104 527 incidat

210 545 249 579 in
268 546 472 580 confusionis
499 543 733 590 blasphemiam
756 570 765 577 .
790 543 839 578 At
861 542 1011 578 lucidum
1037 541 1105 582 est,

210 595 304 640 quod
319 595 385 639 ipsa
409 595 568 630 adscribat
589 596 652 631 soli
668 595 801 633 Divinae
821 592 984 637 hypostasi
997 619 1009 635 ,
1035 603 1106 637 quae

210 646 262 682 uti
272 656 445 690 utramque
465 656 636 687 naturam,
660 646 706 686 ita
717 644 886 689 utriusque
909 642 1009 679 habet
1023 643 1106 684 idio·

210 707 318 736 mataf
832 695 835 697 ’

237 745 418 783 Eutherius
428 747 556 783 invadit
564 745 664 785 etiam
675 746 892 782 undecimum
903 745 1107 790 Capitulum:

212 800 247 832 Si
256 803 324 840 quis
336 802 461 832 Domini
469 806 589 831 carnem
614 796 704 838 ipsius
718 798 807 832 Verbi
823 803 981 841 propriam
989 797 1041 839 effe
1051 806 1108 833 ne-

210 847 509 893 gaverit,anatbema
515 847 744 889 fit.Existimat
752 848 793 884 ab
802 850 873 893 ipso
882 844 1109 893 dogmatizari,

213 898 306 942 quod
325 898 498 939 Dominus
526 908 657 934 carnem
679 910 749 934 non
782 911 824 934 ex
844 899 955 933 nostra
986 895 1109 936 massa,

214 946 271 983 sed
281 947 415 985 aliunde
427 949 612 993 acceperit,
638 948 782 993 ideoque
798 948 947 988 habuerit
969 945 1026 980 fibi
1037 956 1108 990 pro-

213 998 342 1043 priam3
368 999 571 1043 singularem
585 1021 597 1038 ‚
623 998 766 1037 &nobis
779 1008 848 1032 non
870 1007 1107 1037 communem,

214 1058 272 1081 aut
291 1044 604 1086 consubstantialem
628 1071 635 1078 .
663 1045 762 1083 Istam
781 1048 887 1085 carnis
909 1059 947 1083 ac
967 1048 1106 1086 animae,

213 1108 254 1131 ac
265 1108 305 1130 ex
317 1096 390 1140 ipsis
410 1097 683 1141 consequentium
697 1098 945 1134 Attributorum
970 1098 1011 1132 ad
1027 1097 1107 1131 Ver-

213 1146 296 1181 bum
308 1147 542 1190 proprietatem
565 1146 698 1192 peffime
709 1148 784 1183 odit
793 1151 893 1183 etiam
911 1148 1103 1186 Nestorius,-

212 1196 343 1241 Scripsit
363 1197 452 1233 enim
475 1197 517 1235 ad
537 1197 691 1232 Sanctum
715 1199 882 1241 Cyrillum
897 1213 909 1232 .·
935 1199 1060 1232 Ree‘lum
1075 1209 1109 1230 ac

212 1248 412 1291 Evangelicae
429 1249 588 1286 traditioni
604 1246 830 1292 consentaneum
858 1248 914 1289 est,
939 1257 974 1287 ut
994 1247 1106 1287 Christi

212 1305 317 1339 corpus
326 1298 376 1340 esse
387 1301 574 1332 Divinitatis
589 1299 730 1340 templum
741 1299 934 1342 confiteamur
945 1324 955 1340 ,
979 1300 1109 1341 illudque

213 1347 397 1391 metuasque
410 1350 484 1381 adeo
500 1347 646 1391 sublimi,
673 1352 844 1393 Divinoque
865 1349 1108 1387 &admirabili,

214 1396 273 1440 ipfi
288 1398 473 1439 conJunt‘lum
487 1422 499 1438 ‚
522 1407 557 1431 ut
581 1400 719 1435 dicamus
734 1403 888 1438 Divinam
897 1408 1039 1433 naturam
1050 1398 1108 1442 fibi

214 1459 252 1482 ea
269 1450 429 1482 vindicare
441 1472 453 1488 ,
478 1459 547 1490 quae
568 1455 696 1491 corporis
723 1452 855 1493 alioquin
872 1450 946 1495 sunt
962 1455 1107 1493 propria,-

215 1502 325 1533 Verum
340 1506 465 1540 propter
489 1497 566 1532 banc
592 1505 864 1541 appropriationem
885 1504 1002 1534 Divino
1014 1500 1109 1538 Verbo

215 1547 384 1591 adscribere
397 1553 595 1584 nativitatem
610 1571 623 1593 ,
647 1551 825 1592 paffionem‚
851 1558 996 1591 mortem,
1023 1560 1109 1583 caete.-

215 1596 324 1641 rasque
337 1603 436 1631 carim
442 1604 645 1639 proprietates
657 1623 668 1639 ‚
693 1600 731 1631 id
741 1601 860 1634 demum
870 1605 981 1634 mentis
1003 1599 1043 1640 est
1055 1609 1109 1633 aut

217 1647 417 1682 Ethm'corum
441 1659 520 1681 more
540 1650 611 1682 vere
631 1655 765 1682 errantis
785 1675 796 1691 ,
831 1659 885 1683 aut
909 1652 987 1687 certe*
1008 1649 1109 1693 insani

218 1699 414 1741 Apollini-ii,
443 1699 552 1737 &Arii
571 1722 583 1739 ,
607 1699 788 1743 aliorumque
800 1706 1015 1741 Haerettcorum
1035 1713 1110 1735 m0r0

216 1748 274 1789 bo,
301 1757 355 1781 aut
378 1750 437 1782 alio
458 1753 549 1785 etiam
564 1756 702 1792 graw'ort
720 1751 883 1783 laborantis
896 1775 904 1783 .
932 1753 1050 1795 Neceffe
1073 1751 1110 1792 est

216 1805 298 1833 enim
320 1798 386 1839 istos
405 1809 460 1841 per
482 1806 739 1840 appropriationis
762 1801 937 1834 vocabulum
956 1805 989 1835 εὸ
1008 1802 1111 1840 trahi,

215 1858 250 1881 ut
259 1852 354 1881 Deum
367 1849 495 1886 Verbum
516 1850 687 1882 laetationis
708 1856 889 1892 participem
912 1850 1109 1894 &succedant

216 1903 393 1931 incrementi
415 1907 551 1940 capacem
575 1923 587 1940 ,
625 1902 659 1936 (9-
682 1900 716 1932 ob
734 1901 952 1942 fortitudinem
982 1910 1111 1944 tempore

213 1949 353 1990 paffionts
374 1950 581 1990 declaratam,
611 1952 741 1993 Angelici
759 1950 891 1993 praest'dii
915 1952 1112 1995 indigumfa-

216 2004 301 2031 ciant
318 2023 326 2030 .
357 1998 515 2042 Aliquam
538 2000 836 2044 appropriationem
859 2013 929 2035 non
951 2002 1111 2046 praesumit

217 2048 358 2082 inficiari
369 2073 376 2081 .
405 2048 453 2082 At
464 2049 565 2082 talem
577 2060 615 2083 ac
626 2059 753 2085 tantam
766 2076 777 2090 ‚
806 2062 877 2092 quae
896 2049 955 2086 has
968 2051 1110 2093 proposi·

216 2098 346 2138 tiones,
376 2101 460 2131 Deus
481 2097 520 2136 est
544 2107 636 2131 natus
660 2110 697 2131 ex
719 2103 860 2142 Virgine,
880 2100 987 2143 passus
1001 2125 1012 2141 ‚
1038 2110 1111 2133 mor-

216 2156 309 2188 tuus,
335 2147 478 2193 aliasque
498 2147 618 2182 similes
643 2149 812 2189 verificet‚
838 2149 1048 2194 pertinaciter
1069 2151 1112 2183 as-

216 2198 343 2231 severat
362 2200 425 2231 effe
448 2198 610 2242 gentilem
626 2222 637 2238 ,
665 2198 992 2242 Apollinaristicam,
1019 2199 1114 2233 Aria·

218 2257 298 2281 narn
312 2270 319 2278 .
346 2247 482 2290 Utpote
502 2258 572 2289 quae
592 2248 695 2291 ipsam
716 2248 885 2282 Deitatem
910 2248 1112 2292 blasphemet

219 2297 341 2341 passam
352 2308 390 2330 ac
403 2305 566 2331 mortuam
577 2322 585 2330 .
613 2297 745 2332 Etenim
759 2298 818 2332 ista
832 2299 1054 2343 appropriatio
1066 2298 1112 2332 est

220 2347 305 2385 unio
340 2346 519 2382 secundum
558 2348 773 2392 Hypostasim
801 2349 958 2386 Nestorio
984 2350 1112 2392 penitus

220 2396 321 2430 exosa
342 2407 352 2436 ;
392 2396 527 2439 Utpote
551 2398 648 2439 plena
681 2398 749 2440 ejus
772 2398 892 2432 eversio
913 2423 921 2430 .
950 2398 1088 2432 Praefata
1104 2423 1115 2439 ‚

221 2445 355 2479 alterius
372 2454 482 2478 tamen
506 2446 752 2487 translationis,
778 2446 925 2481 Nestorii
947 2447 1042 2482 verba
1053 2448 1114 2482 ad·-

222 2494 315 2528 ducit
337 2495 372 2528 in
386 2496 442 2533 sua
462 2505 577 2533 contra
591 2495 779 2541 Acephalos
799 2497 1022 2546 disputatione
1044 2498 1113 2537 Ru·

220 2545 320 2582 ssicus
331 2544 506 2579 Diaconus
517 2569 527 2585 ,
553 2556 592 2578 ac
602 2545 730 2579 erudite
748 2547 868 2581 refutat
878 2573 885 2579 .

273 2592 448 2628 Eutherius
474 2594 676 2638 singulariter
700 2606 738 2628 ac
762 2595 967 2631 hostilissime
986 2598 1113 2633 invadit

221 2644 460 2680 duodecimum
482 2645 678 2688 Capitulum
703 2659 714 2683 ,-
739 2648 773 2679 si
795 2652 862 2689 quis
885 2658 943 2680 non
962 2649 1113 2692 confitetur

221 2700 317 2729 Deum
343 2695 471 2733 Verbum
492 2706 581 2729 carne
603 2704 750 2731 mortuum
769 2718 780 2735 ‚
805 2707 894 2732 carne
923 2698 1113 2740 crucifixum,

221 2757 310 2779 carne
332 2754 455 2782 mortem
471 2744 614 2788 gustaffe,
639 2747 674 2779 o·
697 2749 930 2790 Primogenitum
940 2750 1063 2783 tandem
1073 2761 1111 2788 ex

221 2800 348 2830 mortuis
364 2795 486 2843 fas‘lum
505 2796 577 2839 effe,
603 2795 764 2831 anathema
780 2797 838 2839 fit.
866 2797 1004 2833 Peffime
1025 2798 1111 2834 inter

220 2847 338 2881 omnia
362 2848 485 2890 semper
506 2846 579 2880 odit
607 2846 693 2880 istud
720 2847 911 2895 Capitulum
932 2874 944 2891 ‚
970 2848 1111 2894 ideoque

221 2897 342 2931 clamat
367 2897 403 2935 in
431 2896 578 2940 praesenti
598 2896 734 2940 epistola
759 2910 767 2930 :
791 2901 874 2943 ‚Quis
895 2899 1010 2933 cunnos
1025 2899 1113 2942 fimul

221 2947 344 2980 santio:
366 2944 617 2989 anathematismo
636 2944 808 2989 supponat?
833 2952 913 2994 ,Quis
930 2956 1010 2984 enim
1019 2952 1109 2985 dixe·-

222 3001 266 3029 rit
287 3000 384 3030 Deum
399 2997 525 3031 Verbum
531 2995 646 3041 paffum
656 3007 767 3039 carne,
791 3000 827 3034 6·
840 3000 1012 3043 crucifixum
1020 3013 1109 3035 carne

221 3047 257 3080 (θ’
281 3048 513 3090 Primogenitum
534 3059 573 3082 ex
584 3052 707 3083 mortuis
734 3059 798 3085 eum
815 3057 866 3093 qui
874 3050 994 3095 semper
1004 3057 1107 3093 vivit,

220 3106 257 3129 ac
278 3094 316 3135 est
340 3098 539 3131 immortalis?
565 3097 610 3131 Et
621 3096 790 3145 adjungit:
817 3103 863 3134 De
873 3102 979 3144 quibus
989 3107 1109 3136 convin-

220 3156 285 3180 cere
306 3147 425 3189 quidem
446 3147 540 3180 latius
561 3146 599 3190 cst
618 3146 731 3190 facil&
751 3149 824 3195 ficut
823 3150 946 3193 sallum
954 3153 991 3192 est
1003 3159 1035 3185 in
1045 3165 1105 3187 con-

220 3196 471 3236 tractationibus,
499 3207 566 3241 quae
589 3199 610 3234 a
635 3199 757 3240 multis,
782 3202 816 3238 ψ
838 3204 935 3244 quaea
948 3202 1105 3245 nobisipsis

213 3245 416 3290 faeiaesunt3
445 3251 539 3281 Nunc
549 3250 621 3285 vere
634 3271 645 3288 ,
671 3254 779 3292 quippe
790 3257 864 3288 utin
884 3252 1020 3295 epistola,
1045 3254 1105 3287 bre-

220 3301 299 3329 viter
309 3300 410 3340 neceffe
423 3296 460 3336 es}
467 3295 650 3342 subsignare.
680 3302 760 3335 Dum
771 3303 847 3337 certe
858 3302 1016 3347 ettamfine
1027 3309 1105 3336 omni

219 3350 372 3390 impietate
381 3347 539 3390 manifesta
550 3349 637 3392 effent
647 3374 658 3392 ‚
685 3347 834 3396 oportebat
844 3360 946 3388 tamen
965 3366 1001 3388 ea
1014 3364 1046 3389 ut
1056 3365 1104 3388 no-

1153 2199 1158 2277 Ι

1153 2291 1159 2368 l

1168 391 1222 425 nia
1234 391 1388 435 Capitula
1402 385 1416 423 .’
1439 389 1593 429 ,Αίῖἰῐωαῑ
1602 391 1668 434 ipsa
1677 417 1688 433 ,
1714 391 1790 430 licet
1801 393 1911 436 aliquo
1924 397 2027 430 modo
2038 419 2050 436 ‚

1169 453 1206 475 ac
1217 441 1251 474 in
1264 443 1357 477 sensu
1369 452 1424 486 per
1432 439 1604 476 authorem
1616 442 1746 478 intento
1754 443 1859 478 ‚essent
1870 453 1942 477 vera
1956 468 1966 482 ,
1989 447 2053 479 effe

1169 501 1280 526 tamen
1299 491 1462 527 abolenda
1484 504 1522 527 ac
1534 492 1744 533 damnanda:
1772 492 1863 539 Qia
1875 504 1959 526 nova
1972 517 1983 533 ‚
2009 495 2055 527 in-

1170 542 1257 576 sueta
1274 568 1285 584 ,
1315 543 1475 586 superflua
1497 567 1509 584 ,
1536 544 1678 588 suspesta
1706 568 1718 586 ‚
1746 542 1934 580 scandalosa
1956 567 1963 574 .
2002 543 2055 577 Ex

1169 603 1237 636 quo
1250 591 1338 627 vides
1350 593 1436 629 hanc
1446 593 1708 630 damnandarum
1720 593 1982 637 propositionum
1992 594 2056 631 for-

1170 653 1258 680 mam
1271 653 1339 677 non
1349 645 1413 678 esse
1437 655 1558 680 novam
1568 645 1604 679 in
1616 644 1759 680 Ecclesia
1771 639 1782 677 .”

1221 692 1509 732 (Ξουῑτειάἰρὶίοῃεε
1521 720 1533 736 ,
1559 705 1639 740 quas
1658 694 1826 731 adversum
1847 693 2003 739 Capitula
2013 693 2060 728 af-

1171 741 1278 776 firmat
1298 744 1397 777 saetas
1419 767 1431 783 ,
1456 743 1475 777 ὲ
1498 745 1612 780 multis
1631 770 1643 787 ,
1670 747 1743 781 sunt
1762 744 1905 780 omnino
1932 743 2061 787 Scripta.

1172 790 1382 830 Theodoreti
1405 817 1417 832 ‚
1445 805 1484 828 ac
1492 796 1664 837 praesettim
1677 795 1818 832 Andreae
1829 794 2059 830 samosatensis

1173 842 1350 887 Episcopi.
1376 842 1447 882 Hic
1466 843 1557 882 enim
1581 845 1700 889 scripsit
1719 859 1790 882 non
1808 858 1850 881 ex
1864 847 1922 880 suo
1933 845 2064 879 dumta-

1172 903 1249 934 xat,
1275 892 1331 928 sed
1342 905 1383 928 ex
1396 895 1571 937 omnium,
1595 898 1701 930 revera
1714 898 1914 937 multorum,
1941 896 2062 930 Orien-

1173 942 1290 978 talium
1311 944 1553 988 Episcoporum
1576 944 1731 979 nomine.
1761 948 1867 992 Qod
1893 944 2061 981 etiamalii

1173 993 1280 1038 plures
1304 994 1486 1038 scripserint
1503 1019 1515 1035 ,
1542 995 1678 1030 testatur
1696 993 1934 1034 Theodoretus
1956 997 1991 1030 in
2011 995 2063 1029 lit-

1173 1045 1249 1078 teris
1267 1044 1309 1079 ad
1331 1046 1507 1083 Domnum
1519 1044 1711 1083 Antiochiae
1722 1044 1945 1084 patriarcham
1958 1059 1968 1079 .-
1995 1049 2065 1078 Ex-

1167 1094 1252 1141 stant
1270 1097 1411 1134 synodica
1430 1093 1590 1138 plusquam
1610 1099 1856 1139 quinquaginta,
1880 1107 1948 1137 quae
1958 1096 2065 1130 duode-
2081 1082 2242 1130 {Pistam

1171 1153 1230 1183 eim
1250 1149 1399 1188 capitum
1418 1144 1635 1188 accusationem
1658 1145 1863 1186 demonstrant
1880 1170 1888 1178 .
1917 1149 2004 1177 Nam
2028 1147 2063 1179 (9⁸

1166 1195 1346 1239 priusquam
1367 1195 1522 1240 Ephesum
1543 1201 1656 1232 iremus
1677 1219 1689 1236 ‚
1715 1199 1833 1233 Beatus
1851 1199 1998 1241 Joannes
2020 1196 2065 1228 ad

1170 1248 1232 1283 Deo
1254 1245 1429 1287 chariffimos
1442 1245 1606 1289 Episcopos
1615 1245 1728 1291 scripsit
1738 1272 1748 1288 ‚
1775 1246 1959 1280 Eutherium
1970 1244 2064 1284 Thya·

1171 1308 1274 1330 norum
1285 1320 1296 1337 ,
1323 1301 1462 1335 Firmum
1479 1295 1639 1339 Caesaraeae
1651 1291 1673 1339 ,¹
1690 1299 1724 1332 t&
1734 1296 1912 1332 Theodotum
1924 1300 2043 1335 Ancyrae
2053 1319 2066 1335 ,

1171 1348 1352 1389 Apollinaris
1373 1347 1720 1391 dollrinam‘appellans
1754 1347 1819 1383 baec
1840 1353 1956 1390 Capita
1980 1372 1988 1380 .
2018 1349 2064 1379 Et

1171 1398 1257 1440 apud
1266 1396 1419 1440 ,Ephesum
1431 1399 1635 1436 Alexandrini
1644 1409 1679 1431 ac
1689 1398 1831 1440 prefini
1846 1396 2040 1440 Deposirt'onis
2051 1420 2064 1436 ,

1172 1459 1261 1490 quam
1278 1447 1408 1490 fecimus
1420 1473 1431 1490 ,
1457 1447 1547 1492 causa
1565 1449 1632 1491 fuit
1643 1449 1758 1488 istorum
1770 1454 1915 1492 capitum
1927 1446 2064 1492 expositio

1173 1501 1207 1532 (9¹
1229 1498 1428 1540 confirmatio.
1457 1501 1596 1538 synodica
1608 1502 1698 1546 porro
1720 1497 1833 1543 prefi
1847 1500 1943 1535 multa
1963 1523 1974 1539 ,
2000 1506 2065 1530 tum

1174 1551 1218 1582 ad
1226 1549 1371 1582 Vic‘lorem
1383 1553 1593 1592 Imperatorem
1604 1574 1615 1590 ,
1643 1559 1708 1583 tum
1718 1551 1762 1582 ad
1764 1548 1896 1594 summos
1910 1546 2068 1590 Magistra-

1172 1609 1245 1640 tus,
1271 1600 1308 1636 de
1329 1599 1440 1643 eisdem
1456 1599 1575 1643 stripta
1594 1598 1687 1642 sunt:
1710 1604 1842 1641 Itemque
1863 1599 1907 1630 ad
1919 1597 2065 1638 Populum

1173 1648 1548 1692 constantinopolitanum,
1578 1650 1612 1682 o·
1633 1650 1678 1682 ad
1700 1648 1978 1688 Reverendi'fflmum
2001 1646 2067 1678 Cle-

1173 1712 1239 1733 rum
1253 1727 1260 1734 .
1290 1702 1376 1743 ,Quin
1396 1704 1487 1735 etiam
1512 1698 1792 1741 Constantinopolim
1808 1703 1945 1738 evocati,
1971 1702 2066 1740 cognt-

1173 1756 1264 1783 tiones
1283 1748 1431 1794 praesente
1457 1748 1520 1794 ipso
1539 1754 1722 1792 Imperatore
1744 1754 1854 1792 quinae
1883 1747 2041 1781 babuimus
2054 1758 2065 1778 .-

1174 1804 1220 1832 Et
1240 1810 1301 1834 tres
1317 1801 1380 1841 post
1403 1800 1468 1833 baec
1489 1800 1532 1831 ad
1549 1802 1674 1833 eundem
1680 1799 1904 1841 protestationes
1917 1796 2062 1838 misimus.

1175 1852 1219 1883 De
1230 1849 1276 1882 hts
1290 1855 1381 1882 etlam
1396 1851 1442 1882 ad
1453 1853 1510 1882 Dei
1523 1850 1733 1889 amantiffimos
1755 1852 1786 1880 E
1786 1847 1916 1891 piscopos
1929 1847 2065 1879 Occiden-

1175 1905 1237 1940 tis,
1265 1900 1448 1939 Mediolani,
1475 1901 1619 1942 Aquilejae
1632 1923 1642 1939 ‚
1670 1900 1705 1933 (ν’
1723 1902 1881 1932 Ravennae
1898 1895 2064 1941 scripsimus

1176 1948 1410 1992 apollinarisque
1431 1954 1576 1983 novitatis
1593 1951 1688 1991 plena
1710 1948 1762 1990 effe
1785 1951 1932 1981 docuimus
1957 1972 1963 1979 .
1988 1946 2064 1979 Tot

1174 2010 1284 2034 motus
1295 2010 1391 2043 atque
1404 1999 1542 2032 insultus
1555 2000 1629 2032 sunt
1642 1999 1718 2032 fasti
1735 2008 1851 2031 contra
1865 1997 1921 2030 issa
1933 1996 2066 2039 Capitu-

1174 2049 1205 2080 la
1220 2072 1227 2079 .
1255 2049 1300 2081 Et
1320 2060 1379 2084 eos
1400 2059 1518 2082 omnes
1540 2048 1718 2083 Eutherius
1741 2044 2064 2090 JoanniPatriarchae

1173 2097 1299 2135 reducit
1323 2101 1358 2131 in
1383 2098 1596 2135 memoriam.

1224 2147 1330 2181 Addit
1341 2147 1373 2181 &
1385 2147 1456 2185 suas
1467 2149 1747 2182 contradictiones
1758 2172 1769 2188 ,
1794 2150 1827 2182 &
1838 2148 1970 2190 quidem
1985 2147 2064 2180 lon-

1173 2209 1231 2243 gas
1243 2222 1251 2229 .
1277 2196 1380 2230 Haud
1400 2196 1500 2230 dubie
1511 2197 1556 2230 est
1568 2197 1654 2230 istud
1667 2208 1770 2240 opus,
1798 2198 1888 2241 quod
1899 2198 2005 2231 exstat
2016 2197 2065 2230 in-

1174 2258 1222 2280 ter
1241 2256 1339 2290 opera
1352 2246 1460 2279 Sancti
1474 2243 1647 2280 Athanasii
1662 2272 1669 2278 .
1698 2247 1806 2290 Ipsum
1819 2247 1908 2281 enim
1919 2244 2064 2280 habet&

1174 2305 1272 2340 caput
1293 2307 1370 2329 curn
1393 2294 1457 2330 hoc
1479 2295 1600 2330 titulo:
1628 2298 1799 2331 Adversum
1817 2308 1864 2330 eos
1876 2303 1927 2339 qui
1937 2297 2060 2336 dicunt,

1176 2349 1256 2383 Deus
1268 2346 1397 2380 Verbum
1416 2345 1454 2386 est
1461 2345 1563 2389 passus
1576 2354 1677 2382 carne
1691 2371 1698 2379 .
1726 2348 1880 2381 Affirmat
1892 2349 1984 2382 istam
1994 2357 2065 2391 pro-

1174 2396 1367 2440 positionem
1379 2397 1442 2430 esse
1455 2407 1580 2430 novum
1590 2397 1711 2441 dogma
1723 2421 1734 2437 ‚
1762 2408 1882 2431 vocum
1901 2398 2064 2431 novitates

1175 2446 1351 2483 absurdum
1372 2457 1410 2482 ac
1436 2444 1476 2479 ad
1503 2447 1809 2482 circumveniendos
1838 2447 2063 2490 Simpliciores

1173 2496 1357 2541 petulanter
1374 2496 1602 2540 excogitatum
1622 2508 1850 2532 commentum
1869 2521 1879 2536 ‚
1904 2499 1938 2531 &
1959 2497 2064 2540 prose-

1175 2546 1303 2590 quitur:
1330 2548 1405 2589 ,Qua
1427 2558 1464 2579 ex
1482 2545 1633 2590 sententta
1654 2546 1756 2590 rursus
1770 2557 1834 2581 tum
1844 2550 1939 2581 multa
1950 2552 2060 2581 rationi

1174 2608 1234 2630 non
1255 2594 1450 2639 consentanea
1463 2619 1474 2636 ‚
1501 2605 1567 2629 tum
1589 2588 1722 2639 absurda
1746 2600 1837 2632 multo
1858 2599 1950 2640 plura
1968 2596 2062 2640 conse·

1173 2656 1304 2692 quuntur
1316 2670 1323 2677 .
1352 2650 1431 2679 Cum
1439 2651 1555 2681 ratione
1565 2647 1714 2689 dissentit,
1741 2649 1823 2694 quod
1830 2650 1956 2681 alterum
1967 2650 2060 2681 altero

1173 2698 1277 2733 dicant
1284 2701 1374 2739 pati.
1402 2698 1499 2740 'Quod
1518 2702 1551 2729 in
1577 2702 1756 2741 tegumentis
1766 2698 1917 2732 evolutum
1924 2697 2062 2740 proferre

1173 2759 1231 2783 non
1253 2748 1387 2787 audent,
1414 2748 1450 2781 id
1468 2752 1568 2781 carnis
1591 2748 1771 2782 occultarunt
1783 2749 1946 2782 involucris
1959 2774 1969 2789 ‚
1991 2746 2062 2790 sen-

1173 2803 1276 2833 tentiae
1298 2795 1515 2839 absurditatem
1538 2822 1549 2838 ‚
1571 2800 1700 2839 perinde
1721 2809 1756 2831 ac
1777 2807 1895 2839 turpem
1908 2798 2056 2839 faciens,

1173 2846 1270 2890 dolosa
1293 2847 1384 2880 larva
1410 2849 1562 2884 velantes.
1590 2850 1620 2882 51·
1645 2852 1728 2882 Deus
1750 2848 1875 2881 Verbum
1881 2848 1981 2890 passus
1996 2847 2056 2888 est,·

1172 2904 1205 2933 in
1225 2896 1380 2941 semetipsis
1407 2897 1444 2938 est
1461 2899 1564 2942 paffus
1576 2923 1583 2930 .
1610 2901 1664 2932 Sin
1684 2899 1762 2940 quid
1778 2899 1864 2931 aliud
1868 2898 1982 2940 passum
1993 2897 2033 2936 est
2045 2922 2056 2938 ,

1172 2948 1251 2982 nibil
1259 2950 1295 2981 id
1301 2950 1345 2981 ad
1354 2947 1492 2982 verbum:
1525 2954 1561 2981 N
1565 2947 1599 2989 isi
1619 2950 1700 2993 quod
1718 2950 1830 2989 injuria
1849 2947 1913 2991 sola
1921 2953 2056 2990 patienti

1170 3004 1281 3041 corpori
1301 3000 1391 3033 illata
1410 3000 1537 3034 relative
1559 2999 1604 3030 ad
1613 3003 1729 3031 unitum
1740 3004 1836 3032 Carni
1847 2999 1972 3032 Verbum
1984 3004 2057 3031 reci·

1168 3050 1235 3085 dit.
1265 3050 1372 3083 Modus
1382 3048 1539 3090 autemiste
1548 3049 1706 3090 loquendi,
1731 3048 1823 3085 Deus
1847 3048 1995 3083 Verbum
2008 3048 2054 3082 est

1168 3101 1270 3145 passus
1295 3100 1403 3134 Carne
1421 3124 1432 3141 ,
1455 3108 1660 3143 praeterquam
1680 3100 1762 3141 quod
1764 3098 1925 3144 scripturae
1936 3105 2054 3143 ignotus

1166 3161 1200 3183 ac
1223 3156 1401 3195 peregrinus
1415 3149 1455 3191 fit
1479 3147 1607 3191 seipsum
1628 3153 1719 3184 etiam
1745 3156 1856 3183 evertit
1877 3154 2055 3191 minimeque

1163 3199 1288 3237 cobaeret
1303 3225 1311 3233 .
1339 3201 1398 3235 Sed
1420 3204 1490 3244 quia
1507 3200 1620 3232 nullum
1633 3198 1690 3243 fibi
1722 3198 1948 3243 blasphemandi
1965 3198 2054 3241 finem

1161 3249 1403 3296 prescripserunt
1417 3264 1427 3283 :
1454 3251 1487 3283 (5
1497 3251 1569 3282 vero
1576 3248 1706 3291 pbrafim
1718 3249 1795 3284 banc
1806 3252 1898 3285 Deus
1906 3249 2053 3286 Verbum

1163 3301 1207 3334 est
1230 3302 1334 3344 passus
1349 3326 1361 3342 ,
1380 3306 1451 3343 pias
1474 3311 1561 3333 aures
1584 3301 1660 3332 nullo
1672 3302 1756 3334 modo
1767 3310 1936 3344 recepturas
1948 3305 2053 3333 norunt

1163 3351 1318 3388 verborum
1343 3349 1517 3386 vulneribus
1536 3349 1653 3392 adjuvo
1678 3352 1840 3394 vocabulo,
1861 3351 1970 3384 Carne
1993 3359 2050 3381 me-

1875 3399 2004 3434 dendum
