2320 3730
95 1046 259 1124 {xl-‘³2:205‘
275 1062 310 1097 te
334 1074 475 1108 quatuor
500 1077 606 1100 annos
618 1091 629 1108 ‚
655 1077 735 1102 mox
746 1078 783 1102 ut
793 1069 884 1102 venit
895 1067 936 1101 ab
947 1068 1105 1111 AEgypto
1117 1077 1164 1101 ter

96 1125 208 1164 scm-pm
219 1112 257 1158 est
275 1113 397 1147 Beatus
411 1114 555 1156 Paulus,
579 1116 615 1149 ἀ
627 1117 766 1149 fecimus
783 1141 793 1156 ,
819 1116 1010 1160 &egimus,
1037 1117 1072 1150 ἀ
1083 1115 1166 1150 dixi-

92 1165 168 1241 ίίίτῶἓ
183 1168 257 1238 lipsi,
271 1174 348 1201 mus
363 1189 370 1196 .
396 1163 457 1199 Sed
469 1164 582 1198 nescio
592 1163 678 1198 unde
703 1165 799 1199 nobis
810 1165 844 1199 ἀ
867 1166 1019 1199 Ecclefiis
1028 1166 1070 1200 ab
1080 1165 1161 1201 olim

377 191 473 242 356

300 269 383 307 Deo,
411 270 526 304 Lumen
546 276 584 307 ex
609 271 757 312 Lumine,
783 274 880 304 Deum
890 278 995 302 verum
1003 279 1042 300 ex
1056 271 1116 301 Deo
1126 277 1177 301 ve-

292 328 350 355 ro,
371 323 505 359 gemtum
526 330 584 353 non
599 319 744 361 sadum,
768 317 1038 360 consubstantialem
1064 319 1176 358 Patri,

287 373 348 410 per
358 374 445 408 quem
454 368 722 413 omniafacJasunt
732 392 744 408 ‚
769 377 837 409 quae
845 374 879 399 tn
900 368 966 400 ιιι-1ο
978 390 989 406 ,
1015 368 1050 401 ὁ·
1063 377 1132 409 quae
1142 373 1176 401 tn

293 424 376 449 terra
390 441 398 448 .
423 419 488 461 ‚Qui
494 426 614 460 propter
624 429 675 450 nos
687 417 817 449 homines
829 439 841 456 ‚
866 418 901 450 ὁ·
917 424 1040 459 propter
1050 416 1175 457 nostram

288 463 419 507 salutem
434 466 584 511 'defi'endt't
592 491 602 506 ‚
630 471 803 499 incarnatus
815 489 827 505 ,
854 466 1116 500 &inhumanatus
1127 467 1176 507 est,

286 508 396 559 ¹Paffus
406 517 444 557 est
452 542 462 557 ,
490 519 524 551 Θ
536 513 698 558 resurrexit
707 521 799 549 tertia
811 516 860 549 dle
872 541 883 557 ‚
909 514 1061 559 adscendit
1071 523 1103 549 tn
1114 527 1173 551 coe-

287 566 332 601 10}
346 589 358 606 ,
379 565 464 609 sedet
480 566 524 597 ad
541 565 699 598 dexteram
725 568 850 605 Patris,
876 575 1024 600 venturus
1048 566 1174 607 estjudi-

285 625 354 654 care
367 639 377 655 ,
404 621 494 648 vivos
517 615 552 648 (9⁶
574 624 717 649 mortuos.
745 619 791 648 Et
813 621 846 648 in
863 618 1006 659 Spiritum
1015 617 1170 650 Sanctum.

335 668 398 697 Eos
419 673 541 704 autem,
565 670 617 708 qui
636 666 737 698 dicunt
749 689 760 705 ,
785 668 868 699 Erat
889 668 1008 710 quando
1022 676 1169 709 nonerat,

285 715 320 748 ὁ·
339 718 410 756 quia
420 726 459 748 ex
470 726 527 747 non
537 714 719 757 Entibusfa
726 715 790 748 equs
806 715 844 756 est
854 740 866 757 ,
891 725 942 750 aut
950 728 988 751 ex
999 718 1097 752 altera
1100 716 1171 759 sub-

280 763 408 804 fistentia
434 788 445 804 ‚
473 766 601 799 dicentes
621 766 672 808 effe
695 764 860 800 vertibilem
884 791 896 807 ,
923 776 978 801 aut
999 767 1169 802 mutabilem

283 814 398 845 Filium
420 815 498 855 Det,
525 814 576 848 bos
599 814 838 851 anathematizat
863 817 1016 852 catholica
1042 820 1076 853 Θ
1097 823 1169 861 Apo-

280 860 379 900 stolica
390 863 523 906 Ecclefia.

330 914 412 946 Haec
426 914 466 948 ad
478 925 591 950 eorum
606 916 854 953 satisfactionem
865 943 876 959 ,
903 918 961 963 qui
982 917 1167 953 satisfactio-

278 974 322 996 ne
345 963 519 1009 indigent,
545 977 602 1009 per
622 977 714 1002 tuam
734 968 913 1003 direximus
936 969 1162 1003 sanctitatem.

281 1012 360 1046 Nos
378 1016 466 1048 enim
479 1016 592 1050 omnia
606 1041 618 1058 ,
644 1028 856 1062 quaecumque
865 1020 1012 1062 oportuit
1025 1018 1092 1052 fieri
1109 1029 1163 1051 an-

279 1222 468 1258 procuratus
478 1212 523 1247 est
536 1214 641 1248 malus
654 1214 712 1249 iste
723 1216 876 1249 circuitus
886 1239 897 1254 ,
918 1215 974 1258 qui
987 1216 1163 1251 revolvitur

278 1262 458 1304 mordens,
485 1275 555 1299 non
579 1264 684 1298 solum
703 1290 713 1306 ,
738 1264 897 1310 quantum
909 1266 1056 1307 videtur,
1080 1277 1163 1306 nos,

272 1312 332 1347 -sed
360 1313 392 1347 ὅ(
403 1325 459 1348 eos
477 1338 488 1355 ‚
512 1314 569 1356 qui
580 1313 702 1358 ubique
714 1317 811 1357 sunt,
839 1315 896 1350 nifi
909 1326 997 1351 nunc
1008 1317 1099 1351 Deus
1108 1327 1162 1359 per

273 1363 410 1398 vestram
423 1364 500 1399 Deo
511 1364 760 1400 Amabilitatem
772 1366 949 1412 restinguat
961 1367 1162 1401 incendium.

288 1438 289 1442 ,
325 1414 375 1448 Hi
386 1413 442 1458 qui
454 1426 493 1450 ex
505 1414 629 1449 Paralia
641 1417 712 1450 sunt
726 1417 802 1451 Deo
814 1415 1013 1451 Amiciffimi
1029 1417 1159 1460 Episco-

268 1463 302 1507 pi
315 1488 326 1504 ,
352 1463 404 1498 his
416 1465 562 1500 consona
573 1476 811 1510 componentes
828 1467 862 1500 δι
873 1466 1104 1502 subscribentes
1115 1466 1158 1500 di-

266 1524 420 1549 rexerunt
436 1538 444 1547 .
472 1514 526 1549 Illi
546 1516 602 1560 qui
627 1528 668 1550 ex
681 1517 818 1551 secunda
837 1516 1007 1551 Phoenicia
1019 1518 1155 1551 venien-

264 1574 316 1597 tes
332 1574 459 1608 propter
472 1564 730 1601 ordinationem
748 1566 992 1611 Religiofiffimi
1005 1566 1155 1611 Episcopi

264 1612 443 1649 Theodori
456 1637 467 1654 ‚
493 1616 549 1659 qui
564 1626 619 1651 tua
633 1617 756 1662 dignus
765 1617 809 1652 est
823 1618 1000 1652 Sanctitate
1012 1641 1022 1658 ‚
1048 1628 1157 1662 quem-

263 1674 330 1708 que
342 1674 375 1699 te
388 1664 526 1698 arbitror
540 1667 650 1706 noffe,
679 1668 774 1701 illum
786 1667 883 1709 dico,
912 1668 968 1712 qui
992 1667 1058 1706 est,
1084 1667 1102 1701 a
1117 1668 1155 1700 se-

264 1715 376 1749 cunda
390 1714 555 1750 Cathedra
565 1740 577 1757 ,
603 1716 637 1750 id
651 1717 696 1751 est
709 1741 720 1757 ,
746 1717 902 1752 Conseffu
919 1742 930 1758 ,
956 1716 1013 1762 ipfi
1027 1727 1157 1761 quoque

262 1764 520 1808 subscripserunt
536 1791 543 1798 .
571 1765 695 1801 Cilices
717 1768 847 1811 utrique
869 1767 911 1802 ab
923 1778 1013 1802 anno
1023 1766 1158 1810 praeteri-

263 1824 301 1848 to
328 1813 379 1847 his
404 1814 636 1850 convenientia
658 1816 692 1850 δε
712 1818 856 1851 consona
869 1827 924 1860 per
942 1817 1156 1861 conspicuum

266 1863 462 1899 Tribunum
485 1865 690 1900 Aristolaum
725 1867 975 1911 compleverunt
998 1891 1005 1898 .
1031 1865 1157 1900 Arabes

260 1965 499 2009 ligiofiffitnum
523 1967 724 2011 Episcopum
759 1966 970 2002 Antiochum
991 1991 1003 2009 ,
1029 1965 1080 2001 his
1100 1977 1156 2001 ac·-

261 2015 463 2058 quieverunt
486 2041 493 2048 .
520 2015 766 2061 Mesopotamia
787 2040 798 2056 ‚
823 2018 857 2052 δι
892 2017 1064 2052 Osrhoena
1085 2040 1097 2056 ,
1122 2017 1156 2050 &

266 2062 506 2109 Euphratesia,
531 2066 566 2098 &
591 2067 684 2108 Syria
698 2066 860 2106 secunda,
885 2067 998 2099 omnia
1017 2077 1087 2107 quae
1111 2067 1155 2098 fe-

264 2115 395 2156 cimus,
421 2114 620 2149 unanimiter
634 2113 861 2149 vindicarunt.
889 2113 945 2148 Ab
967 2114 1081 2148 Isauris
1092 2125 1159 2158 quae

261 2165 346 2202 faeta
365 2166 438 2199 sunt
452 2165 533 2198 olim
543 2188 554 2203 ,
581 2163 682 2197 vestra
697 2164 775 2198 Deo
787 2163 982 2198 Amabilitas
993 2163 1093 2207 longe
1106 2175 1159 2197 an-

262 2213 297 2248 te
317 2213 474 2257 suscepit.
503 2211 618 2246 Primae
638 2212 737 2255 Syriae
752 2211 817 2245 haze
841 2213 907 2255 ipsa
921 2212 1092 2246 nobiscum
1107 2223 1162 2255 per

262 2264 364 2299 semet
376 2264 409 2297 ὅτ
425 2263 555 2306 sapiunt
566 2263 599 2296 ὅ(
611 2261 863 2304 subscripserunt
875 2261 1012 2295 universi
1032 2287 1039 2294 .
1067 2262 1161 2308 Q.

263 2315 340 2349 liter
351 2324 461 2347 autem
475 2314 551 2347 Deo
570 2311 813 2351 Amiciffimus‚
840 2313 896 2354 qui
911 2312 995 2354 apud
1017 2322 1077 2345 nos
1090 2311 1135 2345 est
1150 2336 1159 2351 ,

265 2364 380 2399 Clerus
406 2365 440 2398 ὅτ,
463 2363 604 2398 audierit
631 2361 721 2403 haec,
747 2363 883 2397 &tuam
897 2361 1156 2406 Religiositatem

265 2412 449 2449 laudaverit
472 2424 602 2458 propter
628 2410 686 2448 has
698 2421 769 2446 tuas
780 2411 887 2446 beatas
898 2422 1008 2451 curas,
1036 2411 1160 2454 adjacet

266 2477 330 2500 tuae
342 2464 510 2499 Sanstitati
523 2465 539 2497 a
552 2463 724 2497 clariffimo
735 2462 769 2496 &
785 2461 988 2497 Fideliffimo
1003 2461 1159 2495 Tribuno

266 2515 300 2549 δε
312 2515 457 2549 Notario
480 2514 645 2547 Aristolao
657 2513 799 2551 discere,
823 2523 921 2556 quem
935 2512 1015 2546 ficut
1038 2511 1159 2545 Filium

266 2564 435 2609 proprium
459 2564 687 2609 adspeximus,
713 2563 747 2596 ἃ
774 2574 828 2606 per
842 2573 917 2597 eum
933 2572 1012 2596 nota
1023 2561 1169 2596 fecimus

267 2616 434 2651 universa.

321 2664 452 2698 Ceffent
472 2664 593 2708 igitur,
621 2663 752 2706 quaeso,
778 2660 846 2697 hoec
866 2663 907 2697 de
927 2671 1043 2697 caetero
1060 2662 1159 2706 usque

267 2715 305 2750 in
320 2713 420 2747 finem
434 2724 489 2756 per
501 2723 553 2752 te,
578 2713 611 2746 ὃ(
625 2713 814 2755 sapientiam
833 2724 921 2748 tuam
936 2737 945 2751 ,
971 2713 1006 2747 ἀ
1018 2712 1160 2751 sudores,

270 2762 443 2798 &labores
457 2763 659 2807 singulorum
668 2761 792 2796 dierum
804 2787 816 2803 ,
842 2764 898 2806 qui
911 2764 1034 2805 semper
1054 2761 1161 2796 Eccle-

271 2813 325 2848 fiis
338 2813 470 2856 prosunt
487 2836 498 2851 ,
525 2823 583 2855 pro
596 2811 714 2855 quibus
725 2813 902 2846 constituat
915 2823 946 2847 te
958 2812 1054 2846 nobis
1070 2812 1160 2846 Deus

275 2863 430 2897 Ecclesiae
439 2861 721 2907 propugnatorem
733 2861 766 2895 in
779 2862 880 2906 longa
892 2863 925 2896 ἃ
938 2862 1070 2905 pacifica
1082 2873 1160 2895 tern-

272 2924 351 2958 pora
366 2937 377 2954 ,
403 2923 438 2947 ut
461 2912 594 2955 paulum
620 2923 660 2945 ex
684 2909 735 2944 his
755 2912 932 2955 improvisis
954 2911 1047 2946 malis
1069 2911 1158 2955 respi-

272 2974 381 2998 rantes
397 2988 407 3004 ,
422 2974 492 3006 quae
505 2972 631 3005 propter
644 2961 850 2995 maledictum
862 2959 1051 2995 Nestorium
1063 2962 1161 2996 Mun-

274 3013 335 3047 dus
355 3022 507 3056 expertus
527 3013 594 3051 est,
617 3012 789 3046 adversum
812 3010 960 3045 Gentiles
982 3010 1162 3045 Phoeniciae

276 3061 613 3105 poffimusobfissere,
635 3062 669 3096 δι
690 3060 885 3101 Palaestina,
910 3060 1102 3101 &Arabiae‚
1127 3061 1161 3095 ὅ(

277 3112 445 3146 adversum
472 3114 587 3146 cunsta
616 3110 769 3156 Judaica,
796 3112 830 3146 &
851 3109 991 3145 maxime
1010 3113 1161 3151 quaesunt

278 3159 465 3195 Laodiceae.
493 3161 611 3196 Subito
637 3162 725 3196 enim
748 3160 841 3205 impii
854 3159 1160 3205 JudaeiArchi-Dia-

278 3220 399 3243 conum
413 3236 423 3251 ‚
449 3211 630 3245 mirabilem
654 3212 760 3245 virum
775 3237 786 3253 ,
813 3212 847 3245 in
870 3208 1050 3245 Theatrum
1063 3210 1159 3245 dedu-

279 3269 388 3292 centes
400 3260 611 3301 puniverunt.
638 3261 770 3304 Insuper
781 3262 812 3295 &
824 3272 940 3295 contra
949 3271 1005 3294 eos
1017 3284 1028 3300 ‚
1056 3260 1110 3303 qui
1123 3262 1156 3293 in

280 3306 399 3342 Cilicia
421 3309 583 3343 effroenate
605 3310 769 3345 resistunt.
797 3314 880 3346 Sunt
903 3321 1041 3355 namque
1052 3310 1158 3345 adbuc

281 3357 504 3395 rebellantium
516 3369 557 3393 ex
571 3360 807 3403 conspiratione
817 3360 964 3398 Nestorii
982 3370 1095 3396 contra
1109 3372 1156 3395 ve-

262 1926 320 1959 per
335 1914 635 1960 Metropolitanum
658 1917 778 1958 suum,
804 1917 861 1962 qui
874 1915 928 1951 hic
939 1916 1066 1957 adfuit,
1093 1896 1178 2102 Re!

729 184 1056 236 Vaalonuu
1079 176 1342 228 Pii-raum
1376 179 1697 250 prx'sroizt,

1241 275 1424 304 neratorem
1444 269 1582 304 vestrum
1600 272 1775 309 Domuum
1791 272 1992 317 Choneum,
2018 286 2118 322 quem
2184 262 2186 264 V

1239 317 1349 361 juvare
1361 317 1507 363 dignare.
1534 319 1663 357 Pmstet
1674 320 1750 356 vero
1759 323 1851 358 Deus
1864 326 2118 363 misericordiam

1239 368 1274 402 ὅ(
1283 366 1480 411 adjutorium
1493 370 1584 406 suum
1608 370 1932 416 Magnificentiffimo
1943 377 1977 412 ἀ
1988 377 2120 412 Glorio-

1238 417 1354 454 fiffirno
1365 418 1537 463 Praeposito
1548 420 1700 471 quino
1717 420 1819 455 Felici
1830 444 1842 462 ‚
1866 425 1923 468 qui
1932 426 2016 462 clara
2027 439 2119 463 coro·

1238 479 1279 502 na
1290 466 1423 505 indutus
1433 469 1479 505 est
1492 494 1504 511 ‚
1527 470 1569 505 eo
1579 469 1668 514 quod
1680 471 1736 506 tali
1749 471 1940 515 operatione
1960 487 2115 524 magnam

1236 514 1389 562 hyemem
1410 521 1695 567 tempestatemque
1712 520 1874 557 sedaverat
1885 546 1895 556 .
2018 533 2033 537 ’-

1421 675 1919 724 ΞεΗοιιοΝ.

1279 818 1418 854 Renaeus
1429 822 1493 856 fuit
1506 833 1547 857 ex
1560 823 1780 866 pertinacibus
1790 823 1934 859 Diodori
1943 835 1984 859 ac
1995 822 2112 861 Theo·

1301 869 1375 904 dori
1398 872 1633 908 Defensoribus
1657 899 1664 906 .
1692 875 1827 909 Etenim
1856 872 2112 911 Theodoretum

1228 919 1368 962 graviter
1382 920 1547 966 increpat,
1573 923 1663 967 quod
1690 925 1724 958 in
1747 924 1856 958 nescio
1878 935 1946 968 quo
1968 925 2110 969 scripto,

1229 967 1317 1010 cujus
1339 970 1539 1007 Assertiones
1573 973 1737 1008 variorum
1758 973 1891 1009 Patrum
1913 973 2112 1009 testimoniis

1229 1017 1413 1060 roborarat,
1436 1023 1590 1056 omlfiffet
1603 1022 1736 1058 istorum
1748 1021 1889 1058 duorum
1898 1024 2087 1059 testimonia
2101 1050 2109 1057 .

1229 1068 1291 1101 Rei
1305 1069 1527 1114 seriemsupra
1553 1073 1759 1107 audivimus.
1786 1073 1882 1107 Hinc
1905 1073 2008 1118 igitur
2019 1073 2108 1109 idem

1226 1117 1404 1151 lrenaeusin
1418 1119 1571 1161 superiori
1592 1120 1728 1154 Scholio
1746 1122 1884 1156 affirmat
1894 1122 1911 1155 ὲ
1923 1123 2043 1167 Cyrilli
2054 1125 2108 1160 Se-

1226 1166 1403 1201 statoribus
1425 1171 1562 1203 erectam
1581 1168 1674 1203 fuiffe
1694 1180 1815 1205 novam
1837 1171 2024 1207 Fae'tionem
2036 1197 2048 1214 ,
2072 1174 2107 1208 δε

1224 1215 1374 1261 adjungit
1385 1217 1427 1251 de
1439 1218 1616 1253 venerabili
1625 1218 1782 1255 Diacono
1806 1231 1844 1255 ac
1863 1220 2112 1257 Archimandri·

1226 1277 1256 1300 ta
1271 1266 1445 1301 Maximo:
1475 1272 1601 1302 Etenim
1620 1273 1791 1304 Mammam
1807 1272 1956 1313 quendam
1969 1272 2107 1306 Monacbt

1223 1315 1327 1350 babitu
1364 1317 1588 1361 circumpofitum
1624 1343 1635 1360 ,
1660 1321 1694 1354 ὑ
1730 1320 1893 1362 ferventer
1929 1322 2106 1363 Apollinaris

1223 1377 1315 1401 errore
1350 1368 1539 1412 languentem
1566 1393 1576 1408 ,
1609 1381 1675 1403 cum
1712 1373 1841 1404 Litteris
1879 1371 2107 1413 zmpertaltbus‚

1224 1418 1258 1451 &t
1301 1419 1465 1460 Praeceptts
1498 1418 1697 1461 Praefeblortis
1725 1444 1735 1460 ,
1775 1422 1810 1454 o·
1842 1420 1955 1454 virtute
1974 1422 2108 1455 maxim?

1220 1467 1354 1508 plurima
1367 1492 1377 1508 ,
1404 1468 1448 1500 ad
1480 1473 1629 1503 Orientem
1645 1471 1777 1514 dirigunt
1788 1495 1798 1511 ,
1823 1469 1908 1512 quafi
1907 1479 1964 1513 per
1965 1475 1997 1516 J
2000 1477 2106 1505 oannis

1223 1518 1404 1552 concordiam
1420 1520 1484 1560 eju:
1504 1521 1575 1560 jam
1586 1518 1719 1560 studium
1743 1518 1955 1560 monstrantes,
1981 1520 2107 1563 Haerefis

1222 1568 1341 1608 quidem
1356 1568 1526 1610 languorem
1538 1569 1720 1612 diffeminent
1727 1577 1783 1611 per
1794 1575 1926 1603 orientts
1938 1569 2083 1612 Ecclefias
2093 1595 2106 1612 ,

1218 1624 1393 1659 praeparent
1415 1619 1486 1651 vero
1523 1617 1778 1652 anathematizari
1803 1643 1815 1659 ,
1841 1625 1891 1662 qut
1911 1619 2105 1654 orthodoxia

1221 1671 1396 1710 egregiorum
1420 1668 1655 1701 Praedicatorum
1682 1671 1864 1702 Luminaria
1880 1668 1968 1710 ficere
1990 1671 2105 1710 clartffi·

1221 1729 1292 1757 ma,
1320 1717 1353 1750 ἐν
1367 1718 1547 1758 Apollinum
1561 1718 1780 1758 deliramenta,
1806 1719 2000 1760 &praectpue
2017 1729 2106 1754 ηοω·

1220 1765 1310 1807 bajus
1320 1777 1437 1800 venena
1451 1765 1593 1808 Haerefios
1617 1767 1812 1800 detexerunt.
1841 1767 1904 1802 Per
1913 1779 2033 1814 magna
2044 1768 2105 1804 ista

1223 1815 1419 1850 Luminaria
1434 1816 1589 1862 intelligit
1602 1816 1793 1851 Diodorum
1814 1827 1853 1852 ac
1864 1816 2085 1853 Theodorum
2095 1844 2103 1852 .

1224 1866 1325 1901 Nova
1338 1865 1477 1902 Haerefis
1491 1867 1565 1902 sunt
1575 1866 1661 1912 apud
1673 1868 1778 1912 ipsum
1789 1867 1898 1902 Sancti
1910 1867 2030 1912 Cyrilli
2040 1868 2105 1904 Ca-

1222 1917 1344 1961 pitula.
1953 1940 1955 1942 ·

1271 1967 1316 2002 Et
1327 1965 1461 2012 quidem
1490 1967 1580 2013 quod
1602 1967 1805 2003 Venerabilis
1817 1967 1989 2003 Maximus
2009 1968 2106 2004 fuerit

1221 2028 1290 2051 non
1304 2018 1516 2052 solummodo
1538 2017 1688 2053 adversus
1700 2019 1891 2053 Nestorium
1901 2043 1914 2061 ,
1938 2019 1990 2054 sed
2002 2019 2105 2054 etiam

1219 2065 1371 2099 adversus
1393 2067 1614 2101 Theodorum
1641 2091 1653 2108 ,
1679 2079 1717 2101 ac
1739 2068 1928 2102 Diodorum
1954 2068 2100 2103 zelofiffi·

1219 2124 1291 2147 mus
1309 2138 1321 2155 ‚
1371 2115 1458 2148 varia
1480 2115 1515 2149 in
1542 2115 1620 2149 istos
1645 2115 1724 2149 fines
1751 2117 1867 2151 itinera
1893 2117 2071 2151 confecerit
2090 2141 2103 2158 ,

1218 2162 1263 2196 est
1276 2164 1534 2199 demonstratum
1560 2165 1595 2198 in
1606 2165 1825 2207 superioribus
1838 2190 1845 2197 .
1872 2165 1963 2200 Nam
1982 2167 2017 2201 δε
2028 2168 2106 2201 San-

1218 2214 1286 2246 stus
1309 2212 1520 2253 Cyrl'llusde
1545 2213 1615 2256 ipso
1636 2213 1747 2247 scribit
1771 2215 1806 2247 in
1830 2214 1945 2249 litteris
1965 2216 2006 2250 ad
2017 2216 2102 2251 Aea·

1222 2261 1311 2295 cium
1322 2261 1570 2296 Melitinensem
1583 2261 1784 2306 Episcopum
1798 2278 1810 2297 .·
1835 2263 2057 2308 Religtofifflmas
2066 2277 2101 2300 ae

1220 2312 1484 2352 Reverendtffimus
1504 2315 1656 2346 Diaconus
1679 2315 1714 2347 ό·
1734 2312 1978 2347 Archtmaerndrtta
2000 2319 2101 2349 Maxi·

1218 2371 1282 2394 mus
1297 2361 1340 2393 ad
1361 2373 1407 2395 me
1414 2367 1576 2403 pervenit,
1602 2364 1637 2396 Θ
1650 2363 1741 2396 talem
1760 2369 1862 2397 virum
1883 2362 2009 2407 aspexi,
2028 2364 2101 2407 ficut

1220 2410 1370 2454 oportebat
1400 2417 1432 2444 in
1470 2413 1551 2455 longo
1582 2420 1711 2455 tempore
1742 2413 1955 2454 defiderantem
1977 2417 2099 2448 videre.

1221 2460 1370 2504 Exponit
1395 2461 1464 2504 ejus
1487 2463 1620 2502 zelum,
1645 2462 1679 2496 &
1700 2462 1885 2497 zelosiffima
1905 2474 2019 2499 contra
2033 2465 2102 2498 Ne-

1220 2510 1355 2545 storium
1380 2534 1393 2551 ,
1417 2510 1637 2546 Theodorum
1661 2537 1672 2553 ,
1698 2523 1737 2546 ac
1759 2512 1948 2548 Diodorum
1968 2513 2074 2549 studia
2088 2538 2099 2554 ,

1220 2561 1254 2596 &
1277 2561 1481 2604 prosequitur
1504 2573 1512 2593 z
1539 2564 1618 2595 Cum
1639 2571 1738 2595 autem
1761 2574 1808 2596 me
1834 2562 2013 2597 adhortatus
2033 2565 2099 2607 effer

1220 2619 1397 2644 memoratus
1408 2609 1632 2654 Religiofiffimus
1647 2616 1796 2645 Diaconus
1807 2614 1842 2646 (5
1855 2612 2099 2646 Archi-Mandri-

1219 2670 1254 2694 ta
1275 2663 1454 2701 Mammas,
1478 2668 1511 2692 ut
1532 2665 1746 2701 interpretarer
1771 2661 1861 2694 Fidei
1872 2661 2049 2703 symbolum,
2074 2665 2097 2696 ἆ

1221 2709 1338 2744 Sandis
1350 2709 1493 2744 Patribus
1504 2712 1620 2744 Nicaeae
1642 2715 1824 2753 congregatis
1845 2710 2005 2753 expofitum
2017 2735 2028 2752 ,
2054 2713 2101 2745 ad

1220 2759 1271 2795 boc
1289 2771 1336 2794 me
1354 2759 1477 2794 contuli.
1504 2758 1642 2799 Affirmat
1659 2766 1739 2793 enim
1761 2758 1880 2803 versute
1902 2759 2044 2804 quosdam
2060 2761 2097 2804 fi-

1221 2811 1333 2844 mulare
1353 2809 1405 2843 hoc
1424 2811 1458 2843 θ
1472 2809 1584 2848 dicere,
1611 2810 1646 2844 ὁ·
1665 2807 1760 2853 ipsum
1777 2807 1884 2852 scqui,
1911 2823 1970 2844 non
1994 2821 2097 2846 tamen

1221 2859 1319 2895 adbuc
1336 2865 1522 2904 cogitatlones
1544 2857 1642 2893 rec'las
1662 2859 1789 2899 babere,
1814 2862 1902 2893 tmmb
1917 2861 2018 2903 potius
2030 2872 2095 2902 ea,

1222 2922 1289 2953 quae
1307 2909 1380 2954 sunt
1401 2907 1477 2942 velle
1497 2909 1704 2950 &constanter
1723 2909 1806 2942 diHa
1819 2934 1831 2950 ,
1857 2910 1944 2944 adid
1961 2911 2038 2953 quod
2038 2909 2096 2952 fibi

1222 2961 1342 2995 videtur
1354 2984 1365 3000 ‚
1390 2960 1561 3001 detorquere
1576 2984 1583 2991 .
1608 2959 1664 2993 Ad
1683 2958 1754 3002 ejus
1773 2969 1851 3003 ergo
1875 2970 1980 3002 preces
1996 2970 2096 3003 atque

1223 3009 1424 3044 hortationes
1449 3010 1581 3043 Sanctus
1604 3008 1750 3052 Cyrillus
1775 3005 1925 3052 exposuit
1959 3009 2096 3053 symbo-

1223 3059 1291 3094 lum
1311 3085 1322 3101 ‚
1348 3059 1594 3102 Expofitionem
1614 3058 1779 3094 dedicavit
1801 3058 2097 3094 Archi-Mandritis

1223 3108 1439 3145 Antiochenae
1459 3109 1632 3150 Ecclefiae,
1656 3109 1690 3143 δε
1709 3119 1785 3144 cum
1809 3107 1927 3143 debitis
1948 3109 2098 3145 admoni-

1224 3157 1368 3194 tionibus
1391 3159 1564 3193 transmisit
1587 3158 1706 3201 Joanni
1743 3157 1936 3194 Patriarchae
1954 3185 1962 3192 .
1988 3158 2096 3194 Porro

1224 3209 1393 3254 Expositio
1419 3220 1487 3243 non
1514 3208 1620 3243 solum
1655 3208 1845 3243 Nestorium
1866 3234 1878 3251 ,
1915 3209 1968 3244 sed
1994 3208 2094 3244 etiam

1222 3258 1443 3294 Theodorum
1466 3258 1602 3294 damnat
1618 3271 1630 3292 :
1656 3259 1701 3294 Et
1720 3258 1832 3293 laudat
1853 3259 1961 3294 sancti
1984 3256 2092 3293 Proeti

1223 3311 1360 3345 Litteras
1382 3320 1450 3343 non
1462 3309 1633 3344 dumtaxat
1651 3309 1692 3344 ad
1705 3307 1904 3350 Armenios,
1930 3309 1983 3343 sed
1994 3308 2091 3342 etiam

1222 3361 1351 3406 scriptas
1372 3359 1412 3396 ad
1425 3359 1629 3396 Orientales.
1656 3358 1788 3405 Utique
1806 3358 1848 3394 de
1867 3354 2094 3440 causadglr'iheoe
