2320 3730
576 159 892 222 Scironis,
932 178 996 207 er
1030 160 1226 208 Norrs
1261 173 1656 209 ILLUSTRATAE.

42 252 136 283 ¹-C0r·
148 260 192 281 12·
209 250 316 288 Since
331 259 448 287 naturai
460 251 617 294 cognatio
630 275 640 291 ‚
656 263 715 285 nec
726 249 921 285 communio
934 259 1095 294 partuum,

211 314 273 336 nec
294 302 380 345 quod
398 300 535 343 mystica
547 300 664 335 Mensa
685 301 896 344 perfruimur,
920 311 982 335 nec
1004 298 1094 342 quod

213 362 326 386 manus
347 351 489 385 invicem
516 352 646 391 sumus,
674 363 711 385 ac
725 351 839 394 pedes,
869 351 903 385 &
921 349 1034 388 oculi,
1061 349 1095 382 ὅ(

212 401 286 444 quia
304 411 409 434 unum
422 402 551 443 Corpus
575 402 710 435 universi
733 401 958 443 complemus,
985 399 1097 432 vincu-

210 451 279 483 lum
306 451 422 485 sufficit
435 453 556 485 servare
578 451 780 491 concordiae,
807 448 1006 491 contemptis
1016 446 1095 481 vero

210 501 334 534 cunetis
355 501 482 545 legibus
503 502 590 544 pacis
614 527 624 541 ‚
652 511 816 542 tamquam
840 499 1001 531 laniantes
1024 509 1096 540 pro-

207 550 281 593 pria
304 552 449 585 membra
474 551 684 594 discerpimus
708 576 718 591 ,
745 551 778 583 ὃς
800 548 1000 582 Adversariis
1019 546 1095 582 facti

211 600 322 634 sumus
342 602 443 644 praeda
466 600 624 636 facillima
644 626 655 643 ‚
689 610 786 643 atque
807 597 1030 632 insultationis
1063 595 1096 629 δε

210 649 370 685 illusionis
392 651 541 692 occafio,
565 650 606 686 eo
628 648 717 694 quod
742 647 886 682 invicem
907 647 1003 682 nobis
1017 646 1096 679 sicut

211 699 413 735 Adversariis
444 702 616 736 abutamur
634 714 646 733 ,ν
683 698 934 741 incidentesque
957 707 1096 731 cuneum

211 751 361 786 nostrum
371 777 381 792 ‚
408 752 442 785 δε
454 761 558 796 partes
567 750 632 792 ejus
645 749 680 782 in
694 748 836 783 invicem
849 748 1004 782 vertimus
1015 771 1022 779 .

262 800 370 836 Unde
381 802 488 836 rident
498 800 630 844 quidem
645 798 831 833 Gentilium
847 799 935 842 pueri
951 810 959 829 ι
974 796 1099 832 Rident

211 862 345 895 quoque
367 851 482 895 Judaei.
512 849 666 886 Exiliunt
692 851 825 895 agmina
852 847 1098 883 haereticorum.

211 903 391 945 Ovantque
403 899 510 934 cunffi
525 898 709 934 Adversarii
721 899 868 934 veritatis
880 924 887 932 .
915 897 960 932 Et
983 896 1101 932 nostris

213 950 309 985 malis
328 949 484 984 insultant
507 974 519 990 ,
546 961 607 984 nos
630 949 835 994 respicientes
858 949 996 993 partitos
1021 972 1028 979 .
1056 946 1100 979 Et

213 1000 374 1045 propriam
397 1012 510 1044 pacem
523 1000 669 1034 nostrum
690 998 834 1042 praelium
848 999 977 1032 ducunt
990 1022 998 1029 .
1025 997 1102 1030 Hos

213 1061 347 1089 autem,
373 1051 429 1093 qui
452 1049 571 1082 horum
595 1050 697 1083 causae
717 1050 790 1082 sunt
814 1049 889 1082 faffi
909 1073 921 1089 ,
949 1058 1011 1082 nec
1037 1044 1103 1080 hoc

212 1099 370 1142 evigilare
386 1099 487 1138 facit,
513 1098 611 1143 atque
631 1098 670 1133 ad
696 1099 883 1142 semetipsos
903 1097 1017 1132 reverti
1031 1121 1041 1136 ,
1067 1105 1104 1129 ut

210 1147 369 1182 radicitus
392 1148 534 1183 evellant
554 1159 625 1191 quae
637 1148 724 1182 male
745 1149 821 1182 sunt
844 1148 1002 1182 seminata
1014 1146 1106 1181 Ziza-

211 1198 289 1239 nia,
315 1198 506 1232 salutaribus
529 1198 769 1241 Apostolorum
792 1198 992 1242 contemptis
1014 1197 1105 1230 semi·

212 1247 311 1282 nibus
322 1272 333 1288 ‚
359 1259 430 1291 quae
441 1248 579 1292 Spiritus
595 1258 652 1290 per
664 1249 778 1282 omnia
790 1248 899 1281 Sansti
911 1246 1018 1291 gratia
1030 1256 1105 1288 prae·

211 1297 315 1331 stititf.
341 1298 423 1332 Haee
437 1297 539 1342 igitur
549 1321 561 1339 ,
572 1308 653 1331 mox
665 1306 701 1331 ut
713 1295 899 1340 Epistolam
914 1297 977 1341 legi
992 1320 1002 1335 ,
1017 1305 1106 1328 men-

211 1356 246 1382 te
263 1347 444 1391 percipiens
468 1370 479 1387 ,
505 1347 684 1392 ingemui,
712 1347 914 1381 lamentatus
940 1347 1011 1379 sum
1032 1369 1043 1385 ,
1071 1346 1105 1378 in

212 1395 393 1440 lachrymis
414 1408 496 1431 tunc
521 1397 668 1431 rationes
689 1395 855 1440 expendi,
881 1407 961 1440 quas
985 1395 1106 1439 peperit

213 1446 332 1481 dolor.
359 1446 508 1494 Qando
531 1445 695 1491 superista
716 1444 865 1490 quaedam
883 1446 916 1479 in
935 1445 1107 1480 animoin·

215 1504 373 1531 troeunt:
399 1496 482 1529 Non
501 1507 590 1529 error
601 1494 708 1530 solum
719 1495 966 1536 seducentium,
992 1495 1046 1531 sed
1072 1495 1107 1530 &

215 1544 369 1586 illorum,
397 1546 455 1589 qui
471 1545 672 1579 seducuntur
685 1569 697 1586 ,
724 1545 808 1580 laefio
820 1571 829 1578 .

264 1593 328 1630 Sed
338 1595 418 1631 dum
430 1595 689 1641 recognovisstm
701 1605 778 1629 eum
790 1619 801 1635 ‚
827 1595 884 1639 qui
898 1595 943 1629 est
957 1595 976 1629 a
988 1595 1108 1638 princi-

214 1646 273 1693 pio
293 1646 394 1689 usque
418 1656 531 1686 nunc,
557 1644 708 1679 Ecclesiae
720 1644 863 1685 statum,
889 1643 1109 1689 &quomodo

214 1697 339 1740 semper
348 1703 537 1744 expugnata
550 1720 562 1737 ,
588 1706 783 1740 expugnans
794 1697 947 1739 superans
958 1696 1108 1738 proficit,

216 1746 298 1781 dum
317 1745 419 1780 virtus
440 1745 625 1780 &Domino
646 1746 678 1778 in
694 1746 886 1780 infirmitate
893 1745 1046 1788 perficitur
1070 1756 1109 1780 ac

216 1795 392 1841 probatur,
418 1795 509 1839 juxta
520 1794 616 1839 ipsius
630 1796 774 1830 Domini
796 1806 935 1836 vocem,
958 1797 1110 1839 aliquan-

216 1846 326 1883 tulum
337 1855 498 1881 recreatus
509 1847 579 1880 sum
594 1870 604 1886 ‚
632 1846 901 1888 nimietatemque
911 1845 1045 1878 dissolvi
1058 1845 1108 1877 tri·

218 1895 312 1929 stitiae
327 1919 334 1926 .
362 1895 616 1929 Rememoratus
627 1897 717 1928 enim
729 1895 830 1929 etiarn
852 1895 1045 1928 Sanctorum
1071 1894 1113 1927 E—

219 1944 448 1989 vangeliorum
469 1944 669 1984 Docirinas,
698 1945 807 1978 inveni
829 1943 1030 1979 Salvatorem
1043 1942 1112 1976 Do-

219 1994 574 2036 minumquenostrum
588 1992 672 2026 nihil
685 1994 802 2033 suave,
827 2005 934 2037 neque
959 1992 1113 2027 festivita-

219 2053 255 2078 te
266 2043 406 2088 dignum
430 2043 465 2077 in
486 2053 613 2078 terrena
626 2043 692 2077 vita
705 2044 831 2077 Sanctis
850 2044 914 2076 suis
937 2042 1112 2085 promisisse

220 2093 420 2137 Discipulis;
446 2092 575 2128 labores
598 2091 672 2125 vero
699 2102 798 2136 atque
816 2091 947 2126 sudores
972 2092 1028 2125 sua
1041 2091 1113 2135 lege

220 2144 460 2189 proferentem,
486 2143 519 2177 &
542 2141 695 2185 injuriosa
717 2141 821 2187 jurgia
836 2166 847 2183 ,
873 2143 906 2176 ὅ(
930 2141 1043 2186 plagas
1068 2152 1114 2174 at-

44 2198 147 2231 Matth-
160 2209 203 2230 re.
220 2206 285 2239 que
297 2193 428 2238 flagella
442 2191 628 2237 praedicere.
659 2195 734 2225 Ecce
745 2217 755 2234 ,
784 2192 892 2237 inquit
909 2216 920 2232 ‚
948 2195 1015 2236 Ego
1027 2197 1113 2224 mitto

222 2256 277 2278 vos
297 2253 355 2276 rcut
364 2253 434 2276 oves
458 2248 490 2275 in
501 2243 597 2275 medio
619 2242 752 2283 luporum
765 2267 772 2274 .
798 2246 845 2275 Et
870 2252 942 2276 ante
966 2241 1111 2283 Praefides

223 2295 258 2328 ὁ*
269 2297 362 2335 Reges
374 2294 523 2325 ducemini
536 2299 660 2334 propter
672 2303 718 2324 me
730 2305 741 2325 .-
770 2295 815 2324 Et
825 2298 858 2325 in
871 2295 1027 2336 synagogis
1047 2290 1113 2334 suis

219 2343 432 2387 flagellabunt.
460 2346 506 2375 Et
526 2346 611 2375 eritis
632 2342 697 2375 odio
709 2342 845 2375 omnibus
862 2350 986 2384 propter
1009 2353 1114 2375 nomen

222 2405 319 2426 meum
332 2419 339 2425 .
367 2393 411 2426 Et
423 2392 493 2434 post
507 2392 566 2425 ista
580 2392 826 2438 insurrestiones
840 2393 875 2424 in
890 2392 1032 2425 invicem
1056 2392 1113 2425 do·

223 2453 301 2476 cens
314 2442 377 2473 ait:
404 2441 518 2472 Tradet
540 2448 639 2472 autem
653 2440 757 2479 frater
767 2441 903 2480 fratrem
924 2446 957 2472 in
969 2449 1092 2472 mortem
1105 2464 1116 2478 ,

224 2493 365 2525 &Pater
385 2488 484 2531 filios.
512 2491 559 2521 Et
579 2486 733 2531 insurgent
750 2487 807 2529 filli
830 2493 862 2521 in
881 2491 1029 2521 Parentes
1044 2513 1055 2527 ,
1081 2489 1115 2522 (ν

225 2549 317 2574 morte
327 2550 375 2573 eos
386 2539 529 2582 afficient.
558 2537 681 2571 Eorum
697 2537 775 2570 vero
787 2561 798 2577 ‚
823 2549 893 2581 quae
915 2538 998 2572 dista
1014 2539 1089 2572 sunt
1105 2563 1115 2579 ,

223 2589 329 2624 finalis
354 2613 366 2629 ,
404 2597 614 2629 extremaque
647 2587 807 2619 sententia
840 2587 992 2620 continet
1013 2588 1114 2621 etiam

223 2641 378 2674 frustum:
410 2640 475 2681 ‚Qui
486 2642 564 2670 enim
571 2633 820 2678 perseveraverit
839 2634 929 2679 usque
946 2638 991 2669 ad
993 2630 1087 2678 fin'em
1102 2659 1112 2676 ,

224 2689 269 2723 bic
290 2688 395 2732 salvus
406 2694 463 2721 erit
476 2712 483 2719 .

275 2738 441 2773 Discimus
451 2735 530 2782 ergo
540 2748 582 2770 ex
596 2734 647 2770 his
661 2734 747 2770 nihil
759 2737 922 2771 remissum
934 2761 945 2778 ,
971 2736 1115 2780 plenum—

225 2800 289 2833 que
311 2789 428 2822 laetitiae
447 2797 585 2831 quaerere
611 2787 646 2819 in
659 2787 801 2830 praesenti
827 2788 912 2821 vita.
940 2786 1114 2821 Bonorum

226 2838 325 2879 vero,
352 2849 422 2882 quae
444 2839 630 2880 sperantur,
658 2837 876 2871 servationem
903 2836 1045 2871 viriliter
1066 2839 1111 2871 su-

226 2889 359 2923 stinere.
389 2888 430 2921 Et
451 2887 576 2921 fortiter
598 2887 680 2920 ferre
708 2912 719 2928 ‚
746 2898 960 2932 quaecumque
982 2898 1113 2931 propter

1879 178 1896 209 1
1912 180 1969 220 25

1157 244 1256 278 Unde
1293 245 1327 279 &
1349 246 1540 279 Sanctorum
1577 244 1813 289 Apostolorum
1850 247 2039 284 Contuber-

1159 294 1250 330 nium
1272 319 1283 335 ,
1309 295 1387 329 dico
1408 306 1518 330 autem
1540 320 1550 336 ‚
1578 295 1691 329 Petrus
1718 298 1750 330 ὅ(
1773 300 1933 340 Ioannes,
1960 297 2038 331 dum

1158 345 1316 381 miracula
1342 345 1780 389 &perflagellatifeciffent,
1806 352 2039 391 Exieruntgau-
2062 360 2124 391 Ast,
2151 370 2175 397 ς,

1159 396 1264 429 dentes
1275 420 1286 436 ,
1313 402 1384 438 quia
1395 398 1479 440 digni
1486 394 1649 439 fac‘lisunt
1659 397 1802 436 injuriam
1810 405 1866 437 pro
1874 398 1982 438 Christi
1993 410 2042 431 no-

1158 449 1236 479 mine
1244 444 1382 488 sustinere
1393 471 1402 478 .
1428 446 1472 479 Et
1485 447 1608 480 Paulus
1621 446 1750 490 pietatis
1760 444 1967 480 Procertator
1987 459 2043 481 ex-

1158 494 1276 530 c!amat
1301 507 1309 527 :
1342 498 1562 538 Complacemus
1584 501 1617 529 in
1640 496 1890 539 infirmitatibus,
1915 500 1949 528 in
1966 499 2044 536 inJu-

1158 548 1212 577 riis
1229 569 1239 584 ,
1265 550 1297 579 in
1308 546 1513 587 neceffitatibus
1525 571 1536 588 ,
1566 551 1598 579 in
1607 546 1852 590 perfhcutionibus
1863 569 1873 585 ‚
1901 550 1933 577 in
1951 556 2048 589 angu-

1152 593 1218 633 stiis
1233 617 1244 633 ,
1271 601 1302 628 in
1312 595 1512 638 seditionibus
1521 605 1577 639 pro
1588 596 1719 635 Christo.
1749 595 1928 639 Explicans
1951 596 2046 629 ratio·

1160 652 1236 676 nem
1248 643 1331 678 dicit
1344 659 1353 677 ·.
1379 648 1510 689 ‚Quando
1520 652 1597 681 enim
1610 647 1742 689 infirmor
1751 669 1762 685 ‚
1777 655 1847 680 tunc
1854 653 1961 688 potens
1969 643 2044 687 sum.

1161 692 1205 726 Et
1217 704 1286 727 non
1302 694 1350 727 ait
1361 719 1371 734 ‚
1398 698 1497 730 Tolera
1507 697 1699 740 infirmitates
1725 697 1759 730 δ’
1771 698 1920 738 injurias,
1947 696 1981 729 δε
2002 705 2048 729 re-

1160 743 1249 785 liqua
1263 767 1274 783 ,
1300 743 1356 777 sed
1369 767 1381 783 ,
1391 747 1580 786 (templaceo,
1609 747 1718 791 inquit
1730 772 1737 780 .
1765 746 1804 781 ld
1817 747 1862 782 est
1877 770 1888 787 ,
1901 746 2049 791 gaudens

1160 792 1300 834 suscipio
1320 817 1333 834 ,
1358 804 1436 827 cum
1459 795 1630 831 voluntate
1651 797 1799 843 flagellor
1824 822 1837 838 ‚
1877 795 2051 832 tormentis

1160 840 1290 887 gaudeo
1303 867 1314 883 ,
1338 842 1497 877 festivitas
1516 843 1685 881 doloribus
1697 848 1949 883 commiscetur.

1213 893 1257 926 Et
1277 892 1334 926 illa
1354 891 1489 935 quidem
1503 902 1616 927 natura
1639 896 1779 932 sensibus
1798 897 1938 943 ingerit,
1965 895 2052 931 hanc

1162 941 1242 977 vero
1255 943 1409 977 voluntas
1421 942 1556 978 adducit
1567 967 1574 975 .
1602 943 1648 977 Et
1664 955 1743 978 mox
1756 947 1851 982 infert
1862 972 1873 987 ,
1901 946 2052 989 inquiens

1163 991 1208 1027 ita
1222 1004 1229 1024 t
1258 994 1290 1024 51'
1298 994 1422 1036 gloriari
1433 1001 1562 1035 oportet,
1584 993 1622 1027 de
1632 993 1810 1036 infirmitate
1822 1007 1887 1029 mea
1895 997 2053 1040 gloriabor.

1165 1043 1209 1077 Et
1222 1041 1300 1077 alibi
1313 1056 1320 1075 z
1349 1047 1422 1076 Non
1429 1041 1521 1085 solum
1535 1045 1608 1077 veto
1622 1068 1632 1084 ‚
1656 1042 1714 1086 sed
1731 1044 1936 1088 &gloriamur
1949 1053 1979 1079 in
2002 1052 2057 1080 tri-

1166 1093 1385 1127 bulationibus.
1415 1093 1499 1128 Non
1525 1103 1637 1128 autem
1659 1092 1742 1127 dicit
1765 1118 1776 1134 ‚
1803 1092 2056 1137 Perseveramus‚

1168 1143 1219 1176 vel
1231 1144 1402 1176 Toleramus
1415 1169 1425 1184 ,
1452 1143 1505 1178 vel
1516 1143 2032 1185 Tribulationespatienterferimus
2048 1170 2059 1185 ,

1169 1191 1222 1227 sed
1235 1193 1299 1226 ait:
1331 1194 1503 1228 Gloriamur
1514 1201 1547 1228 in
1563 1194 1825 1229 tribulationibus.
1852 1193 1943 1229 Inter
1960 1193 2062 1228 tribu·

1169 1242 1310 1276 lationes
1332 1244 1498 1278 declarans
1521 1244 1748 1284 voluntatem,
1778 1246 1959 1288 animaeque
1980 1244 2063 1278 fidu-

1168 1293 1254 1326 ciam
1274 1292 1315 1326 de
1329 1294 1383 1336 spe
1397 1293 1574 1329 notificans
1588 1296 1774 1329 futurorum
1789 1320 1795 1327 .
1824 1295 1913 1342 Qia
1925 1294 2064 1329 enimin

1169 1341 1332 1386 principio
1345 1345 1562 1378 certaminum
1577 1346 1746 1380 summitas
1758 1346 1802 1380 est
1822 1345 1977 1380 dolorum
1988 1370 1999 1386 ‚
2030 1345 2064 1378 &

1169 1393 1488 1428 circumvallantium
1511 1396 1543 1428 se
1555 1394 1717 1429 malorum
1731 1395 1981 1431 multitudinem
2001 1406 2064 1429 cer-

1169 1453 1250 1476 nens
1263 1467 1273 1482 ,
1303 1443 1335 1476 &
1349 1443 1524 1487 deprecans
1537 1455 1573 1479 ut
1588 1456 1711 1480 erueret
1734 1445 1892 1480 extribus
1914 1445 2068 1481 certami-

1170 1491 1266 1526 nibus
1278 1516 1290 1532 ,
1317 1493 1466 1535 Iudicem
1478 1495 1586 1529 dicere
1600 1494 1703 1529 audiit
1719 1509 1726 1528 z
1754 1498 1865 1537 sufficit
1886 1496 1942 1528 tibi
1960 1500 2064 1539 gratia
2081 1504 2212 1536 lbidem.

1169 1554 1236 1576 mea
1246 1567 1253 1574 .
1281 1547 1387 1577 Virtus
1401 1550 1479 1577 enim
1491 1556 1558 1579 mea
1569 1550 1601 1577 in
1615 1545 1789 1587 infirmitate
1799 1544 1969 1587 perficitur.
1999 1545 2068 1578 Lae-

1169 1593 1301 1627 tabatur
1329 1594 1439 1638 postea
1463 1594 1646 1639 flagellatus
1670 1619 1680 1635 ,
1706 1595 1882 1629 insultabat
1903 1607 1978 1628 cum
2002 1604 2068 1627 tor-

1170 1652 1323 1685 queretur
1347 1667 1359 1683 ,
1384 1653 1538 1677 extentus
1564 1645 1651 1685 quasi
1672 1644 1709 1678 in
1736 1642 1852 1679 Choro
1876 1642 2042 1689 gaudebat
2059 1665 2069 1675 .

1170 1691 1260 1726 Cum
1274 1693 1379 1737 plagis
1389 1692 1565 1728 finderetur
1578 1718 1589 1734 ,
1615 1693 1813 1736 hymniebat
1824 1719 1835 1735 ‚
1861 1695 1984 1738 gratias
1998 1705 2070 1737 age-

1171 1741 1224 1776 bat
1237 1743 1272 1776 in
1286 1743 1452 1782 vinculis,
1478 1744 1511 1777 &
1529 1743 1688 1778 Ecclesias
1711 1755 1751 1778 ex
1774 1744 1954 1779 carceribus
1977 1743 2071 1778 facie-

1171 1792 1229 1826 bat
1242 1817 1255 1833 ,
1283 1794 1390 1828 nostes
1405 1793 1604 1828 Psalmodiis
1616 1794 1764 1828 mutabat
1791 1796 1824 1828 in
1838 1796 1926 1829 dies.
1956 1794 2073 1828 Irasce-

1172 1842 1268 1875 batur
1278 1852 1394 1875 contra
1406 1853 1484 1882 eos,
1511 1854 1596 1885 quos
1607 1843 1682 1877 flere
1709 1844 1863 1879 audiebat
1874 1855 2006 1887 propter
2025 1844 2074 1877 fu·

1173 1900 1262 1924 turas
1274 1891 1305 1923 ei
1320 1892 1539 1932 tentationes,
1565 1902 1661 1935 atque
1683 1891 1832 1928 dicebat:
1859 1896 1949 1937 ,Quid
1965 1894 2045 1935 fletis
2059 1917 2070 1933 ‚
2086 1886 2206 1919 list-²¹²·

1174 1942 1208 1974 (9'
1219 1939 1377 1980 confoditis
1387 1953 1433 1974 cor
1448 1943 1568 1974 meum?
1595 1945 1662 1986 Ego
1672 1948 1751 1975 enim
1765 1956 1823 1976 non
1842 1942 1936 1986 solim
1957 1946 2047 1987 ligari
2061 1968 2072 1983 ‚

1171 1988 1230 2032 sed
1254 1991 1288 2023 (9⁸
1309 1995 1384 2022 mori
1412 1994 1601 2032 pronomini
1622 1991 1710 2031 nostri
1729 1991 1813 2036 Jesu
1833 1992 1944 2032 Christi
1957 1999 2073 2025 nomine

1170 2047 1303 2081 paratus
1316 2038 1386 2081 sum
1401 2064 1406 2070 .
2042 2058 2046 2063 ²

1223 2088 1287 2121 Ista
1313 2088 1423 2123 omnis
1440 2088 1679 2132 Apostolorum
1704 2091 1838 2127 Chorus
1862 2093 1986 2128 faciens
2008 2105 2073 2138 per*

1175 2137 1312 2173 mansit.
1340 2139 1423 2173 Haec
1447 2142 1504 2183 qui
1526 2142 1597 2185 post
1618 2142 1692 2175 illos
1717 2143 1850 2178 fuerunt
1872 2144 2015 2178 veritatis
2030 2144 2074 2178 A·

1175 2187 1286 2222 thletae
1299 2214 1306 2220 .
1334 2189 1418 2222 Haec
1443 2190 1518 2223 sunt
1533 2191 1632 2225 etiam
1657 2193 1775 2233 multi,
1803 2194 1860 2238 qui
1873 2206 1931 2237 pro
1944 2195 1995 2238 pia
2010 2196 2072 2228 Re.

1176 2238 1301 2282 ligione
1314 2249 1529 2273 contemnant
1557 2251 1655 2284 atque
1667 2242 1855 2285 perficiant.
1884 2243 1967 2278 Non
1980 2247 2071 2278 enim

1176 2300 1241 2322 nos
1257 2289 1398 2323 omnino
1410 2289 1651 2324 deseruitillius
1661 2295 1786 2335 gratia,
1813 2294 1868 2336 qui
1887 2295 1992 2328 cernit
2017 2295 2073 2328 de-

1175 2341 1267 2381 super
1295 2340 1465 2373 universa.
1493 2341 1678 2383 Dereliquit
1701 2351 1810 2377 autem
1839 2343 1935 2378 nobis
1953 2346 2072 2378 Domi-

1175 2399 1236 2421 nus
1259 2389 1366 2421 semen
1382 2413 1393 2427 ,
1422 2398 1458 2422 ut
1483 2401 1551 2423 non
1571 2392 1747 2426 similemur
1769 2393 1922 2427 Sodomis
1949 2396 1982 2428 &
2002 2397 2071 2429 Go-

1175 2436 1315 2469 morrhis
1333 2461 1339 2467 .
1370 2437 1413 2470 Et
1438 2437 1483 2471 est
1505 2440 1604 2472 etiam
1622 2451 1675 2482 per
1695 2443 1950 2476 misericordiam
1962 2445 2071 2478 Salva-

1177 2486 1256 2520 toris
1275 2497 1373 2520 aurea
1398 2497 1499 2531 grana
1516 2489 1550 2522 in
1573 2489 1676 2523 Botro
1695 2501 1843 2525 cernere:
1872 2494 1956 2539 Qae
1976 2494 2069 2535 juxta

1177 2536 1356 2580 imaginem
1378 2535 1610 2579 propheticam
1635 2539 1823 2574 Benedictio
1836 2542 1980 2576 Domini
2005 2556 2069 2577 no·-

1175 2588 1343 2619 minantur
1356 2608 1364 2616 .
1391 2585 1436 2619 Et
1448 2587 1547 2629 spicas
1561 2598 1628 2620 non
1644 2589 1725 2622 duas
1736 2599 1791 2623 aut
1805 2601 1867 2626 tres
1884 2617 1894 2631 ,
1922 2594 1977 2626 sed»
1988 2593 2071 2630 mul-

1175 2644 1208 2669 ta
1229 2635 1333 2669 millia
1348 2635 1451 2669 solida
1465 2639 1499 2670 in
1514 2636 1596 2670 valle
1609 2638 1766 2674 radicatas
1781 2642 1825 2674 est
1842 2641 1966 2676 videre.
1993 2645 2070 2679 Oli-

1176 2696 1230 2719 vas
1253 2696 1384 2729 quoque
1406 2695 1475 2719 non
1499 2696 1640 2730 quatuor
1666 2700 1722 2723 aut
1745 2690 1889 2734 quinque
1912 2693 2063 2734 tantum,

1175 2734 1229 2770 sed
1243 2746 1381 2770 numero
1403 2737 1512 2780 plures
1534 2738 1624 2780 super
1643 2740 1884 2775 extremitatem
1906 2741 2067 2785 plantatas

1175 2786 1302 2820 montis
1323 2787 1437 2819 excelsi
1458 2812 1468 2828 ,
1494 2799 1564 2831 quae
1583 2787 1624 2822 ab
1638 2788 1782 2824 inimicis
1801 2792 1987 2826 furantibus
2012 2805 2066 2827 au-

1175 2837 1249 2870 ferri
1271 2847 1340 2869 non
1353 2846 1493 2878 queant.
1522 2838 1605 2873 Haec
1626 2840 1716 2874 enim
1729 2840 1854 2884 tropice
1877 2843 2015 2875 sancivit
2026 2844 2067 2876 de

1176 2885 1226 2919 his
1237 2910 1248 2926 ,
1274 2896 1357 2928 quos
1367 2887 1468 2930 pietas
1481 2890 1583 2923 nutrit
1594 2914 1604 2930 ,
1622 2891 1679 2934 qui
1696 2891 1857 2924 Divinum
1870 2891 2066 2934 Depositum

2065 519 2218 549 2.C0r.12.

2076 1017 2174 1047 2.Cor.
2188 1023 2231 1044 ιι.

226 2939 397 2973 veritatem
422 2936 623 2982 contigerint
644 2936 770 2971 tristia.
797 2937 998 2981 Huiusmodi
1021 2938 1110 2972 enim
1175 2935 1313 2971 minime
1338 2937 1569 2981 perdiderunt,
1599 2940 1650 2974 sed
1678 2940 1872 2975 intentabile
1898 2951 1996 2985 atque
2018 2943 2066 2976 in-

229 2988 461 3031 perseverantia
485 2988 592 3021 futura
615 2985 710 3020 nobis
724 2986 808 3022 bona
822 2986 1024 3032 providebit.
1052 2989 1111 3022 Di-

228 3038 278 3071 cit
299 3039 387 3072 enim
408 3038 525 3071 Beatus
554 3036 689 3070 Paulus:
717 3039 801 3080 ,Quia
824 3038 974 3072 tribulatio
991 3042 1109 3080 parien-

130 3101 141 3114 ·
166 3103 175 3114 ·
230 3093 306 3121 tiam
318 3095 479 3129 operatur,
502 3092 653 3129 patientia
675 3089 744 3120 vero
752 3088 981 3129 probationem,
1004 3088 1111 3130 proba-

231 3144 273 3171 tio
285 3146 381 3170 autem
391 3135 473 3179 spem
486 3161 497 3176 ‚
519 3135 589 3180 spes
602 3146 696 3170 autem
713 3148 770 3170 non
779 3137 949 3180 confundit.
976 3139 1112 3173 Confes-

231 3189 332 3222 fionis
343 3197 430 3220 nunc
445 3185 592 3220 liberatio
605 3187 786 3222 festivitatis
799 3188 931 3223 initium
945 3188 1010 3223 est.
1039 3188 1109 3235 Qi

231 3236 308 3272 vero
319 3237 375 3271 illa
386 3235 545 3270 sustinent
560 3259 572 3276 ,
595 3236 642 3269 eis
663 3247 729 3271 non
744 3239 847 3282 potest
867 3239 994 3274 misceri
1018 3238 1111 3273 tristi-

231 3289 295 3323 tia.
326 3288 370 3320 Et
385 3298 473 3320 nunc
482 3285 898 3329 experimentainnituntur
910 3290 1021 3323 rebus.
1047 3287 1111 3321 Ex·

232 3337 443 3381 spectationes
456 3338 620 3371 fruetuum
633 3336 761 3379 pondus
783 3337 901 3375 laboris
911 3349 1092 3375 exonerant
1105 3362 1112 3369 .

331 3385 438 3427 christ.
449 3391 529 3431 Lupi
541 3390 641 3430 Opera
651 3389 756 3421 RVH.

1173 2987 1429 3021 contaminabile
1455 2990 1630 3023 servavere.

1223 3036 1291 3071 Scit
1305 3037 1474 3073 Dominus
1484 3040 1540 3083 qui
1558 3039 1726 3083 suntejus,
1749 3039 1784 3074 &
1805 3041 1892 3076 adest
1916 3041 2063 3077 Praecon-

1176 3087 1321 3122 firmator
1346 3111 1354 3119 .
1382 3088 1426 3123 Et
1449 3090 1650 3123 excitatione
1674 3090 1796 3138 levigat
1819 3117 1829 3133 ‚
1868 3093 1901 3126 &
1922 3092 2060 3128 clamat:

1173 3141 1246 3170 Non
1256 3145 1283 3170 te
1294 3137 1430 3181 deseram
1441 3164 1452 3181 ,
1479 3150 1573 3181 neque
1598 3140 1802 3182 derelinquam
1816 3166 1826 3182 ,
1853 3143 1888 3176 (tt
1907 3142 2004 3177 adbuc
2023 3144 2061 3177 Io-
2078 3140 2149 3174 Esai·
2167 3147 2212 3179 58·

1173 3197 1280 3230 quente
1296 3197 1325 3221 te
1335 3190 1432 3221 dicam
1444 3213 1455 3229 ‚
1481 3193 1556 3222 Ecce
1580 3188 1685 3232 adsum
1697 3214 1705 3223 .
1732 3194 1809 3225 Ecce
1832 3203 1883 3236 ego
1912 3192 2060 3237 vobiscum
2077 3182 2234 3215 Mat¹h·²⁸·

1168 3236 1237 3281 sum
1249 3238 1384 3272 omnibus
1395 3239 1497 3273 diebus
1507 3237 1595 3281 usque
1607 3241 1652 3272 ad
1658 3239 1930 3284 consummationem
1937 3242 2056 3286 saeculi.
2074 3222 2154 3260 '¹⁰³⁰‘
2168 3233 2178 3253 ¹
2187 3234 2212 3259 5·

1174 3291 1218 3320 Et
1243 3288 1399 3330 confidite,
1426 3301 1475 3332 ego
1499 3294 1559 3322 vici
1576 3291 1743 3324 Mundum.
1772 3295 1819 3327 Et
1842 3291 1951 3336 sufficit
1974 3295 2058 3328 vobis
2074 3262 2233 3340 {ogisi}

1169 3343 1272 3382 gratia
1284 3350 1369 3373 mea:
1398 3343 1499 3374 Virtus
1510 3345 1589 3374 enim
1610 3352 1675 3374 mea
1688 3347 1721 3375 in
1746 3342 1923 3386 infirmitate
1942 3343 2058 3388 perfici·>

1636 3391 1666 3425 L
1718 3402 1738 3442 3

1937 3402 2005 3425 tur.
