<?xml version="1.0" encoding="UTF-8"?>
<!DOCTYPE html PUBLIC "-//W3C//DTD XHTML 1.0 Transitional//EN"
    "http://www.w3.org/TR/xhtml1/DTD/xhtml1-transitional.dtd">
<html xmlns="http://www.w3.org/1999/xhtml" xml:lang="en" lang="en">
 <head>
  <title>
</title>
<meta http-equiv="Content-Type" content="text/html;charset=utf-8" />
  <meta name='ocr-system' content='tesseract 3.04.00' />
  <meta name='ocr-capabilities' content='ocr_page ocr_carea ocr_par ocr_line ocrx_word'/>
</head>
<body>
  <div class='ocr_page' id='page_1' title='image "./operaomniastudio07lupuuoft/operaomniastudio07lupuuoft_0310.png"; bbox 0 0 2320 3730; ppageno 0'>
   <div class='ocr_carea' id='block_1_1' title="bbox 353 174 971 406">
    <p class='ocr_par' dir='ltr' id='par_1_1' title="bbox 353 174 971 406">
     <span class='ocr_line' id='line_1_1' title="bbox 353 174 451 234; baseline 0.01 -1"><span class='ocrx_word' id='word_1_1' title='bbox 353 174 451 234; x_wconf 79' lang='lat'>304</span> 
     </span>
     <span class='ocr_line' id='line_1_2' title="bbox 470 358 971 406; baseline -0.014 0"><span class='ocrx_word' id='word_1_2' title='bbox 470 358 971 406; x_wconf 70' lang='lat' dir='ltr'>SenorroN.</span> 
     </span>
    </p>
   </div>
   <div class='ocr_carea' id='block_1_2' title="bbox 269 501 1174 903">
    <p class='ocr_par' dir='ltr' id='par_1_2' title="bbox 269 501 1174 903">
     <span class='ocr_line' id='line_1_3' title="bbox 280 501 1173 591; baseline -0.004 -49"><span class='ocrx_word' id='word_1_3' title='bbox 280 504 461 591; x_wconf 85' lang='lat' dir='ltr'>HAEc</span> <span class='ocrx_word' id='word_1_4' title='bbox 474 505 608 551; x_wconf 83' lang='lat' dir='ltr'>epistola</span> <span class='ocrx_word' id='word_1_5' title='bbox 630 504 675 538; x_wconf 86' lang='lat' dir='ltr'>est</span> <span class='ocrx_word' id='word_1_6' title='bbox 697 504 800 547; x_wconf 66' lang='lat' dir='ltr'>posita</span> <span class='ocrx_word' id='word_1_7' title='bbox 812 512 903 538; x_wconf 83' lang='lat' dir='ltr'>extra</span> <span class='ocrx_word' id='word_1_8' title='bbox 915 502 1066 538; x_wconf 84' lang='lat' dir='ltr'><strong>ordinem</strong></span> <span class='ocrx_word' id='word_1_9' title='bbox 1080 526 1094 534; x_wconf 25' lang='grc' dir='ltr'>,ι</span> <span class='ocrx_word' id='word_1_10' title='bbox 1116 501 1173 538; x_wconf 85' lang='lat' dir='ltr'>Est</span> 
     </span>
     <span class='ocr_line' id='line_1_4' title="bbox 414 551 1174 598; baseline -0.011 -5"><span class='ocrx_word' id='word_1_11' title='bbox 414 558 504 593; x_wconf 90' lang='lat' dir='ltr'>enim</span> <span class='ocrx_word' id='word_1_12' title='bbox 517 556 633 598; x_wconf 82' lang='lat' dir='ltr'>scripta</span> <span class='ocrx_word' id='word_1_13' title='bbox 644 553 753 590; x_wconf 84' lang='lat' dir='ltr'>statim</span> <span class='ocrx_word' id='word_1_14' title='bbox 769 554 840 598; x_wconf 80' lang='lat' dir='ltr'>post</span> <span class='ocrx_word' id='word_1_15' title='bbox 856 555 974 598; x_wconf 87' lang='lat' dir='ltr'>primas</span> <span class='ocrx_word' id='word_1_16' title='bbox 986 552 1092 588; x_wconf 60' lang='lat' dir='ltr'>Sanni</span> <span class='ocrx_word' id='word_1_17' title='bbox 1106 551 1174 597; x_wconf 91' lang='lat' dir='ltr'>Cy-</span> 
     </span>
     <span class='ocr_line' id='line_1_5' title="bbox 275 603 1173 647; baseline -0.004 -5"><span class='ocrx_word' id='word_1_18' title='bbox 275 606 343 642; x_wconf 78' lang='lat' dir='ltr'>riui</span> <span class='ocrx_word' id='word_1_19' title='bbox 363 608 403 643; x_wconf 91' lang='lat' dir='ltr'>ad</span> <span class='ocrx_word' id='word_1_20' title='bbox 430 605 594 641; x_wconf 83' lang='lat' dir='ltr'>Acacium</span> <span class='ocrx_word' id='word_1_21' title='bbox 622 603 860 642; x_wconf 76' lang='lat' dir='ltr'>Berrhaeensem</span> <span class='ocrx_word' id='word_1_22' title='bbox 882 604 1028 647; x_wconf 82' lang='lat' dir='ltr'>litteras,</span> <span class='ocrx_word' id='word_1_23' title='bbox 1054 603 1173 647; x_wconf 88' lang='lat' dir='ltr'>quibus</span> 
     </span>
     <span class='ocr_line' id='line_1_6' title="bbox 275 654 1171 700; baseline -0.003 -9"><span class='ocrx_word' id='word_1_24' title='bbox 275 656 365 693; x_wconf 85' lang='lat' dir='ltr'>suam</span> <span class='ocrx_word' id='word_1_25' title='bbox 381 656 562 692; x_wconf 65' lang='lat' dir='ltr'>dominam</span> <span class='ocrx_word' id='word_1_26' title='bbox 575 654 771 700; x_wconf 79' lang='lat' dir='ltr'>explanabat</span> <span class='ocrx_word' id='word_1_27' title='bbox 785 679 796 697; x_wconf 92' lang='lat'>‚</span> <span class='ocrx_word' id='word_1_28' title='bbox 823 656 856 692; x_wconf 89' lang='lat'>&amp;</span> <span class='ocrx_word' id='word_1_29' title='bbox 868 655 1002 691; x_wconf 87' lang='lat' dir='ltr'>nolebat</span> <span class='ocrx_word' id='word_1_30' title='bbox 1021 654 1171 689; x_wconf 83' lang='lat' dir='ltr'>admitte-</span> 
     </span>
     <span class='ocr_line' id='line_1_7' title="bbox 273 704 1170 752; baseline -0.003 -10"><span class='ocrx_word' id='word_1_31' title='bbox 273 719 310 742; x_wconf 87' lang='lat' dir='ltr'>re</span> <span class='ocrx_word' id='word_1_32' title='bbox 330 717 465 752; x_wconf 81' lang='lat' dir='ltr'>pacem,</span> <span class='ocrx_word' id='word_1_33' title='bbox 490 707 551 741; x_wconf 88' lang='lat' dir='ltr'>nifi</span> <span class='ocrx_word' id='word_1_34' title='bbox 562 715 640 742; x_wconf 88' lang='lat' dir='ltr'>ante</span> <span class='ocrx_word' id='word_1_35' title='bbox 663 706 778 741; x_wconf 84' lang='lat' dir='ltr'>omnia</span> <span class='ocrx_word' id='word_1_36' title='bbox 792 705 980 750; x_wconf 84' lang='lat' dir='ltr'>probaretur</span> <span class='ocrx_word' id='word_1_37' title='bbox 1002 704 1170 740; x_wconf 85' lang='lat' dir='ltr'>damuatio</span> 
     </span>
     <span class='ocr_line' id='line_1_8' title="bbox 273 756 1167 801; baseline -0.002 -10"><span class='ocrx_word' id='word_1_38' title='bbox 273 756 439 791; x_wconf 84' lang='lat' dir='ltr'>Nestorii.</span> <span class='ocrx_word' id='word_1_39' title='bbox 467 757 562 791; x_wconf 87' lang='lat' dir='ltr'>Hinc</span> <span class='ocrx_word' id='word_1_40' title='bbox 584 757 717 800; x_wconf 85' lang='lat' dir='ltr'>praesens</span> <span class='ocrx_word' id='word_1_41' title='bbox 740 757 876 801; x_wconf 80' lang='lat' dir='ltr'>epistola</span> <span class='ocrx_word' id='word_1_42' title='bbox 897 757 1037 792; x_wconf 85' lang='lat' dir='ltr'>affirmat</span> <span class='ocrx_word' id='word_1_43' title='bbox 1057 756 1146 800; x_wconf 85' lang='lat' dir='ltr'>plura</span> <span class='ocrx_word' id='word_1_44' title='bbox 1159 781 1167 789; x_wconf 93' lang='lat'>.</span> 
     </span>
     <span class='ocr_line' id='line_1_9' title="bbox 272 803 1169 855; baseline 0.001 -16"><span class='ocrx_word' id='word_1_45' title='bbox 272 803 386 840; x_wconf 70' lang='lat' dir='ltr'>Primo</span> <span class='ocrx_word' id='word_1_46' title='bbox 396 829 409 846; x_wconf 93' lang='lat'>‚</span> <span class='ocrx_word' id='word_1_47' title='bbox 435 805 526 849; x_wconf 88' lang='lat' dir='ltr'>quod</span> <span class='ocrx_word' id='word_1_48' title='bbox 538 806 688 851; x_wconf 86' lang='lat' dir='ltr'>Cyrillus</span> <span class='ocrx_word' id='word_1_49' title='bbox 699 806 737 842; x_wconf 84' lang='lat' dir='ltr'>stt</span> <span class='ocrx_word' id='word_1_50' title='bbox 751 807 885 844; x_wconf 85' lang='lat' dir='ltr'>tandem</span> <span class='ocrx_word' id='word_1_51' title='bbox 895 806 1076 855; x_wconf 79' lang='lat' dir='ltr'>aliquando</span> <span class='ocrx_word' id='word_1_52' title='bbox 1089 817 1169 841; x_wconf 69' lang='lat' dir='ltr'>con-</span> 
     </span>
     <span class='ocr_line' id='line_1_10' title="bbox 269 854 1166 903; baseline 0.003 -14"><span class='ocrx_word' id='word_1_53' title='bbox 269 856 378 890; x_wconf 88' lang='lat' dir='ltr'>versus</span> <span class='ocrx_word' id='word_1_54' title='bbox 386 866 429 890; x_wconf 83' lang='lat' dir='ltr'>ex</span> <span class='ocrx_word' id='word_1_55' title='bbox 440 854 571 891; x_wconf 71' lang='lat' dir='ltr'>haerefi:</span> <span class='ocrx_word' id='word_1_56' title='bbox 596 856 732 894; x_wconf 78' lang='lat' dir='ltr'>Etenim</span> <span class='ocrx_word' id='word_1_57' title='bbox 750 859 805 903; x_wconf 89' lang='lat' dir='ltr'>qui</span> <span class='ocrx_word' id='word_1_58' title='bbox 822 867 898 893; x_wconf 89' lang='lat' dir='ltr'>ante</span> <span class='ocrx_word' id='word_1_59' title='bbox 909 859 944 893; x_wconf 89' lang='lat' dir='ltr'>in</span> <span class='ocrx_word' id='word_1_60' title='bbox 957 860 1021 893; x_wconf 89' lang='lat' dir='ltr'>suis</span> <span class='ocrx_word' id='word_1_61' title='bbox 1033 858 1166 902; x_wconf 83' lang='lat' dir='ltr'>Capitu-</span> 
     </span>
    </p>
   </div>
   <div class='ocr_carea' id='block_1_3' title="bbox 732 161 1704 235">
    <p class='ocr_par' dir='ltr' id='par_1_3' title="bbox 732 161 1704 235">
     <span class='ocr_line' id='line_1_11' title="bbox 732 161 1704 235; baseline 0.002 -17"><span class='ocrx_word' id='word_1_62' title='bbox 732 171 1063 235; x_wconf 63' lang='lat' dir='ltr'>VARIORUM</span> <span class='ocrx_word' id='word_1_63' title='bbox 1096 161 1341 215; x_wconf 76' lang='lat' dir='ltr'>PArRuM</span> <span class='ocrx_word' id='word_1_64' title='bbox 1376 167 1704 231; x_wconf 60' lang='grc' dir='ltr'>Ευιετοιιε,</span> 
     </span>
    </p>
   </div>
   <div class='ocr_carea' id='block_1_4' title="bbox 1241 251 2122 357">
    <p class='ocr_par' dir='ltr' id='par_1_4' title="bbox 1241 251 2122 357">
     <span class='ocr_line' id='line_1_12' title="bbox 1241 251 2122 310; baseline 0.015 -23"><span class='ocrx_word' id='word_1_65' title='bbox 1241 251 1335 287; x_wconf 76' lang='lat' dir='ltr'>fuisse</span> <span class='ocrx_word' id='word_1_66' title='bbox 1359 251 1565 310; x_wconf 79' lang='lat' dir='ltr'>impetratam</span> <span class='ocrx_word' id='word_1_67' title='bbox 1586 265 1641 298; x_wconf 81' lang='lat' dir='ltr'>pet</span> <span class='ocrx_word' id='word_1_68' title='bbox 1650 258 1883 295; x_wconf 87' lang='lat' dir='ltr'>Domitianum</span> <span class='ocrx_word' id='word_1_69' title='bbox 1898 257 2122 310; x_wconf 79' lang='lat' dir='ltr'>Qaestorem.</span> 
     </span>
     <span class='ocr_line' id='line_1_13' title="bbox 1243 301 2121 357; baseline 0.017 -22"><span class='ocrx_word' id='word_1_70' title='bbox 1243 301 1288 336; x_wconf 89' lang='lat' dir='ltr'>Et</span> <span class='ocrx_word' id='word_1_71' title='bbox 1313 301 1382 337; x_wconf 90' lang='lat' dir='ltr'>duo</span> <span class='ocrx_word' id='word_1_72' title='bbox 1393 302 1427 336; x_wconf 79' lang='lat' dir='ltr'>id</span> <span class='ocrx_word' id='word_1_73' title='bbox 1451 313 1604 347; x_wconf 89' lang='lat' dir='ltr'>potenter</span> <span class='ocrx_word' id='word_1_74' title='bbox 1625 306 1773 342; x_wconf 86' lang='lat' dir='ltr'>suadent.</span> <span class='ocrx_word' id='word_1_75' title='bbox 1800 309 1938 352; x_wconf 78' lang='lat' dir='ltr'>Primo,</span> <span class='ocrx_word' id='word_1_76' title='bbox 1965 313 2053 357; x_wconf 90' lang='lat' dir='ltr'>quod</span> <span class='ocrx_word' id='word_1_77' title='bbox 2065 315 2121 351; x_wconf 82' lang='lat' dir='ltr'>illa</span> 
     </span>
    </p>
   </div>
   <div class='ocr_carea' id='block_1_5' title="bbox 1230 353 2121 907">
    <p class='ocr_par' dir='ltr' id='par_1_5' title="bbox 1230 353 2121 907">
     <span class='ocr_line' id='line_1_14' title="bbox 1244 353 2120 407; baseline 0.011 -21"><span class='ocrx_word' id='word_1_78' title='bbox 1244 354 1322 386; x_wconf 74' lang='lat' dir='ltr'>estet</span> <span class='ocrx_word' id='word_1_79' title='bbox 1338 353 1496 397; x_wconf 84' lang='lat' dir='ltr'>generalis</span> <span class='ocrx_word' id='word_1_80' title='bbox 1522 363 1639 390; x_wconf 82' lang='lat' dir='ltr'>contra</span> <span class='ocrx_word' id='word_1_81' title='bbox 1661 365 1776 390; x_wconf 85' lang='lat' dir='ltr'>omnes</span> <span class='ocrx_word' id='word_1_82' title='bbox 1795 358 1914 401; x_wconf 76' lang='lat' dir='ltr'>Joauni</span> <span class='ocrx_word' id='word_1_83' title='bbox 1931 363 1965 397; x_wconf 87' lang='lat'>&amp;</span> <span class='ocrx_word' id='word_1_84' title='bbox 1985 365 2056 407; x_wconf 80' lang='lat' dir='ltr'>paci</span> <span class='ocrx_word' id='word_1_85' title='bbox 2074 377 2120 399; x_wconf 80' lang='lat' dir='ltr'>re-</span> 
     </span>
     <span class='ocr_line' id='line_1_15' title="bbox 1242 401 2119 450; baseline 0.016 -13"><span class='ocrx_word' id='word_1_86' title='bbox 1242 401 1400 438; x_wconf 87' lang='lat' dir='ltr'>bellantes</span> <span class='ocrx_word' id='word_1_87' title='bbox 1412 402 1610 447; x_wconf 81' lang='lat' dir='ltr'>Episcopos3</span> <span class='ocrx_word' id='word_1_88' title='bbox 1639 401 1707 439; x_wconf 88' lang='lat' dir='ltr'>haec</span> <span class='ocrx_word' id='word_1_89' title='bbox 1717 403 1792 438; x_wconf 75' lang='lat' dir='ltr'>vero</span> <span class='ocrx_word' id='word_1_90' title='bbox 1804 405 1840 439; x_wconf 84' lang='lat' dir='ltr'>fit</span> <span class='ocrx_word' id='word_1_91' title='bbox 1850 408 1992 450; x_wconf 89' lang='lat' dir='ltr'>specialis</span> <span class='ocrx_word' id='word_1_92' title='bbox 2003 425 2119 450; x_wconf 82' lang='lat' dir='ltr'>contra</span> 
     </span>
     <span class='ocr_line' id='line_1_16' title="bbox 1237 453 2121 508; baseline 0.016 -22"><span class='ocrx_word' id='word_1_93' title='bbox 1237 453 1323 489; x_wconf 90' lang='lat' dir='ltr'>solos</span> <span class='ocrx_word' id='word_1_94' title='bbox 1344 464 1507 499; x_wconf 81' lang='lat' dir='ltr'>quatuor.-</span> <span class='ocrx_word' id='word_1_95' title='bbox 1534 454 1665 498; x_wconf 88' lang='lat' dir='ltr'>Nempe</span> <span class='ocrx_word' id='word_1_96' title='bbox 1688 453 1918 492; x_wconf 83' lang='lat' dir='ltr'>Alexandrum</span> <span class='ocrx_word' id='word_1_97' title='bbox 1937 459 2121 508; x_wconf 84' lang='lat' dir='ltr'>Hierapoli-</span> 
     </span>
     <span class='ocr_line' id='line_1_17' title="bbox 1237 504 2120 550; baseline 0.009 -13"><span class='ocrx_word' id='word_1_98' title='bbox 1237 511 1352 539; x_wconf 86' lang='lat' dir='ltr'>tanum</span> <span class='ocrx_word' id='word_1_99' title='bbox 1377 528 1389 546; x_wconf 94' lang='lat'>,</span> <span class='ocrx_word' id='word_1_100' title='bbox 1427 505 1622 541; x_wconf 87' lang='lat' dir='ltr'>Helladium</span> <span class='ocrx_word' id='word_1_101' title='bbox 1644 504 1840 540; x_wconf 78' lang='lat' dir='ltr'>Tarsensem</span> <span class='ocrx_word' id='word_1_102' title='bbox 1859 530 1871 547; x_wconf 90' lang='lat'>‚</span> <span class='ocrx_word' id='word_1_103' title='bbox 1897 506 2120 550; x_wconf 78' lang='lat' dir='ltr'>Maximinum</span> 
     </span>
     <span class='ocr_line' id='line_1_18' title="bbox 1235 552 2120 608; baseline 0.012 -20"><span class='ocrx_word' id='word_1_104' title='bbox 1235 552 1500 592; x_wconf 76' lang='lat' dir='ltr'>Anazarbensem</span> <span class='ocrx_word' id='word_1_105' title='bbox 1519 580 1530 597; x_wconf 91' lang='lat'>,</span> <span class='ocrx_word' id='word_1_106' title='bbox 1556 566 1594 591; x_wconf 84' lang='lat' dir='ltr'>ac</span> <span class='ocrx_word' id='word_1_107' title='bbox 1624 553 1907 593; x_wconf 87' lang='lat' dir='ltr'>Theodoretum.</span> <span class='ocrx_word' id='word_1_108' title='bbox 1946 559 2120 608; x_wconf 68' lang='lat' dir='ltr'>Secunde,</span> 
     </span>
     <span class='ocr_line' id='line_1_19' title="bbox 1235 604 2118 653; baseline 0.01 -14"><span class='ocrx_word' id='word_1_109' title='bbox 1235 605 1325 647; x_wconf 85' lang='lat' dir='ltr'>quod</span> <span class='ocrx_word' id='word_1_110' title='bbox 1349 607 1435 650; x_wconf 80' lang='lat' dir='ltr'>prlot</span> <span class='ocrx_word' id='word_1_111' title='bbox 1455 604 1712 642; x_wconf 87' lang='lat' dir='ltr'>Theodoretum</span> <span class='ocrx_word' id='word_1_112' title='bbox 1732 619 1802 642; x_wconf 89' lang='lat' dir='ltr'>non</span> <span class='ocrx_word' id='word_1_113' title='bbox 1820 608 2118 653; x_wconf 82' lang='lat' dir='ltr'>comprehenderit.</span> 
     </span>
     <span class='ocr_line' id='line_1_20' title="bbox 1232 654 2120 705; baseline 0.009 -17"><span class='ocrx_word' id='word_1_114' title='bbox 1232 654 1303 689; x_wconf 89' lang='lat' dir='ltr'>Hic</span> <span class='ocrx_word' id='word_1_115' title='bbox 1325 657 1414 692; x_wconf 85' lang='lat' dir='ltr'>enim</span> <span class='ocrx_word' id='word_1_116' title='bbox 1438 667 1516 693; x_wconf 91' lang='lat' dir='ltr'>tunc</span> <span class='ocrx_word' id='word_1_117' title='bbox 1540 656 1723 694; x_wconf 83' lang='lat' dir='ltr'>adhaerebat</span> <span class='ocrx_word' id='word_1_118' title='bbox 1747 659 1821 703; x_wconf 83' lang='lat' dir='ltr'>paci</span> <span class='ocrx_word' id='word_1_119' title='bbox 1851 660 1885 695; x_wconf 75' lang='grc' dir='ltr'>δε</span> <span class='ocrx_word' id='word_1_120' title='bbox 1906 660 2026 705; x_wconf 85' lang='lat' dir='ltr'>Joanni</span> <span class='ocrx_word' id='word_1_121' title='bbox 2050 684 2062 701; x_wconf 89' lang='lat'><strong>,</strong></span> <span class='ocrx_word' id='word_1_122' title='bbox 2085 663 2120 699; x_wconf 85' lang='lat'>&amp;</span> 
     </span>
     <span class='ocr_line' id='line_1_21' title="bbox 1231 706 2120 754; baseline 0.01 -15"><span class='ocrx_word' id='word_1_123' title='bbox 1231 717 1299 740; x_wconf 89' lang='lat' dir='ltr'>non</span> <span class='ocrx_word' id='word_1_124' title='bbox 1313 706 1372 743; x_wconf 85' lang='lat' dir='ltr'>nifi</span> <span class='ocrx_word' id='word_1_125' title='bbox 1386 707 1432 742; x_wconf 91' lang='lat' dir='ltr'>ob</span> <span class='ocrx_word' id='word_1_126' title='bbox 1444 708 1535 744; x_wconf 87' lang='lat' dir='ltr'>illius</span> <span class='ocrx_word' id='word_1_127' title='bbox 1544 708 1776 747; x_wconf 86' lang='lat' dir='ltr'>executionem</span> <span class='ocrx_word' id='word_1_128' title='bbox 1786 708 1904 745; x_wconf 85' lang='lat' dir='ltr'>abillis</span> <span class='ocrx_word' id='word_1_129' title='bbox 1914 711 2050 754; x_wconf 84' lang='lat' dir='ltr'>defecit,</span> <span class='ocrx_word' id='word_1_130' title='bbox 2079 724 2120 748; x_wconf 90' lang='lat' dir='ltr'>ae</span> 
     </span>
     <span class='ocr_line' id='line_1_22' title="bbox 1230 756 2120 807; baseline 0.009 -16"><span class='ocrx_word' id='word_1_131' title='bbox 1230 756 1365 791; x_wconf 86' lang='lat' dir='ltr'>deflexit</span> <span class='ocrx_word' id='word_1_132' title='bbox 1388 758 1428 792; x_wconf 87' lang='lat' dir='ltr'>ad</span> <span class='ocrx_word' id='word_1_133' title='bbox 1442 759 1633 795; x_wconf 71' lang='lat' dir='ltr'>Factionem</span> <span class='ocrx_word' id='word_1_134' title='bbox 1647 759 1847 795; x_wconf 83' lang='lat' dir='ltr'>Alexandri.</span> <span class='ocrx_word' id='word_1_135' title='bbox 1874 761 1982 797; x_wconf 76' lang='lat' dir='ltr'>Fuisse</span> <span class='ocrx_word' id='word_1_136' title='bbox 2002 763 2120 807; x_wconf 85' lang='lat' dir='ltr'>specia-</span> 
     </span>
     <span class='ocr_line' id='line_1_23' title="bbox 1231 807 2117 855; baseline 0.011 -15"><span class='ocrx_word' id='word_1_137' title='bbox 1231 807 1293 841; x_wconf 88' lang='lat' dir='ltr'>lem</span> <span class='ocrx_word' id='word_1_138' title='bbox 1306 807 1435 842; x_wconf 83' lang='lat' dir='ltr'>Sacram</span> <span class='ocrx_word' id='word_1_139' title='bbox 1451 820 1568 844; x_wconf 87' lang='lat' dir='ltr'>contra</span> <span class='ocrx_word' id='word_1_140' title='bbox 1582 810 1660 845; x_wconf 89' lang='lat' dir='ltr'>istos</span> <span class='ocrx_word' id='word_1_141' title='bbox 1672 822 1833 855; x_wconf 85' lang='lat' dir='ltr'>quatuor,</span> <span class='ocrx_word' id='word_1_142' title='bbox 1860 812 1983 847; x_wconf 89' lang='lat' dir='ltr'>lucebit</span> <span class='ocrx_word' id='word_1_143' title='bbox 2008 823 2050 848; x_wconf 82' lang='lat' dir='ltr'>ex</span> <span class='ocrx_word' id='word_1_144' title='bbox 2059 813 2117 850; x_wconf 74' lang='lat' dir='ltr'>sta·</span> 
     </span>
     <span class='ocr_line' id='line_1_24' title="bbox 1232 857 1980 907; baseline 0.005 -13"><span class='ocrx_word' id='word_1_145' title='bbox 1232 857 1293 894; x_wconf 88' lang='lat' dir='ltr'>tim</span> <span class='ocrx_word' id='word_1_146' title='bbox 1305 858 1501 895; x_wconf 85' lang='lat' dir='ltr'>adducendo</span> <span class='ocrx_word' id='word_1_147' title='bbox 1514 860 1581 907; x_wconf 86' lang='lat' dir='ltr'>ejus</span> <span class='ocrx_word' id='word_1_148' title='bbox 1591 861 1784 898; x_wconf 86' lang='lat' dir='ltr'>executorio</span> <span class='ocrx_word' id='word_1_149' title='bbox 1795 862 1962 900; x_wconf 78' lang='lat' dir='ltr'>Mandato</span> <span class='ocrx_word' id='word_1_150' title='bbox 1971 888 1980 898; x_wconf 91' lang='lat'><strong><em>.</em></strong></span> 
     </span>
    </p>
   </div>
   <div class='ocr_carea' id='block_1_6' title="bbox 268 904 1234 952">
    <p class='ocr_par' dir='ltr' id='par_1_6' title="bbox 268 904 1234 952">
     <span class='ocr_line' id='line_1_25' title="bbox 268 904 1234 952; baseline 0 -13"><span class='ocrx_word' id='word_1_151' title='bbox 268 904 310 939; x_wconf 89' lang='lat' dir='ltr'>lis</span> <span class='ocrx_word' id='word_1_152' title='bbox 339 906 496 941; x_wconf 81' lang='lat' dir='ltr'>docuerat</span> <span class='ocrx_word' id='word_1_153' title='bbox 520 906 654 943; x_wconf 88' lang='lat' dir='ltr'>unicam</span> <span class='ocrx_word' id='word_1_154' title='bbox 677 906 801 943; x_wconf 86' lang='lat' dir='ltr'>Christi</span> <span class='ocrx_word' id='word_1_155' title='bbox 828 908 973 947; x_wconf 85' lang='lat' dir='ltr'>Domini</span> <span class='ocrx_word' id='word_1_156' title='bbox 993 918 1164 952; x_wconf 77' lang='lat' dir='ltr'>naturam,</span> <span class='ocrx_word' id='word_1_157' title='bbox 1230 935 1234 939; x_wconf 93' lang='lat'>.</span> 
     </span>
    </p>
   </div>
   <div class='ocr_carea' id='block_1_7' title="bbox 257 954 1165 1746">
    <p class='ocr_par' dir='ltr' id='par_1_7' title="bbox 257 954 1165 1746">
     <span class='ocr_line' id='line_1_26' title="bbox 266 954 1165 1003; baseline 0.003 -14"><span class='ocrx_word' id='word_1_158' title='bbox 266 954 333 998; x_wconf 84' lang='lat' dir='ltr'>jam</span> <span class='ocrx_word' id='word_1_159' title='bbox 356 956 392 991; x_wconf 85' lang='lat' dir='ltr'>in</span> <span class='ocrx_word' id='word_1_160' title='bbox 414 956 476 992; x_wconf 81' lang='lat' dir='ltr'>ista</span> <span class='ocrx_word' id='word_1_161' title='bbox 499 956 637 999; x_wconf 84' lang='lat' dir='ltr'>epistola</span> <span class='ocrx_word' id='word_1_162' title='bbox 658 958 830 1003; x_wconf 85' lang='lat' dir='ltr'>profitetur</span> <span class='ocrx_word' id='word_1_163' title='bbox 853 959 934 996; x_wconf 85' lang='lat' dir='ltr'>duas</span> <span class='ocrx_word' id='word_1_164' title='bbox 955 985 963 995; x_wconf 78' lang='grc'><strong>.</strong></span> <span class='ocrx_word' id='word_1_165' title='bbox 991 957 1165 998; x_wconf 75' lang='lat' dir='ltr'>Secundo,</span> 
     </span>
     <span class='ocr_line' id='line_1_27' title="bbox 268 1005 1164 1049; baseline 0 -9"><span class='ocrx_word' id='word_1_166' title='bbox 268 1005 360 1049; x_wconf 83' lang='lat' dir='ltr'>quod</span> <span class='ocrx_word' id='word_1_167' title='bbox 384 1006 481 1043; x_wconf 84' lang='lat' dir='ltr'>istam</span> <span class='ocrx_word' id='word_1_168' title='bbox 507 1005 750 1044; x_wconf 83' lang='lat' dir='ltr'>orthodoxam</span> <span class='ocrx_word' id='word_1_169' title='bbox 775 1010 946 1045; x_wconf 87' lang='lat' dir='ltr'>veritatem</span> <span class='ocrx_word' id='word_1_170' title='bbox 968 1009 986 1044; x_wconf 77' lang='lat' dir='ltr'>a</span> <span class='ocrx_word' id='word_1_171' title='bbox 1009 1006 1164 1043; x_wconf 85' lang='lat' dir='ltr'>Nestorio</span> 
     </span>
     <span class='ocr_line' id='line_1_28' title="bbox 267 1054 1159 1105; baseline 0.002 -15"><span class='ocrx_word' id='word_1_172' title='bbox 267 1054 441 1093; x_wconf 86' lang='lat' dir='ltr'>didicerit.</span> <span class='ocrx_word' id='word_1_173' title='bbox 467 1056 592 1094; x_wconf 73' lang='lat' dir='ltr'>Tertio</span> <span class='ocrx_word' id='word_1_174' title='bbox 617 1058 708 1100; x_wconf 87' lang='lat' dir='ltr'>quod</span> <span class='ocrx_word' id='word_1_175' title='bbox 734 1060 882 1104; x_wconf 82' lang='lat' dir='ltr'>ingratus</span> <span class='ocrx_word' id='word_1_176' title='bbox 893 1059 1000 1095; x_wconf 88' lang='lat' dir='ltr'>adhuc</span> <span class='ocrx_word' id='word_1_177' title='bbox 1017 1056 1159 1105; x_wconf 74' lang='lat' dir='ltr'>persistat</span> 
     </span>
     <span class='ocr_line' id='line_1_29' title="bbox 265 1105 1162 1150; baseline -0.002 -9"><span class='ocrx_word' id='word_1_178' title='bbox 265 1105 304 1141; x_wconf 81' lang='lat' dir='ltr'>in</span> <span class='ocrx_word' id='word_1_179' title='bbox 316 1107 375 1141; x_wconf 87' lang='lat' dir='ltr'>suo</span> <span class='ocrx_word' id='word_1_180' title='bbox 388 1106 505 1143; x_wconf 84' lang='lat' dir='ltr'>latratu</span> <span class='ocrx_word' id='word_1_181' title='bbox 517 1132 529 1149; x_wconf 86' lang='lat'>‚</span> <span class='ocrx_word' id='word_1_182' title='bbox 556 1119 595 1142; x_wconf 83' lang='lat' dir='ltr'>ac</span> <span class='ocrx_word' id='word_1_183' title='bbox 613 1107 647 1140; x_wconf 91' lang='lat' dir='ltr'>in</span> <span class='ocrx_word' id='word_1_184' title='bbox 659 1109 860 1150; x_wconf 78' lang='lat' dir='ltr'>postulando</span> <span class='ocrx_word' id='word_1_185' title='bbox 872 1109 1025 1146; x_wconf 85' lang='lat' dir='ltr'>omnium</span> <span class='ocrx_word' id='word_1_186' title='bbox 1040 1107 1162 1144; x_wconf 79' lang='lat' dir='ltr'>affensu</span> 
     </span>
     <span class='ocr_line' id='line_1_30' title="bbox 264 1154 1163 1205; baseline -0.001 -15"><span class='ocrx_word' id='word_1_187' title='bbox 264 1154 303 1190; x_wconf 86' lang='lat' dir='ltr'>in</span> <span class='ocrx_word' id='word_1_188' title='bbox 324 1155 415 1191; x_wconf 89' lang='lat' dir='ltr'>illius</span> <span class='ocrx_word' id='word_1_189' title='bbox 434 1156 704 1191; x_wconf 81' lang='lat' dir='ltr'>damnationem.</span> <span class='ocrx_word' id='word_1_190' title='bbox 730 1156 862 1205; x_wconf 76' lang='lat' dir='ltr'>Qarto</span> <span class='ocrx_word' id='word_1_191' title='bbox 884 1181 895 1198; x_wconf 93' lang='lat'>‚</span> <span class='ocrx_word' id='word_1_192' title='bbox 921 1157 1012 1200; x_wconf 81' lang='lat' dir='ltr'>quod</span> <span class='ocrx_word' id='word_1_193' title='bbox 1035 1156 1163 1195; x_wconf 79' lang='lat' dir='ltr'>Divina</span> 
     </span>
     <span class='ocr_line' id='line_1_31' title="bbox 263 1203 1159 1251; baseline 0.002 -12"><span class='ocrx_word' id='word_1_194' title='bbox 263 1203 389 1250; x_wconf 78' lang='lat' dir='ltr'>justitia</span> <span class='ocrx_word' id='word_1_195' title='bbox 407 1215 478 1248; x_wconf 76' lang='lat' dir='ltr'>quae</span> <span class='ocrx_word' id='word_1_196' title='bbox 504 1204 683 1242; x_wconf 75' lang='lat' dir='ltr'>Danielem</span> <span class='ocrx_word' id='word_1_197' title='bbox 707 1204 726 1241; x_wconf 80' lang='grc' dir='ltr'>ὲ</span> <span class='ocrx_word' id='word_1_198' title='bbox 747 1207 820 1242; x_wconf 87' lang='lat' dir='ltr'>lacu</span> <span class='ocrx_word' id='word_1_199' title='bbox 833 1208 969 1245; x_wconf 86' lang='lat' dir='ltr'>leonum</span> <span class='ocrx_word' id='word_1_200' title='bbox 983 1233 994 1250; x_wconf 91' lang='lat'>‚</span> <span class='ocrx_word' id='word_1_201' title='bbox 1019 1219 1057 1244; x_wconf 87' lang='lat' dir='ltr'>ac</span> <span class='ocrx_word' id='word_1_202' title='bbox 1077 1208 1159 1251; x_wconf 83' lang='lat' dir='ltr'>Jere-</span> 
     </span>
     <span class='ocr_line' id='line_1_32' title="bbox 263 1254 1160 1302; baseline 0.001 -12"><span class='ocrx_word' id='word_1_203' title='bbox 263 1255 367 1290; x_wconf 82' lang='lat' dir='ltr'>miam</span> <span class='ocrx_word' id='word_1_204' title='bbox 388 1254 546 1292; x_wconf 74' lang='lat' dir='ltr'>ecarcere</span> <span class='ocrx_word' id='word_1_205' title='bbox 574 1256 747 1298; x_wconf 82' lang='lat' dir='ltr'>liberavit,</span> <span class='ocrx_word' id='word_1_206' title='bbox 772 1258 812 1293; x_wconf 84' lang='lat' dir='ltr'>fit</span> <span class='ocrx_word' id='word_1_207' title='bbox 822 1258 920 1293; x_wconf 86' lang='lat' dir='ltr'>etiam</span> <span class='ocrx_word' id='word_1_208' title='bbox 936 1258 978 1293; x_wconf 87' lang='lat' dir='ltr'>ab</span> <span class='ocrx_word' id='word_1_209' title='bbox 988 1256 1160 1302; x_wconf 18' lang='lat' dir='ltr'>hactperse-</span> 
     </span>
     <span class='ocr_line' id='line_1_33' title="bbox 263 1305 1159 1354; baseline 0.003 -15"><span class='ocrx_word' id='word_1_210' title='bbox 263 1306 401 1341; x_wconf 86' lang='lat' dir='ltr'>cutione</span> <span class='ocrx_word' id='word_1_211' title='bbox 410 1305 584 1344; x_wconf 79' lang='lat' dir='ltr'>liberatura</span> <span class='ocrx_word' id='word_1_212' title='bbox 597 1306 807 1343; x_wconf 86' lang='lat' dir='ltr'>Nestorium.</span> <span class='ocrx_word' id='word_1_213' title='bbox 829 1308 977 1353; x_wconf 86' lang='lat' dir='ltr'>Epistola</span> <span class='ocrx_word' id='word_1_214' title='bbox 987 1309 1104 1354; x_wconf 86' lang='lat' dir='ltr'>scripta</span> <span class='ocrx_word' id='word_1_215' title='bbox 1114 1307 1159 1343; x_wconf 87' lang='lat' dir='ltr'>est</span> 
     </span>
     <span class='ocr_line' id='line_1_34' title="bbox 264 1354 1158 1398; baseline 0.008 -9"><span class='ocrx_word' id='word_1_216' title='bbox 264 1354 309 1390; x_wconf 78' lang='lat' dir='ltr'>ad</span> <span class='ocrx_word' id='word_1_217' title='bbox 330 1356 570 1393; x_wconf 82' lang='lat' dir='ltr'>consolandam</span> <span class='ocrx_word' id='word_1_218' title='bbox 593 1381 605 1398; x_wconf 90' lang='lat'><strong>,</strong></span> <span class='ocrx_word' id='word_1_219' title='bbox 648 1358 754 1393; x_wconf 76' lang='lat' dir='ltr'>immo</span> <span class='ocrx_word' id='word_1_220' title='bbox 773 1360 807 1394; x_wconf 73' lang='grc' dir='ltr'>δε</span> <span class='ocrx_word' id='word_1_221' title='bbox 827 1359 1040 1396; x_wconf 85' lang='lat' dir='ltr'>animandam</span> <span class='ocrx_word' id='word_1_222' title='bbox 1065 1359 1158 1397; x_wconf 83' lang='lat' dir='ltr'>issam</span> 
     </span>
     <span class='ocr_line' id='line_1_35' title="bbox 263 1406 1159 1455; baseline 0.006 -15"><span class='ocrx_word' id='word_1_223' title='bbox 263 1406 644 1454; x_wconf 86' lang='lat' dir='ltr'>Constantinopolitani</span> <span class='ocrx_word' id='word_1_224' title='bbox 667 1409 790 1453; x_wconf 87' lang='lat' dir='ltr'>Populi</span> <span class='ocrx_word' id='word_1_225' title='bbox 822 1421 948 1455; x_wconf 85' lang='lat' dir='ltr'>partem</span> <span class='ocrx_word' id='word_1_226' title='bbox 962 1435 973 1452; x_wconf 92' lang='lat'><strong>,</strong></span> <span class='ocrx_word' id='word_1_227' title='bbox 1009 1422 1080 1455; x_wconf 84' lang='lat' dir='ltr'>quae</span> <span class='ocrx_word' id='word_1_228' title='bbox 1101 1420 1159 1452; x_wconf 82' lang='lat' dir='ltr'>pro</span> 
     </span>
     <span class='ocr_line' id='line_1_36' title="bbox 258 1453 1159 1505; baseline 0.002 -15"><span class='ocrx_word' id='word_1_229' title='bbox 258 1453 418 1492; x_wconf 85' lang='lat' dir='ltr'>Nestorio</span> <span class='ocrx_word' id='word_1_230' title='bbox 442 1470 514 1494; x_wconf 88' lang='lat' dir='ltr'>non</span> <span class='ocrx_word' id='word_1_231' title='bbox 539 1458 585 1494; x_wconf 87' lang='lat' dir='ltr'>ita</span> <span class='ocrx_word' id='word_1_232' title='bbox 605 1458 733 1503; x_wconf 85' lang='lat' dir='ltr'>pridem</span> <span class='ocrx_word' id='word_1_233' title='bbox 745 1471 857 1505; x_wconf 84' lang='lat' dir='ltr'>egerat</span> <span class='ocrx_word' id='word_1_234' title='bbox 868 1461 996 1495; x_wconf 82' lang='lat' dir='ltr'>turbas.</span> <span class='ocrx_word' id='word_1_235' title='bbox 1026 1460 1069 1493; x_wconf 87' lang='lat' dir='ltr'>Et</span> <span class='ocrx_word' id='word_1_236' title='bbox 1080 1457 1159 1493; x_wconf 88' lang='lat' dir='ltr'>hinc</span> 
     </span>
     <span class='ocr_line' id='line_1_37' title="bbox 258 1503 1158 1555; baseline 0.006 -15"><span class='ocrx_word' id='word_1_237' title='bbox 258 1503 413 1541; x_wconf 84' lang='lat' dir='ltr'>discimus</span> <span class='ocrx_word' id='word_1_238' title='bbox 422 1508 487 1542; x_wconf 87' lang='lat' dir='ltr'>alia</span> <span class='ocrx_word' id='word_1_239' title='bbox 503 1508 563 1543; x_wconf 82' lang='lat' dir='ltr'>tria</span> <span class='ocrx_word' id='word_1_240' title='bbox 575 1533 584 1541; x_wconf 91' lang='lat'><strong>.</strong></span> <span class='ocrx_word' id='word_1_241' title='bbox 611 1507 745 1551; x_wconf 70' lang='lat' dir='ltr'>Primo,</span> <span class='ocrx_word' id='word_1_242' title='bbox 771 1508 861 1553; x_wconf 91' lang='lat' dir='ltr'>quod</span> <span class='ocrx_word' id='word_1_243' title='bbox 875 1510 934 1545; x_wconf 87' lang='lat' dir='ltr'>ista</span> <span class='ocrx_word' id='word_1_244' title='bbox 952 1510 1067 1555; x_wconf 83' lang='lat' dir='ltr'>Regiae</span> <span class='ocrx_word' id='word_1_245' title='bbox 1078 1510 1158 1545; x_wconf 90' lang='lat' dir='ltr'>civi·</span> 
     </span>
     <span class='ocr_line' id='line_1_38' title="bbox 258 1556 1157 1604; baseline 0.004 -15"><span class='ocrx_word' id='word_1_246' title='bbox 258 1556 336 1590; x_wconf 83' lang='lat' dir='ltr'>tatis</span> <span class='ocrx_word' id='word_1_247' title='bbox 368 1557 483 1591; x_wconf 70' lang='lat' dir='ltr'>Fastio</span> <span class='ocrx_word' id='word_1_248' title='bbox 502 1557 587 1593; x_wconf 72' lang='lat' dir='ltr'>&#39;non</span> <span class='ocrx_word' id='word_1_249' title='bbox 612 1557 724 1595; x_wconf 83' lang='lat' dir='ltr'>statim</span> <span class='ocrx_word' id='word_1_250' title='bbox 760 1561 924 1604; x_wconf 89' lang='lat' dir='ltr'>quieverit</span> <span class='ocrx_word' id='word_1_251' title='bbox 945 1587 952 1594; x_wconf 94' lang='lat'><em>.</em></span> <span class='ocrx_word' id='word_1_252' title='bbox 981 1559 1157 1599; x_wconf 78' lang='lat' dir='ltr'>Secundo,</span> 
     </span>
     <span class='ocr_line' id='line_1_39' title="bbox 259 1603 1158 1654; baseline 0.008 -17"><span class='ocrx_word' id='word_1_253' title='bbox 259 1603 350 1649; x_wconf 86' lang='lat' dir='ltr'>quod</span> <span class='ocrx_word' id='word_1_254' title='bbox 361 1604 453 1640; x_wconf 90' lang='lat' dir='ltr'>illam</span> <span class='ocrx_word' id='word_1_255' title='bbox 469 1605 708 1645; x_wconf 86' lang='lat' dir='ltr'>Theodoretus</span> <span class='ocrx_word' id='word_1_256' title='bbox 729 1611 867 1645; x_wconf 90' lang='lat' dir='ltr'>foverit.</span> <span class='ocrx_word' id='word_1_257' title='bbox 895 1610 1039 1652; x_wconf 76' lang='lat' dir='ltr'>Tertio,</span> <span class='ocrx_word' id='word_1_258' title='bbox 1067 1608 1158 1654; x_wconf 90' lang='lat' dir='ltr'>quod</span> 
     </span>
     <span class='ocr_line' id='line_1_40' title="bbox 258 1655 1158 1707; baseline 0.01 -18"><span class='ocrx_word' id='word_1_259' title='bbox 258 1655 367 1690; x_wconf 62' lang='lat' dir='ltr'>Sanni</span> <span class='ocrx_word' id='word_1_260' title='bbox 378 1656 501 1700; x_wconf 88' lang='lat' dir='ltr'>Cyrilli</span> <span class='ocrx_word' id='word_1_261' title='bbox 511 1656 551 1692; x_wconf 92' lang='lat' dir='ltr'>ad</span> <span class='ocrx_word' id='word_1_262' title='bbox 565 1658 727 1697; x_wconf 87' lang='lat' dir='ltr'>Acacium</span> <span class='ocrx_word' id='word_1_263' title='bbox 748 1661 874 1697; x_wconf 87' lang='lat' dir='ltr'>litteras</span> <span class='ocrx_word' id='word_1_264' title='bbox 897 1663 1021 1707; x_wconf 86' lang='lat' dir='ltr'>semper</span> <span class='ocrx_word' id='word_1_265' title='bbox 1035 1660 1158 1705; x_wconf 80' lang='lat' dir='ltr'>judica·</span> 
     </span>
     <span class='ocr_line' id='line_1_41' title="bbox 257 1705 602 1746; baseline 0.014 -6"><span class='ocrx_word' id='word_1_266' title='bbox 257 1706 340 1741; x_wconf 88' lang='lat' dir='ltr'>verit</span> <span class='ocrx_word' id='word_1_267' title='bbox 359 1705 577 1743; x_wconf 82' lang='lat' dir='ltr'>Orthodoxas</span> <span class='ocrx_word' id='word_1_268' title='bbox 593 1732 602 1746; x_wconf 59' lang='lat'>0</span> 
     </span>
    </p>
   </div>
   <div class='ocr_carea' id='block_1_8' title="bbox 481 1930 1154 1982">
    <p class='ocr_par' dir='ltr' id='par_1_8' title="bbox 481 1930 1154 1982">
     <span class='ocr_line' id='line_1_42' title="bbox 481 1930 1154 1982; baseline 0.006 -4"><span class='ocrx_word' id='word_1_269' title='bbox 481 1930 743 1980; x_wconf 82' lang='lat' dir='ltr'>CAPUT</span> <span class='ocrx_word' id='word_1_270' title='bbox 788 1935 926 1981; x_wconf 84' lang='lat' dir='ltr'>CXL.</span> <span class='ocrx_word' id='word_1_271' title='bbox 1013 1935 1154 1982; x_wconf 80' lang='lat'>-228</span> 
     </span>
    </p>
   </div>
   <div class='ocr_carea' id='block_1_9' title="bbox 266 2067 1158 2560">
    <p class='ocr_par' dir='ltr' id='par_1_9' title="bbox 266 2067 1158 2560">
     <span class='ocr_line' id='line_1_43' title="bbox 266 2067 1158 2136; baseline 0.001 -21"><span class='ocrx_word' id='word_1_272' title='bbox 266 2073 392 2115; x_wconf 73' lang='lat' dir='ltr'>Sacra</span> <span class='ocrx_word' id='word_1_273' title='bbox 424 2103 438 2129; x_wconf 84' lang='lat'>‚</span> <span class='ocrx_word' id='word_1_274' title='bbox 474 2069 623 2136; x_wconf 89' lang='lat' dir='ltr'>inquit</span> <span class='ocrx_word' id='word_1_275' title='bbox 658 2104 673 2129; x_wconf 84' lang='grc'>,</span> <span class='ocrx_word' id='word_1_276' title='bbox 709 2067 737 2116; x_wconf 64' lang='lat' dir='ltr'>d</span> <span class='ocrx_word' id='word_1_277' title='bbox 772 2077 919 2123; x_wconf 77' lang='lat' dir='ltr'>Joanne</span> <span class='ocrx_word' id='word_1_278' title='bbox 953 2067 1158 2117; x_wconf 63' lang='lat' dir='ltr'>Antiochiae</span> 
     </span>
     <span class='ocr_line' id='line_1_44' title="bbox 335 2138 1158 2206; baseline -0.001 -19"><span class='ocrx_word' id='word_1_279' title='bbox 335 2143 542 2206; x_wconf 77' lang='lat' dir='ltr'>impetrata</span> <span class='ocrx_word' id='word_1_280' title='bbox 577 2154 664 2184; x_wconf 82' lang='lat' dir='ltr'>tam</span> <span class='ocrx_word' id='word_1_281' title='bbox 699 2155 827 2186; x_wconf 79' lang='lat' dir='ltr'>contra</span> <span class='ocrx_word' id='word_1_282' title='bbox 865 2145 945 2186; x_wconf 81' lang='lat' dir='ltr'>Deo</span> <span class='ocrx_word' id='word_1_283' title='bbox 991 2138 1158 2206; x_wconf 68' lang='lat' dir='ltr'>Amicifi</span> 
     </span>
     <span class='ocr_line' id='line_1_45' title="bbox 321 2205 1158 2275; baseline 0 -21"><span class='ocrx_word' id='word_1_284' title='bbox 321 2209 468 2274; x_wconf 79' lang='lat' dir='ltr'>fimum</span> <span class='ocrx_word' id='word_1_285' title='bbox 518 2212 578 2253; x_wconf 70' lang='lat'>(9¹</span> <span class='ocrx_word' id='word_1_286' title='bbox 602 2211 634 2252; x_wconf 87' lang='lat' dir='ltr'><em>S</em></span> <span class='ocrx_word' id='word_1_287' title='bbox 635 2205 894 2272; x_wconf 60' lang='lat' dir='ltr'>aneliffimum</span> <span class='ocrx_word' id='word_1_288' title='bbox 928 2207 1158 2275; x_wconf 69' lang='grc' dir='ltr'>ΕρξῘὲορηνη</span> 
     </span>
     <span class='ocr_line' id='line_1_46' title="bbox 331 2274 1157 2346; baseline -0.001 -20"><span class='ocrx_word' id='word_1_289' title='bbox 331 2275 570 2346; x_wconf 78' lang='lat' dir='ltr'>Hierapolios</span> <span class='ocrx_word' id='word_1_290' title='bbox 595 2274 866 2325; x_wconf 76' lang='lat' dir='ltr'>Alexandrum</span> <span class='ocrx_word' id='word_1_291' title='bbox 879 2315 893 2339; x_wconf 82' lang='lat'>,</span> <span class='ocrx_word' id='word_1_292' title='bbox 930 2295 1045 2343; x_wconf 77' lang='lat' dir='ltr'>quam</span> <span class='ocrx_word' id='word_1_293' title='bbox 1074 2296 1157 2325; x_wconf 85' lang='lat' dir='ltr'>con-</span> 
     </span>
     <span class='ocr_line' id='line_1_47' title="bbox 334 2346 1156 2409; baseline -0.001 -13"><span class='ocrx_word' id='word_1_294' title='bbox 334 2365 400 2396; x_wconf 78' lang='lat' dir='ltr'>tra</span> <span class='ocrx_word' id='word_1_295' title='bbox 452 2346 679 2396; x_wconf 80' lang='lat' dir='ltr'>Helladium</span> <span class='ocrx_word' id='word_1_296' title='bbox 701 2384 716 2409; x_wconf 82' lang='lat'>,</span> <span class='ocrx_word' id='word_1_297' title='bbox 763 2352 823 2394; x_wconf 70' lang='lat'>&lt;9⁴</span> <span class='ocrx_word' id='word_1_298' title='bbox 857 2352 1156 2408; x_wconf 74' lang='lat' dir='ltr'>Maximinum,</span> 
     </span>
     <span class='ocr_line' id='line_1_48' title="bbox 335 2416 1158 2486; baseline -0.001 -19"><span class='ocrx_word' id='word_1_299' title='bbox 335 2425 395 2467; x_wconf 59' lang='grc' dir='ltr'>(φ</span> <span class='ocrx_word' id='word_1_300' title='bbox 430 2416 709 2467; x_wconf 78' lang='lat' dir='ltr'>Theodoretum</span> <span class='ocrx_word' id='word_1_301' title='bbox 737 2456 751 2481; x_wconf 79' lang='lat'>‚</span> <span class='ocrx_word' id='word_1_302' title='bbox 787 2424 867 2467; x_wconf 88' lang='lat' dir='ltr'>Deo</span> <span class='ocrx_word' id='word_1_303' title='bbox 902 2417 1158 2486; x_wconf 75' lang='lat' dir='ltr'>Amicissimos</span> 
     </span>
     <span class='ocr_line' id='line_1_49' title="bbox 333 2487 563 2560; baseline 0.009 -23"><span class='ocrx_word' id='word_1_304' title='bbox 333 2487 563 2560; x_wconf 79' lang='lat' dir='ltr'>Epifiopos.</span> 
     </span>
    </p>
   </div>
   <div class='ocr_carea' id='block_1_10' title="bbox 268 2608 1159 2959">
    <p class='ocr_par' dir='ltr' id='par_1_10' title="bbox 268 2608 1159 2959">
     <span class='ocr_line' id='line_1_50' title="bbox 350 2608 1156 2655; baseline -0.004 -7"><span class='ocrx_word' id='word_1_305' title='bbox 350 2612 547 2648; x_wconf 83' lang='lat' dir='ltr'>Celefiarum</span> <span class='ocrx_word' id='word_1_306' title='bbox 567 2620 683 2655; x_wconf 85' lang='lat' dir='ltr'>pacem</span> <span class='ocrx_word' id='word_1_307' title='bbox 707 2634 719 2651; x_wconf 92' lang='lat'>,</span> <span class='ocrx_word' id='word_1_308' title='bbox 744 2610 779 2644; x_wconf 91' lang='lat'>&amp;</span> <span class='ocrx_word' id='word_1_309' title='bbox 801 2608 887 2644; x_wconf 87' lang='lat' dir='ltr'>hanc</span> <span class='ocrx_word' id='word_1_310' title='bbox 908 2610 1156 2654; x_wconf 87' lang='lat' dir='ltr'>procurantium</span> 
     </span>
     <span class='ocr_line' id='line_1_51' title="bbox 375 2658 1156 2705; baseline 0 -10"><span class='ocrx_word' id='word_1_311' title='bbox 375 2662 552 2705; x_wconf 80' lang='lat' dir='ltr'>diligenter</span> <span class='ocrx_word' id='word_1_312' title='bbox 575 2660 809 2695; x_wconf 88' lang='lat' dir='ltr'>omnimodum</span> <span class='ocrx_word' id='word_1_313' title='bbox 831 2658 992 2695; x_wconf 89' lang='lat' dir='ltr'>honorem</span> <span class='ocrx_word' id='word_1_314' title='bbox 1027 2661 1061 2695; x_wconf 73' lang='grc' dir='ltr'>ὃς</span> <span class='ocrx_word' id='word_1_315' title='bbox 1081 2662 1156 2696; x_wconf 84' lang='lat' dir='ltr'>affe-</span> 
     </span>
     <span class='ocr_line' id='line_1_52' title="bbox 268 2710 1157 2752; baseline -0.004 -4"><span class='ocrx_word' id='word_1_316' title='bbox 268 2714 359 2748; x_wconf 67' lang='lat' dir='ltr'>stum</span> <span class='ocrx_word' id='word_1_317' title='bbox 377 2735 389 2752; x_wconf 91' lang='lat'><strong>,</strong></span> <span class='ocrx_word' id='word_1_318' title='bbox 415 2712 611 2747; x_wconf 67' lang='lat' dir='ltr'>cuneorum</span> <span class='ocrx_word' id='word_1_319' title='bbox 643 2711 773 2745; x_wconf 83' lang='lat' dir='ltr'>causam</span> <span class='ocrx_word' id='word_1_320' title='bbox 799 2710 964 2746; x_wconf 88' lang='lat' dir='ltr'>bonorum</span> <span class='ocrx_word' id='word_1_321' title='bbox 990 2710 1125 2745; x_wconf 60' lang='lat' dir='ltr'>existere</span> <span class='ocrx_word' id='word_1_322' title='bbox 1146 2736 1157 2752; x_wconf 91' lang='lat'><strong>,</strong></span> 
     </span>
     <span class='ocr_line' id='line_1_53' title="bbox 269 2759 1159 2807; baseline -0.001 -10"><span class='ocrx_word' id='word_1_323' title='bbox 269 2762 465 2807; x_wconf 83' lang='lat' dir='ltr'>ambiguum</span> <span class='ocrx_word' id='word_1_324' title='bbox 479 2772 550 2796; x_wconf 88' lang='lat' dir='ltr'>non</span> <span class='ocrx_word' id='word_1_325' title='bbox 561 2759 607 2794; x_wconf 84' lang='lat' dir='ltr'>est</span> <span class='ocrx_word' id='word_1_326' title='bbox 619 2783 627 2792; x_wconf 86' lang='lat'><strong>.</strong></span> <span class='ocrx_word' id='word_1_327' title='bbox 657 2760 747 2807; x_wconf 75' lang='lat' dir='ltr'>Quia</span> <span class='ocrx_word' id='word_1_328' title='bbox 757 2761 846 2795; x_wconf 89' lang='lat' dir='ltr'>enim</span> <span class='ocrx_word' id='word_1_329' title='bbox 857 2761 1039 2796; x_wconf 81' lang='lat' dir='ltr'>concordiae</span> <span class='ocrx_word' id='word_1_330' title='bbox 1049 2762 1083 2796; x_wconf 91' lang='lat'>&amp;</span> <span class='ocrx_word' id='word_1_331' title='bbox 1096 2762 1159 2796; x_wconf 89' lang='lat' dir='ltr'>Re·</span> 
     </span>
     <span class='ocr_line' id='line_1_54' title="bbox 269 2810 1158 2859; baseline -0.002 -11"><span class='ocrx_word' id='word_1_332' title='bbox 269 2812 410 2859; x_wconf 83' lang='lat' dir='ltr'>ligionis</span> <span class='ocrx_word' id='word_1_333' title='bbox 439 2812 527 2845; x_wconf 89' lang='lat' dir='ltr'>viam</span> <span class='ocrx_word' id='word_1_334' title='bbox 550 2810 704 2845; x_wconf 67' lang='lat' dir='ltr'>intactam</span> <span class='ocrx_word' id='word_1_335' title='bbox 734 2811 769 2845; x_wconf 78' lang='grc' dir='ltr'>δε</span> <span class='ocrx_word' id='word_1_336' title='bbox 791 2811 1033 2847; x_wconf 87' lang='lat' dir='ltr'>immaculatam</span> <span class='ocrx_word' id='word_1_337' title='bbox 1053 2813 1158 2846; x_wconf 87' lang='lat' dir='ltr'>custo·</span> 
     </span>
     <span class='ocr_line' id='line_1_55' title="bbox 271 2859 1158 2906; baseline -0.001 -8"><span class='ocrx_word' id='word_1_338' title='bbox 271 2863 392 2904; x_wconf 80' lang='lat' dir='ltr'>diunt,</span> <span class='ocrx_word' id='word_1_339' title='bbox 419 2859 517 2905; x_wconf 83' lang='lat' dir='ltr'>hujus</span> <span class='ocrx_word' id='word_1_340' title='bbox 537 2860 586 2895; x_wconf 85' lang='lat' dir='ltr'>rei</span> <span class='ocrx_word' id='word_1_341' title='bbox 607 2860 734 2906; x_wconf 87' lang='lat' dir='ltr'>gratia,</span> <span class='ocrx_word' id='word_1_342' title='bbox 760 2859 888 2895; x_wconf 89' lang='lat' dir='ltr'>honore</span> <span class='ocrx_word' id='word_1_343' title='bbox 910 2863 1059 2898; x_wconf 84' lang='lat' dir='ltr'>maximo</span> <span class='ocrx_word' id='word_1_344' title='bbox 1082 2887 1094 2903; x_wconf 90' lang='lat'>‚</span> <span class='ocrx_word' id='word_1_345' title='bbox 1120 2873 1158 2897; x_wconf 83' lang='lat' dir='ltr'>ac</span> 
     </span>
     <span class='ocr_line' id='line_1_56' title="bbox 270 2911 1158 2959; baseline 0 -12"><span class='ocrx_word' id='word_1_346' title='bbox 270 2914 433 2959; x_wconf 77' lang='lat' dir='ltr'>praecipuo</span> <span class='ocrx_word' id='word_1_347' title='bbox 455 2913 607 2947; x_wconf 86' lang='lat' dir='ltr'>fruuntur</span> <span class='ocrx_word' id='word_1_348' title='bbox 626 2912 759 2946; x_wconf 72' lang='lat' dir='ltr'>affestu.</span> <span class='ocrx_word' id='word_1_349' title='bbox 784 2911 819 2945; x_wconf 91' lang='lat' dir='ltr'>Si</span> <span class='ocrx_word' id='word_1_350' title='bbox 841 2911 898 2955; x_wconf 90' lang='lat' dir='ltr'>qui</span> <span class='ocrx_word' id='word_1_351' title='bbox 920 2922 1030 2947; x_wconf 90' lang='lat' dir='ltr'>autem</span> <span class='ocrx_word' id='word_1_352' title='bbox 1054 2912 1113 2948; x_wconf 90' lang='lat' dir='ltr'>sub</span> <span class='ocrx_word' id='word_1_353' title='bbox 1123 2913 1158 2947; x_wconf 85' lang='lat' dir='ltr'>fi-</span> 
     </span>
    </p>
   </div>
   <div class='ocr_carea' id='block_1_11' title="bbox 271 2960 1182 3009">
    <p class='ocr_par' dir='ltr' id='par_1_11' title="bbox 271 2960 1182 3009">
     <span class='ocr_line' id='line_1_57' title="bbox 271 2960 1182 3009; baseline -0.001 -10"><span class='ocrx_word' id='word_1_354' title='bbox 271 2964 458 2999; x_wconf 88' lang='lat' dir='ltr'>mulatione</span> <span class='ocrx_word' id='word_1_355' title='bbox 481 2962 672 3007; x_wconf 85' lang='lat' dir='ltr'>Religionis</span> <span class='ocrx_word' id='word_1_356' title='bbox 692 2960 798 3006; x_wconf 88' lang='lat' dir='ltr'>putari</span> <span class='ocrx_word' id='word_1_357' title='bbox 818 2962 968 2996; x_wconf 82' lang='lat' dir='ltr'>custodes</span> <span class='ocrx_word' id='word_1_358' title='bbox 988 2973 1158 3006; x_wconf 82' lang='lat' dir='ltr'>quaerunt,</span> <span class='ocrx_word' id='word_1_359' title='bbox 1180 3006 1182 3009; x_wconf 21' lang='lat' dir='ltr'>v</span> 
     </span>
    </p>
   </div>
   <div class='ocr_carea' id='block_1_12' title="bbox 274 3011 1157 3100">
    <p class='ocr_par' dir='ltr' id='par_1_12' title="bbox 274 3011 1157 3100">
     <span class='ocr_line' id='line_1_58' title="bbox 274 3011 1157 3059; baseline 0 -10"><span class='ocrx_word' id='word_1_360' title='bbox 274 3014 426 3058; x_wconf 81' lang='lat' dir='ltr'>praecipui</span> <span class='ocrx_word' id='word_1_361' title='bbox 439 3013 605 3059; x_wconf 86' lang='lat' dir='ltr'>dogmatis</span> <span class='ocrx_word' id='word_1_362' title='bbox 616 3011 835 3058; x_wconf 86' lang='lat' dir='ltr'>Corruptores</span> <span class='ocrx_word' id='word_1_363' title='bbox 844 3022 950 3047; x_wconf 86' lang='lat' dir='ltr'>rerum</span> <span class='ocrx_word' id='word_1_364' title='bbox 968 3013 1157 3049; x_wconf 81' lang='lat' dir='ltr'>testimonio</span> 
     </span>
     <span class='ocr_line' id='line_1_59' title="bbox 277 3063 560 3100; baseline -0.007 -2"><span class='ocrx_word' id='word_1_365' title='bbox 277 3063 541 3100; x_wconf 86' lang='lat' dir='ltr'>demonstrantur</span> <span class='ocrx_word' id='word_1_366' title='bbox 551 3087 560 3096; x_wconf 88' lang='lat'><strong>.</strong></span> 
     </span>
    </p>
   </div>
   <div class='ocr_carea' id='block_1_13' title="bbox 464 3167 963 3212">
    <p class='ocr_par' dir='ltr' id='par_1_13' title="bbox 464 3167 963 3212">
     <span class='ocr_line' id='line_1_60' title="bbox 464 3167 963 3212; baseline -0.002 -1"><span class='ocrx_word' id='word_1_367' title='bbox 464 3167 963 3212; x_wconf 68' lang='lat' dir='ltr'>ScuorloN.</span> 
     </span>
    </p>
   </div>
   <div class='ocr_carea' id='block_1_14' title="bbox 385 3309 1156 3406">
    <p class='ocr_par' dir='ltr' id='par_1_14' title="bbox 385 3309 1156 3406">
     <span class='ocr_line' id='line_1_61' title="bbox 385 3309 1154 3356; baseline 0.007 -12"><span class='ocrx_word' id='word_1_368' title='bbox 385 3309 454 3344; x_wconf 85' lang='lat' dir='ltr'>AEc</span> <span class='ocrx_word' id='word_1_369' title='bbox 466 3311 560 3344; x_wconf 88' lang='lat' dir='ltr'>Sacra</span> <span class='ocrx_word' id='word_1_370' title='bbox 571 3309 698 3345; x_wconf 89' lang='lat' dir='ltr'>videtur</span> <span class='ocrx_word' id='word_1_371' title='bbox 707 3312 769 3346; x_wconf 83' lang='lat' dir='ltr'>effe</span> <span class='ocrx_word' id='word_1_372' title='bbox 781 3312 845 3348; x_wconf 84' lang='lat' dir='ltr'>alia</span> <span class='ocrx_word' id='word_1_373' title='bbox 858 3312 899 3347; x_wconf 89' lang='lat' dir='ltr'>ab</span> <span class='ocrx_word' id='word_1_374' title='bbox 913 3311 967 3347; x_wconf 90' lang='lat' dir='ltr'>illa</span> <span class='ocrx_word' id='word_1_375' title='bbox 979 3313 1154 3356; x_wconf 86' lang='lat' dir='ltr'>praeceden-</span> 
     </span>
     <span class='ocr_line' id='line_1_62' title="bbox 408 3360 1156 3406; baseline 0.005 -11"><span class='ocrx_word' id='word_1_376' title='bbox 408 3361 436 3395; x_wconf 91' lang='lat' dir='ltr'>ti</span> <span class='ocrx_word' id='word_1_377' title='bbox 448 3382 461 3401; x_wconf 87' lang='lat'>,</span> <span class='ocrx_word' id='word_1_378' title='bbox 484 3369 584 3403; x_wconf 81' lang='lat' dir='ltr'>quam</span> <span class='ocrx_word' id='word_1_379' title='bbox 594 3360 780 3398; x_wconf 87' lang='lat' dir='ltr'>audivimus</span> <span class='ocrx_word' id='word_1_380' title='bbox 801 3361 819 3397; x_wconf 72' lang='grc' dir='ltr'>ὲ</span> <span class='ocrx_word' id='word_1_381' title='bbox 832 3363 958 3406; x_wconf 86' lang='lat' dir='ltr'>Joanne</span> <span class='ocrx_word' id='word_1_382' title='bbox 969 3362 1156 3400; x_wconf 88' lang='lat' dir='ltr'>Patriarcha</span> 
     </span>
    </p>
   </div>
   <div class='ocr_carea' id='block_1_15' title="bbox 1340 1047 2111 1125">
    <p class='ocr_par' dir='ltr' id='par_1_15' title="bbox 1340 1047 2111 1125">
     <span class='ocr_line' id='line_1_63' title="bbox 1340 1047 2111 1125; baseline 0.008 -14"><span class='ocrx_word' id='word_1_383' title='bbox 1340 1047 1342 1049; x_wconf 78' lang='grc'><strong>’</strong></span> <span class='ocrx_word' id='word_1_384' title='bbox 1398 1065 1690 1114; x_wconf 61' lang='lat' dir='ltr'><strong>‘CAPUT</strong></span> <span class='ocrx_word' id='word_1_385' title='bbox 1725 1068 1886 1114; x_wconf 83' lang='lat' dir='ltr'>CXLI.</span> <span class='ocrx_word' id='word_1_386' title='bbox 1970 1084 2111 1125; x_wconf 83' lang='lat'>-229</span> 
     </span>
    </p>
   </div>
   <div class='ocr_carea' id='block_1_16' title="bbox 1227 1199 2158 1536">
    <p class='ocr_par' dir='ltr' id='par_1_16' title="bbox 1227 1199 2158 1536">
     <span class='ocr_line' id='line_1_64' title="bbox 1227 1199 2112 1272; baseline 0.005 -21"><span class='ocrx_word' id='word_1_387' title='bbox 1227 1199 1398 1270; x_wconf 77' lang='lat' dir='ltr'>Epssola</span> <span class='ocrx_word' id='word_1_388' title='bbox 1428 1236 1441 1262; x_wconf 80' lang='grc'>,</span> <span class='ocrx_word' id='word_1_389' title='bbox 1490 1202 1637 1269; x_wconf 81' lang='lat' dir='ltr'>inquit</span> <span class='ocrx_word' id='word_1_390' title='bbox 1668 1239 1681 1264; x_wconf 84' lang='lat'><strong><em>,</em></strong></span> <span class='ocrx_word' id='word_1_391' title='bbox 1716 1202 1875 1251; x_wconf 79' lang='lat' dir='ltr'>Meletii</span> <span class='ocrx_word' id='word_1_392' title='bbox 1908 1205 1962 1253; x_wconf 76' lang='lat' dir='ltr'>ad</span> <span class='ocrx_word' id='word_1_393' title='bbox 1993 1212 2112 1272; x_wconf 74' lang='lat' dir='ltr'>Neo-</span> 
     </span>
     <span class='ocr_line' id='line_1_65' title="bbox 1297 1269 2111 1347; baseline 0.009 -29"><span class='ocrx_word' id='word_1_394' title='bbox 1297 1269 1457 1319; x_wconf 78' lang='lat' dir='ltr'>therium</span> <span class='ocrx_word' id='word_1_395' title='bbox 1493 1276 1700 1334; x_wconf 79' lang='lat' dir='ltr'>Comitem,</span> <span class='ocrx_word' id='word_1_396' title='bbox 1736 1278 1800 1343; x_wconf 73' lang='lat' dir='ltr'>qui</span> <span class='ocrx_word' id='word_1_397' title='bbox 1833 1295 1914 1322; x_wconf 75' lang='lat' dir='ltr'>eum</span> <span class='ocrx_word' id='word_1_398' title='bbox 1941 1293 2011 1347; x_wconf 82' lang='lat' dir='ltr'>per</span> <span class='ocrx_word' id='word_1_399' title='bbox 2045 1279 2111 1327; x_wconf 80' lang='lat' dir='ltr'>lit-</span> 
     </span>
     <span class='ocr_line' id='line_1_66' title="bbox 1296 1341 2112 1410; baseline 0.007 -21"><span class='ocrx_word' id='word_1_400' title='bbox 1296 1359 1396 1390; x_wconf 76' lang='lat' dir='ltr'>teras</span> <span class='ocrx_word' id='word_1_401' title='bbox 1418 1341 1557 1410; x_wconf 77' lang='lat' dir='ltr'>fherat</span> <span class='ocrx_word' id='word_1_402' title='bbox 1590 1341 1810 1392; x_wconf 77' lang='lat' dir='ltr'>exhortatus</span> <span class='ocrx_word' id='word_1_403' title='bbox 1833 1382 1846 1407; x_wconf 87' lang='lat'>,</span> <span class='ocrx_word' id='word_1_404' title='bbox 1887 1351 1947 1393; x_wconf 66' lang='lat'>&lt;9⁴</span> <span class='ocrx_word' id='word_1_405' title='bbox 1980 1347 2112 1395; x_wconf 82' lang='lat' dir='ltr'>admo-</span> 
     </span>
     <span class='ocr_line' id='line_1_67' title="bbox 1295 1410 2158 1475; baseline 0.009 -15"><span class='ocrx_word' id='word_1_406' title='bbox 1295 1429 1427 1462; x_wconf 76' lang='lat' dir='ltr'>nuerat</span> <span class='ocrx_word' id='word_1_407' title='bbox 1453 1449 1467 1475; x_wconf 85' lang='lat'>‚</span> <span class='ocrx_word' id='word_1_408' title='bbox 1520 1430 1563 1463; x_wconf 84' lang='lat' dir='ltr'>ut</span> <span class='ocrx_word' id='word_1_409' title='bbox 1598 1414 1821 1464; x_wconf 78' lang='lat' dir='ltr'>Antiocheno</span> <span class='ocrx_word' id='word_1_410' title='bbox 1864 1416 2112 1468; x_wconf 75' lang='lat' dir='ltr'>reconciliare·</span> <span class='ocrx_word' id='word_1_411' title='bbox 2155 1410 2158 1412; x_wconf 22' lang='lat'>³</span> 
     </span>
     <span class='ocr_line' id='line_1_68' title="bbox 1293 1499 1379 1536; baseline 0.012 -5"><span class='ocrx_word' id='word_1_412' title='bbox 1293 1499 1356 1532; x_wconf 68' lang='lat' dir='ltr'>tur</span> <span class='ocrx_word' id='word_1_413' title='bbox 1366 1521 1379 1536; x_wconf 58' lang='grc' dir='ltr'><em>ς</em></span> 
     </span>
    </p>
   </div>
   <div class='ocr_carea' id='block_1_17' title="bbox 1217 1607 2116 3356">
    <p class='ocr_par' dir='ltr' id='par_1_17' title="bbox 1218 1607 2116 2654">
     <span class='ocr_line' id='line_1_69' title="bbox 1271 1607 2112 1657; baseline -0.001 -12"><span class='ocrx_word' id='word_1_414' title='bbox 1271 1611 1423 1647; x_wconf 86' lang='lat' dir='ltr'>Gnorare</span> <span class='ocrx_word' id='word_1_415' title='bbox 1439 1608 1573 1645; x_wconf 84' lang='lat' dir='ltr'>videtur</span> <span class='ocrx_word' id='word_1_416' title='bbox 1584 1607 1838 1645; x_wconf 78' lang='lat' dir='ltr'>Admirabilitas</span> <span class='ocrx_word' id='word_1_417' title='bbox 1848 1620 1903 1646; x_wconf 87' lang='lat' dir='ltr'>tua</span> <span class='ocrx_word' id='word_1_418' title='bbox 1914 1635 1925 1652; x_wconf 92' lang='lat'><strong>,</strong></span> <span class='ocrx_word' id='word_1_419' title='bbox 1951 1610 2039 1657; x_wconf 86' lang='lat' dir='ltr'>quod</span> <span class='ocrx_word' id='word_1_420' title='bbox 2049 1620 2112 1644; x_wconf 83' lang='lat' dir='ltr'>nec</span> 
     </span>
     <span class='ocr_line' id='line_1_70' title="bbox 1294 1659 2116 1706; baseline -0.004 -10"><span class='ocrx_word' id='word_1_421' title='bbox 1294 1673 1354 1706; x_wconf 87' lang='lat' dir='ltr'>pro</span> <span class='ocrx_word' id='word_1_422' title='bbox 1367 1659 1513 1704; x_wconf 88' lang='lat' dir='ltr'>pecuniis</span> <span class='ocrx_word' id='word_1_423' title='bbox 1524 1684 1536 1700; x_wconf 88' lang='lat'><strong>,</strong></span> <span class='ocrx_word' id='word_1_424' title='bbox 1557 1670 1618 1694; x_wconf 88' lang='lat' dir='ltr'>nec</span> <span class='ocrx_word' id='word_1_425' title='bbox 1631 1671 1690 1703; x_wconf 87' lang='lat' dir='ltr'>pto</span> <span class='ocrx_word' id='word_1_426' title='bbox 1708 1660 1956 1704; x_wconf 79' lang='lat' dir='ltr'>poffeffionibus</span> <span class='ocrx_word' id='word_1_427' title='bbox 1966 1685 1977 1702; x_wconf 94' lang='lat'><em>,</em></span> <span class='ocrx_word' id='word_1_428' title='bbox 2004 1669 2116 1702; x_wconf 75' lang='lat' dir='ltr'>nequo</span> 
     </span>
     <span class='ocr_line' id='line_1_71' title="bbox 1222 1707 2111 1756; baseline -0.002 -10"><span class='ocrx_word' id='word_1_429' title='bbox 1222 1723 1281 1756; x_wconf 89' lang='lat' dir='ltr'>pro</span> <span class='ocrx_word' id='word_1_430' title='bbox 1293 1711 1362 1748; x_wconf 83' lang='lat' dir='ltr'>ulla</span> <span class='ocrx_word' id='word_1_431' title='bbox 1372 1710 1435 1744; x_wconf 84' lang='lat' dir='ltr'>alia</span> <span class='ocrx_word' id='word_1_432' title='bbox 1445 1733 1456 1750; x_wconf 93' lang='lat'>‚</span> <span class='ocrx_word' id='word_1_433' title='bbox 1481 1721 1551 1755; x_wconf 80' lang='lat' dir='ltr'>quae</span> <span class='ocrx_word' id='word_1_434' title='bbox 1561 1709 1602 1744; x_wconf 88' lang='lat' dir='ltr'>ad</span> <span class='ocrx_word' id='word_1_435' title='bbox 1615 1707 1702 1744; x_wconf 79' lang='lat' dir='ltr'>hanc</span> <span class='ocrx_word' id='word_1_436' title='bbox 1714 1711 1815 1744; x_wconf 87' lang='lat' dir='ltr'>vitam</span> <span class='ocrx_word' id='word_1_437' title='bbox 1827 1711 1968 1754; x_wconf 85' lang='lat' dir='ltr'>pertinet</span> <span class='ocrx_word' id='word_1_438' title='bbox 1977 1732 1989 1750; x_wconf 87' lang='lat'>‚</span> <span class='ocrx_word' id='word_1_439' title='bbox 2013 1711 2111 1745; x_wconf 81' lang='lat' dir='ltr'>causa</span> 
     </span>
     <span class='ocr_line' id='line_1_72' title="bbox 1221 1758 2110 1805; baseline -0.002 -9"><span class='ocrx_word' id='word_1_440' title='bbox 1221 1762 1257 1797; x_wconf 81' lang='lat' dir='ltr'>fit</span> <span class='ocrx_word' id='word_1_441' title='bbox 1272 1761 1338 1796; x_wconf 91' lang='lat' dir='ltr'>hoc</span> <span class='ocrx_word' id='word_1_442' title='bbox 1350 1760 1497 1795; x_wconf 85' lang='lat' dir='ltr'>nostrum</span> <span class='ocrx_word' id='word_1_443' title='bbox 1513 1769 1699 1795; x_wconf 87' lang='lat' dir='ltr'>certamen.</span> <span class='ocrx_word' id='word_1_444' title='bbox 1726 1758 1848 1805; x_wconf 88' lang='lat' dir='ltr'>Neque</span> <span class='ocrx_word' id='word_1_445' title='bbox 1868 1769 1905 1795; x_wconf 93' lang='lat' dir='ltr'>ut</span> <span class='ocrx_word' id='word_1_446' title='bbox 1924 1760 2110 1805; x_wconf 83' lang='lat' dir='ltr'>placeamus</span> 
     </span>
     <span class='ocr_line' id='line_1_73' title="bbox 1223 1809 2109 1854; baseline -0.002 -7"><span class='ocrx_word' id='word_1_447' title='bbox 1223 1810 1415 1847; x_wconf 87' lang='lat' dir='ltr'>hominibus</span> <span class='ocrx_word' id='word_1_448' title='bbox 1428 1835 1439 1851; x_wconf 94' lang='lat'>,</span> <span class='ocrx_word' id='word_1_449' title='bbox 1461 1822 1550 1844; x_wconf 88' lang='lat' dir='ltr'>nunc</span> <span class='ocrx_word' id='word_1_450' title='bbox 1560 1810 1660 1854; x_wconf 85' lang='lat' dir='ltr'>usque</span> <span class='ocrx_word' id='word_1_451' title='bbox 1670 1809 1867 1854; x_wconf 86' lang='lat' dir='ltr'>perstitimus</span> <span class='ocrx_word' id='word_1_452' title='bbox 1876 1836 1884 1844; x_wconf 90' lang='lat'><em>.</em></span> <span class='ocrx_word' id='word_1_453' title='bbox 1911 1810 2007 1845; x_wconf 81' lang='lat' dir='ltr'>Absit</span> <span class='ocrx_word' id='word_1_454' title='bbox 2018 1809 2109 1845; x_wconf 85' lang='lat' dir='ltr'>enim</span> 
     </span>
     <span class='ocr_line' id='line_1_74' title="bbox 1222 1859 2110 1908; baseline -0.002 -12"><span class='ocrx_word' id='word_1_455' title='bbox 1222 1862 1263 1896; x_wconf 81' lang='lat' dir='ltr'>lic</span> <span class='ocrx_word' id='word_1_456' title='bbox 1275 1872 1337 1896; x_wconf 87' lang='lat' dir='ltr'>nos</span> <span class='ocrx_word' id='word_1_457' title='bbox 1356 1861 1418 1896; x_wconf 78' lang='lat' dir='ltr'>effe</span> <span class='ocrx_word' id='word_1_458' title='bbox 1444 1862 1602 1896; x_wconf 88' lang='lat' dir='ltr'>vesanos.</span> <span class='ocrx_word' id='word_1_459' title='bbox 1629 1860 1707 1908; x_wconf 80' lang='lat' dir='ltr'>Qa</span> <span class='ocrx_word' id='word_1_460' title='bbox 1731 1859 1821 1895; x_wconf 89' lang='lat' dir='ltr'>enim</span> <span class='ocrx_word' id='word_1_461' title='bbox 1842 1860 1902 1895; x_wconf 87' lang='lat' dir='ltr'>sub</span> <span class='ocrx_word' id='word_1_462' title='bbox 1911 1861 2034 1904; x_wconf 84' lang='lat' dir='ltr'>ptaemii</span> <span class='ocrx_word' id='word_1_463' title='bbox 2054 1861 2110 1904; x_wconf 87' lang='lat' dir='ltr'>spe</span> 
     </span>
     <span class='ocr_line' id='line_1_75' title="bbox 1218 1909 2111 1958; baseline -0.003 -12"><span class='ocrx_word' id='word_1_464' title='bbox 1218 1921 1275 1955; x_wconf 84' lang='lat' dir='ltr'>pro</span> <span class='ocrx_word' id='word_1_465' title='bbox 1290 1912 1417 1956; x_wconf 86' lang='lat' dir='ltr'>propria</span> <span class='ocrx_word' id='word_1_466' title='bbox 1442 1912 1535 1945; x_wconf 87' lang='lat' dir='ltr'>causa</span> <span class='ocrx_word' id='word_1_467' title='bbox 1555 1910 1712 1956; x_wconf 87' lang='lat' dir='ltr'>eligimus</span> <span class='ocrx_word' id='word_1_468' title='bbox 1732 1911 1842 1945; x_wconf 83' lang='lat' dir='ltr'>mori?</span> <span class='ocrx_word' id='word_1_469' title='bbox 1867 1911 1946 1958; x_wconf 85' lang='lat' dir='ltr'>Qa</span> <span class='ocrx_word' id='word_1_470' title='bbox 1967 1909 2111 1946; x_wconf 85' lang='lat' dir='ltr'>utilitate</span> 
     </span>
     <span class='ocr_line' id='line_1_76' title="bbox 1223 1960 2110 2004; baseline -0.003 -8"><span class='ocrx_word' id='word_1_471' title='bbox 1223 1962 1414 1997; x_wconf 87' lang='lat' dir='ltr'>sustinemus</span> <span class='ocrx_word' id='word_1_472' title='bbox 1429 1961 1625 2004; x_wconf 88' lang='lat' dir='ltr'>Principum</span> <span class='ocrx_word' id='word_1_473' title='bbox 1647 1960 1776 2002; x_wconf 86' lang='lat' dir='ltr'>minas,</span> <span class='ocrx_word' id='word_1_474' title='bbox 1802 1960 2029 2001; x_wconf 80' lang='lat' dir='ltr'>distorfiones‚</span> <span class='ocrx_word' id='word_1_475' title='bbox 2054 1960 2110 1994; x_wconf 86' lang='lat' dir='ltr'>seu</span> 
     </span>
     <span class='ocr_line' id='line_1_77' title="bbox 1221 2009 2111 2055; baseline -0.002 -9"><span class='ocrx_word' id='word_1_476' title='bbox 1221 2013 1403 2046; x_wconf 70' lang='lat' dir='ltr'>eversiones</span> <span class='ocrx_word' id='word_1_477' title='bbox 1427 2035 1438 2051; x_wconf 92' lang='lat'>,</span> <span class='ocrx_word' id='word_1_478' title='bbox 1472 2012 1507 2046; x_wconf 78' lang='grc' dir='ltr'>δε</span> <span class='ocrx_word' id='word_1_479' title='bbox 1529 2011 1777 2055; x_wconf 86' lang='lat' dir='ltr'>praetenfionem</span> <span class='ocrx_word' id='word_1_480' title='bbox 1799 2011 1975 2045; x_wconf 87' lang='lat' dir='ltr'>exiliorum</span> <span class='ocrx_word' id='word_1_481' title='bbox 1994 2012 2007 2046; x_wconf 70' lang='grc' dir='ltr'><em>ἒ</em></span> <span class='ocrx_word' id='word_1_482' title='bbox 2037 2009 2111 2044; x_wconf 84' lang='lat' dir='ltr'>Aut</span> 
     </span>
     <span class='ocr_line' id='line_1_78' title="bbox 1221 2058 2111 2104; baseline 0 -11"><span class='ocrx_word' id='word_1_483' title='bbox 1221 2060 1301 2103; x_wconf 88' lang='lat' dir='ltr'>quid</span> <span class='ocrx_word' id='word_1_484' title='bbox 1315 2072 1430 2094; x_wconf 88' lang='lat' dir='ltr'>eorum</span> <span class='ocrx_word' id='word_1_485' title='bbox 1446 2085 1457 2100; x_wconf 83' lang='lat'>,</span> <span class='ocrx_word' id='word_1_486' title='bbox 1482 2070 1554 2101; x_wconf 82' lang='lat' dir='ltr'>quae</span> <span class='ocrx_word' id='word_1_487' title='bbox 1564 2058 1709 2093; x_wconf 84' lang='lat' dir='ltr'>humana</span> <span class='ocrx_word' id='word_1_488' title='bbox 1721 2062 1818 2100; x_wconf 89' lang='lat' dir='ltr'>sunt,</span> <span class='ocrx_word' id='word_1_489' title='bbox 1842 2061 2010 2104; x_wconf 82' lang='lat' dir='ltr'>praevaluit</span> <span class='ocrx_word' id='word_1_490' title='bbox 2031 2070 2111 2093; x_wconf 83' lang='lat' dir='ltr'>con·</span> 
     </span>
     <span class='ocr_line' id='line_1_79' title="bbox 1220 2105 2109 2154; baseline 0.001 -12"><span class='ocrx_word' id='word_1_491' title='bbox 1220 2120 1268 2144; x_wconf 85' lang='lat' dir='ltr'>tra</span> <span class='ocrx_word' id='word_1_492' title='bbox 1283 2120 1344 2144; x_wconf 89' lang='lat' dir='ltr'>nos</span> <span class='ocrx_word' id='word_1_493' title='bbox 1355 2109 1456 2154; x_wconf 90' lang='lat' dir='ltr'>usque</span> <span class='ocrx_word' id='word_1_494' title='bbox 1471 2105 1554 2142; x_wconf 71' lang='lat' dir='ltr'>adeo</span> <span class='ocrx_word' id='word_1_495' title='bbox 1565 2128 1577 2146; x_wconf 90' lang='lat'>‚</span> <span class='ocrx_word' id='word_1_496' title='bbox 1602 2117 1639 2141; x_wconf 89' lang='lat' dir='ltr'>ut</span> <span class='ocrx_word' id='word_1_497' title='bbox 1651 2106 1696 2141; x_wconf 94' lang='lat' dir='ltr'>ob</span> <span class='ocrx_word' id='word_1_498' title='bbox 1707 2107 1773 2142; x_wconf 90' lang='lat' dir='ltr'>hoc</span> <span class='ocrx_word' id='word_1_499' title='bbox 1785 2108 1954 2143; x_wconf 72' lang='lat' dir='ltr'>adversum</span> <span class='ocrx_word' id='word_1_500' title='bbox 1971 2109 2109 2143; x_wconf 68' lang='lat' dir='ltr'>cunctos</span> 
     </span>
     <span class='ocr_line' id='line_1_80' title="bbox 1221 2157 2110 2198; baseline -0.001 -5"><span class='ocrx_word' id='word_1_501' title='bbox 1221 2159 1428 2194; x_wconf 88' lang='lat' dir='ltr'>instituamus</span> <span class='ocrx_word' id='word_1_502' title='bbox 1454 2167 1619 2192; x_wconf 87' lang='lat' dir='ltr'>certamen</span> <span class='ocrx_word' id='word_1_503' title='bbox 1644 2158 1656 2191; x_wconf 73' lang='lat'>2</span> <span class='ocrx_word' id='word_1_504' title='bbox 1684 2157 1728 2191; x_wconf 93' lang='lat' dir='ltr'>Et</span> <span class='ocrx_word' id='word_1_505' title='bbox 1750 2157 1838 2192; x_wconf 79' lang='lat' dir='ltr'>certe</span> <span class='ocrx_word' id='word_1_506' title='bbox 1861 2157 2011 2193; x_wconf 80' lang='lat' dir='ltr'>videmus</span> <span class='ocrx_word' id='word_1_507' title='bbox 2029 2168 2110 2198; x_wconf 89' lang='lat' dir='ltr'>eos,</span> 
     </span>
     <span class='ocr_line' id='line_1_81' title="bbox 1220 2206 2108 2252; baseline 0 -10"><span class='ocrx_word' id='word_1_508' title='bbox 1220 2209 1277 2252; x_wconf 89' lang='lat' dir='ltr'>qui</span> <span class='ocrx_word' id='word_1_509' title='bbox 1291 2208 1385 2242; x_wconf 78' lang='lat' dir='ltr'>valde</span> <span class='ocrx_word' id='word_1_510' title='bbox 1406 2206 1680 2241; x_wconf 70' lang='lat' dir='ltr'>contentionibus</span> <span class='ocrx_word' id='word_1_511' title='bbox 1701 2207 1850 2241; x_wconf 77' lang='lat' dir='ltr'>studeant</span> <span class='ocrx_word' id='word_1_512' title='bbox 1861 2230 1874 2247; x_wconf 90' lang='lat'><em>‚</em></span> <span class='ocrx_word' id='word_1_513' title='bbox 1898 2207 2002 2241; x_wconf 75' lang='lat' dir='ltr'>illatis</span> <span class='ocrx_word' id='word_1_514' title='bbox 2019 2207 2108 2242; x_wconf 71' lang='lat' dir='ltr'>ssbia</span> 
     </span>
     <span class='ocr_line' id='line_1_82' title="bbox 1220 2255 2109 2301; baseline 0.002 -11"><span class='ocrx_word' id='word_1_515' title='bbox 1220 2256 1406 2301; x_wconf 68' lang='lat' dir='ltr'>Maioribus</span> <span class='ocrx_word' id='word_1_516' title='bbox 1426 2255 1592 2289; x_wconf 89' lang='lat' dir='ltr'>violentiis</span> <span class='ocrx_word' id='word_1_517' title='bbox 1615 2255 1752 2294; x_wconf 89' lang='lat' dir='ltr'>cedere,</span> <span class='ocrx_word' id='word_1_518' title='bbox 1775 2256 1877 2291; x_wconf 81' lang='lat' dir='ltr'>etiam</span> <span class='ocrx_word' id='word_1_519' title='bbox 1886 2256 2109 2292; x_wconf 80' lang='lat' dir='ltr'>dumnolint.</span> 
     </span>
     <span class='ocr_line' id='line_1_83' title="bbox 1222 2303 2108 2343; baseline -0.001 0"><span class='ocrx_word' id='word_1_520' title='bbox 1222 2307 1347 2343; x_wconf 86' lang='lat' dir='ltr'>Unum</span> <span class='ocrx_word' id='word_1_521' title='bbox 1374 2303 1609 2341; x_wconf 76' lang='lat' dir='ltr'>tantummodo</span> <span class='ocrx_word' id='word_1_522' title='bbox 1621 2306 1655 2339; x_wconf 91' lang='lat' dir='ltr'>in</span> <span class='ocrx_word' id='word_1_523' title='bbox 1676 2304 1934 2341; x_wconf 86' lang='lat' dir='ltr'>rebushumanis</span> <span class='ocrx_word' id='word_1_524' title='bbox 1950 2308 2108 2342; x_wconf 63' lang='lat' dir='ltr'>inviaum</span> 
     </span>
     <span class='ocr_line' id='line_1_84' title="bbox 1218 2354 2108 2400; baseline 0 -8"><span class='ocrx_word' id='word_1_525' title='bbox 1218 2357 1274 2393; x_wconf 88' lang='lat' dir='ltr'>est:</span> <span class='ocrx_word' id='word_1_526' title='bbox 1286 2359 1363 2392; x_wconf 89' lang='lat' dir='ltr'>Deo</span> <span class='ocrx_word' id='word_1_527' title='bbox 1376 2354 1485 2392; x_wconf 86' lang='lat' dir='ltr'>dedita</span> <span class='ocrx_word' id='word_1_528' title='bbox 1497 2355 1712 2396; x_wconf 84' lang='lat' dir='ltr'>conscientia,</span> <span class='ocrx_word' id='word_1_529' title='bbox 1720 2355 1770 2389; x_wconf 90' lang='lat' dir='ltr'>illi</span> <span class='ocrx_word' id='word_1_530' title='bbox 1777 2356 1895 2400; x_wconf 84' lang='lat' dir='ltr'>placita</span> <span class='ocrx_word' id='word_1_531' title='bbox 1905 2369 1945 2391; x_wconf 85' lang='lat' dir='ltr'>ex</span> <span class='ocrx_word' id='word_1_532' title='bbox 1956 2366 2029 2393; x_wconf 82' lang='lat' dir='ltr'>toto</span> <span class='ocrx_word' id='word_1_533' title='bbox 2037 2368 2108 2393; x_wconf 78' lang='lat' dir='ltr'>cor·</span> 
     </span>
     <span class='ocr_line' id='line_1_85' title="bbox 1219 2405 2108 2450; baseline -0.001 -7"><span class='ocrx_word' id='word_1_534' title='bbox 1219 2408 1262 2443; x_wconf 86' lang='lat' dir='ltr'>de</span> <span class='ocrx_word' id='word_1_535' title='bbox 1275 2407 1455 2443; x_wconf 86' lang='lat' dir='ltr'>defendens</span> <span class='ocrx_word' id='word_1_536' title='bbox 1467 2432 1474 2440; x_wconf 95' lang='lat'><em>.</em></span> <span class='ocrx_word' id='word_1_537' title='bbox 1502 2405 1638 2440; x_wconf 88' lang='lat' dir='ltr'>Recolit</span> <span class='ocrx_word' id='word_1_538' title='bbox 1658 2406 1753 2440; x_wconf 84' lang='lat' dir='ltr'>enim</span> <span class='ocrx_word' id='word_1_539' title='bbox 1761 2407 1946 2442; x_wconf 86' lang='lat' dir='ltr'>futurorum</span> <span class='ocrx_word' id='word_1_540' title='bbox 1957 2408 2047 2450; x_wconf 87' lang='lat' dir='ltr'>spes,</span> <span class='ocrx_word' id='word_1_541' title='bbox 2072 2408 2108 2442; x_wconf 77' lang='grc' dir='ltr'>δι</span> 
     </span>
     <span class='ocr_line' id='line_1_86' title="bbox 1219 2454 2108 2502; baseline -0.003 -8"><span class='ocrx_word' id='word_1_542' title='bbox 1219 2470 1291 2494; x_wconf 90' lang='lat' dir='ltr'>eam</span> <span class='ocrx_word' id='word_1_543' title='bbox 1303 2483 1314 2500; x_wconf 94' lang='lat'>,</span> <span class='ocrx_word' id='word_1_544' title='bbox 1333 2459 1402 2502; x_wconf 73' lang='lat' dir='ltr'>qulae</span> <span class='ocrx_word' id='word_1_545' title='bbox 1412 2456 1600 2495; x_wconf 86' lang='lat' dir='ltr'>sustinetur,</span> <span class='ocrx_word' id='word_1_546' title='bbox 1618 2454 1852 2491; x_wconf 87' lang='lat' dir='ltr'>beatitudinem</span> <span class='ocrx_word' id='word_1_547' title='bbox 1864 2482 1875 2498; x_wconf 92' lang='lat'>‚</span> <span class='ocrx_word' id='word_1_548' title='bbox 1900 2458 1934 2491; x_wconf 76' lang='grc' dir='ltr'>δε</span> <span class='ocrx_word' id='word_1_549' title='bbox 1946 2456 1986 2491; x_wconf 88' lang='lat' dir='ltr'>ad</span> <span class='ocrx_word' id='word_1_550' title='bbox 1997 2457 2108 2492; x_wconf 83' lang='lat' dir='ltr'>Deum</span> 
     </span>
     <span class='ocr_line' id='line_1_87' title="bbox 1219 2506 2112 2550; baseline -0.001 -7"><span class='ocrx_word' id='word_1_551' title='bbox 1219 2508 1477 2543; x_wconf 86' lang='lat' dir='ltr'>confidentiam:</span> <span class='ocrx_word' id='word_1_552' title='bbox 1505 2506 1550 2540; x_wconf 84' lang='lat' dir='ltr'>Et</span> <span class='ocrx_word' id='word_1_553' title='bbox 1562 2507 1647 2546; x_wconf 90' lang='lat' dir='ltr'>alia,</span> <span class='ocrx_word' id='word_1_554' title='bbox 1672 2517 1744 2550; x_wconf 71' lang='lat' dir='ltr'>quae</span> <span class='ocrx_word' id='word_1_555' title='bbox 1755 2506 1864 2541; x_wconf 76' lang='lat' dir='ltr'>multo</span> <span class='ocrx_word' id='word_1_556' title='bbox 1884 2509 1959 2542; x_wconf 88' lang='lat' dir='ltr'>sunt</span> <span class='ocrx_word' id='word_1_557' title='bbox 1980 2507 2112 2542; x_wconf 87' lang='lat' dir='ltr'>univer-</span> 
     </span>
     <span class='ocr_line' id='line_1_88' title="bbox 1219 2555 2107 2602; baseline -0.002 -8"><span class='ocrx_word' id='word_1_558' title='bbox 1219 2561 1257 2594; x_wconf 86' lang='lat' dir='ltr'>fis</span> <span class='ocrx_word' id='word_1_559' title='bbox 1264 2557 1359 2602; x_wconf 82' lang='lat' dir='ltr'>hujus</span> <span class='ocrx_word' id='word_1_560' title='bbox 1371 2558 1445 2593; x_wconf 83' lang='lat' dir='ltr'>vitae</span> <span class='ocrx_word' id='word_1_561' title='bbox 1455 2556 1589 2593; x_wconf 85' lang='lat' dir='ltr'>meliora</span> <span class='ocrx_word' id='word_1_562' title='bbox 1601 2580 1613 2598; x_wconf 88' lang='lat'>,</span> <span class='ocrx_word' id='word_1_563' title='bbox 1638 2555 1765 2600; x_wconf 75' lang='lat' dir='ltr'>quanto</span> <span class='ocrx_word' id='word_1_564' title='bbox 1775 2568 1831 2600; x_wconf 89' lang='lat' dir='ltr'>per</span> <span class='ocrx_word' id='word_1_565' title='bbox 1849 2557 1978 2592; x_wconf 89' lang='lat' dir='ltr'>infinita</span> <span class='ocrx_word' id='word_1_566' title='bbox 1991 2557 2107 2592; x_wconf 78' lang='lat' dir='ltr'>saecula</span> 
     </span>
     <span class='ocr_line' id='line_1_89' title="bbox 1220 2609 1449 2654; baseline -0.022 -9"><span class='ocrx_word' id='word_1_567' title='bbox 1220 2609 1428 2654; x_wconf 82' lang='lat' dir='ltr'>porrigentur</span> <span class='ocrx_word' id='word_1_568' title='bbox 1439 2632 1449 2640; x_wconf 82' lang='lat'><strong>.</strong></span> 
     </span>
    </p>

    <p class='ocr_par' dir='ltr' id='par_1_18' title="bbox 1217 2654 2107 3356">
     <span class='ocr_line' id='line_1_90' title="bbox 1266 2654 2107 2700; baseline 0 -8"><span class='ocrx_word' id='word_1_569' title='bbox 1266 2659 1360 2692; x_wconf 84' lang='lat' dir='ltr'>Hinc</span> <span class='ocrx_word' id='word_1_570' title='bbox 1381 2655 1534 2691; x_wconf 88' lang='lat' dir='ltr'>homines</span> <span class='ocrx_word' id='word_1_571' title='bbox 1556 2654 1780 2690; x_wconf 82' lang='lat' dir='ltr'>universorum</span> <span class='ocrx_word' id='word_1_572' title='bbox 1804 2657 2009 2700; x_wconf 75' lang='lat' dir='ltr'>praesentium</span> <span class='ocrx_word' id='word_1_573' title='bbox 2019 2657 2107 2693; x_wconf 83' lang='lat' dir='ltr'>fiunt</span> 
     </span>
     <span class='ocr_line' id='line_1_91' title="bbox 1218 2703 2107 2754; baseline -0.006 -8"><span class='ocrx_word' id='word_1_574' title='bbox 1218 2709 1414 2754; x_wconf 71' lang='lat' dir='ltr'>despeetores</span> <span class='ocrx_word' id='word_1_575' title='bbox 1426 2730 1437 2747; x_wconf 93' lang='lat'>,</span> <span class='ocrx_word' id='word_1_576' title='bbox 1463 2703 1597 2739; x_wconf 88' lang='lat' dir='ltr'>sciendo</span> <span class='ocrx_word' id='word_1_577' title='bbox 1611 2704 1687 2748; x_wconf 88' lang='lat' dir='ltr'>quia</span> <span class='ocrx_word' id='word_1_578' title='bbox 1697 2706 1753 2740; x_wconf 88' lang='lat' dir='ltr'>etsi</span> <span class='ocrx_word' id='word_1_579' title='bbox 1766 2705 1784 2739; x_wconf 69' lang='lat' dir='ltr'>a</span> <span class='ocrx_word' id='word_1_580' title='bbox 1797 2707 1942 2750; x_wconf 87' lang='lat' dir='ltr'>praesenti</span> <span class='ocrx_word' id='word_1_581' title='bbox 1964 2708 2031 2742; x_wconf 87' lang='lat' dir='ltr'>vita</span> <span class='ocrx_word' id='word_1_582' title='bbox 2043 2708 2107 2741; x_wconf 78' lang='lat' dir='ltr'>sol-</span> 
     </span>
     <span class='ocr_line' id='line_1_92' title="bbox 1219 2753 2106 2799; baseline 0 -7"><span class='ocrx_word' id='word_1_583' title='bbox 1219 2770 1355 2799; x_wconf 75' lang='lat' dir='ltr'>vantur,</span> <span class='ocrx_word' id='word_1_584' title='bbox 1380 2755 1522 2792; x_wconf 87' lang='lat' dir='ltr'>succedit</span> <span class='ocrx_word' id='word_1_585' title='bbox 1544 2754 1661 2798; x_wconf 86' lang='lat' dir='ltr'>procul</span> <span class='ocrx_word' id='word_1_586' title='bbox 1683 2753 1793 2789; x_wconf 84' lang='lat' dir='ltr'>dubio</span> <span class='ocrx_word' id='word_1_587' title='bbox 1810 2755 1991 2792; x_wconf 88' lang='lat' dir='ltr'>Beatitudo</span> <span class='ocrx_word' id='word_1_588' title='bbox 2008 2756 2106 2792; x_wconf 86' lang='lat' dir='ltr'>coele·</span> 
     </span>
     <span class='ocr_line' id='line_1_93' title="bbox 1219 2802 2103 2852; baseline -0.003 -7"><span class='ocrx_word' id='word_1_589' title='bbox 1219 2811 1274 2845; x_wconf 88' lang='lat' dir='ltr'>stis</span> <span class='ocrx_word' id='word_1_590' title='bbox 1284 2834 1295 2851; x_wconf 95' lang='lat'>‚</span> <span class='ocrx_word' id='word_1_591' title='bbox 1319 2809 1355 2843; x_wconf 77' lang='grc' dir='ltr'>δε</span> <span class='ocrx_word' id='word_1_592' title='bbox 1366 2818 1441 2842; x_wconf 88' lang='lat' dir='ltr'>cum</span> <span class='ocrx_word' id='word_1_593' title='bbox 1454 2805 1608 2841; x_wconf 88' lang='lat' dir='ltr'>Domino</span> <span class='ocrx_word' id='word_1_594' title='bbox 1617 2802 1753 2840; x_wconf 86' lang='lat' dir='ltr'>Christo</span> <span class='ocrx_word' id='word_1_595' title='bbox 1765 2806 1878 2852; x_wconf 89' lang='lat' dir='ltr'>Regni</span> <span class='ocrx_word' id='word_1_596' title='bbox 1891 2808 2103 2843; x_wconf 83' lang='lat' dir='ltr'>consortium.</span> 
     </span>
     <span class='ocr_line' id='line_1_94' title="bbox 1221 2853 2103 2901; baseline -0.005 -5"><span class='ocrx_word' id='word_1_597' title='bbox 1221 2862 1265 2896; x_wconf 89' lang='lat' dir='ltr'>Et</span> <span class='ocrx_word' id='word_1_598' title='bbox 1277 2856 1400 2895; x_wconf 77' lang='lat' dir='ltr'>idcirco</span> <span class='ocrx_word' id='word_1_599' title='bbox 1408 2867 1476 2892; x_wconf 88' lang='lat' dir='ltr'>nou</span> <span class='ocrx_word' id='word_1_600' title='bbox 1499 2854 1606 2890; x_wconf 76' lang='lat' dir='ltr'>solum</span> <span class='ocrx_word' id='word_1_601' title='bbox 1628 2866 1689 2899; x_wconf 85' lang='lat' dir='ltr'>pro</span> <span class='ocrx_word' id='word_1_602' title='bbox 1701 2853 1811 2891; x_wconf 87' lang='lat' dir='ltr'>nihilo</span> <span class='ocrx_word' id='word_1_603' title='bbox 1828 2858 1992 2901; x_wconf 76' lang='lat' dir='ltr'>praesentia</span> <span class='ocrx_word' id='word_1_604' title='bbox 2002 2858 2103 2901; x_wconf 87' lang='lat' dir='ltr'>depu-</span> 
     </span>
     <span class='ocr_line' id='line_1_95' title="bbox 1219 2906 2106 2954; baseline -0.008 -6"><span class='ocrx_word' id='word_1_605' title='bbox 1219 2920 1289 2948; x_wconf 74' lang='lat' dir='ltr'>tant</span> <span class='ocrx_word' id='word_1_606' title='bbox 1312 2908 1445 2954; x_wconf 86' lang='lat' dir='ltr'>quidam</span> <span class='ocrx_word' id='word_1_607' title='bbox 1465 2929 1477 2946; x_wconf 90' lang='lat'>,</span> <span class='ocrx_word' id='word_1_608' title='bbox 1502 2906 1556 2940; x_wconf 87' lang='lat' dir='ltr'>sed</span> <span class='ocrx_word' id='word_1_609' title='bbox 1575 2906 1609 2940; x_wconf 76' lang='grc' dir='ltr'>δε</span> <span class='ocrx_word' id='word_1_610' title='bbox 1633 2917 1692 2950; x_wconf 89' lang='lat' dir='ltr'>pro</span> <span class='ocrx_word' id='word_1_611' title='bbox 1715 2907 1847 2941; x_wconf 84' lang='lat' dir='ltr'>summo</span> <span class='ocrx_word' id='word_1_612' title='bbox 1868 2906 2030 2941; x_wconf 86' lang='lat' dir='ltr'>beneficio</span> <span class='ocrx_word' id='word_1_613' title='bbox 2045 2906 2106 2941; x_wconf 81' lang='lat' dir='ltr'>ha-</span> 
     </span>
     <span class='ocr_line' id='line_1_96' title="bbox 1218 2956 2101 3002; baseline -0.005 -7"><span class='ocrx_word' id='word_1_614' title='bbox 1218 2963 1296 2998; x_wconf 86' lang='lat' dir='ltr'>bent</span> <span class='ocrx_word' id='word_1_615' title='bbox 1316 2984 1328 3002; x_wconf 93' lang='lat'>,</span> <span class='ocrx_word' id='word_1_616' title='bbox 1353 2968 1392 2993; x_wconf 89' lang='lat' dir='ltr'>ut</span> <span class='ocrx_word' id='word_1_617' title='bbox 1412 2957 1588 2992; x_wconf 85' lang='lat' dir='ltr'>liberentur</span> <span class='ocrx_word' id='word_1_618' title='bbox 1609 2956 1651 2990; x_wconf 90' lang='lat' dir='ltr'>ab</span> <span class='ocrx_word' id='word_1_619' title='bbox 1671 2956 1738 2998; x_wconf 91' lang='lat' dir='ltr'>eis,</span> <span class='ocrx_word' id='word_1_620' title='bbox 1765 2957 1847 2992; x_wconf 91' lang='lat' dir='ltr'>bene</span> <span class='ocrx_word' id='word_1_621' title='bbox 1860 2956 1996 2992; x_wconf 88' lang='lat' dir='ltr'>scientes</span> <span class='ocrx_word' id='word_1_622' title='bbox 2009 2957 2101 3001; x_wconf 70' lang='lat' dir='ltr'>quod</span> 
     </span>
     <span class='ocr_line' id='line_1_97' title="bbox 1217 3006 2103 3052; baseline -0.007 -4"><span class='ocrx_word' id='word_1_623' title='bbox 1217 3014 1324 3048; x_wconf 85' lang='lat' dir='ltr'>futura</span> <span class='ocrx_word' id='word_1_624' title='bbox 1342 3009 1494 3045; x_wconf 86' lang='lat' dir='ltr'>obtinere</span> <span class='ocrx_word' id='word_1_625' title='bbox 1515 3019 1585 3042; x_wconf 88' lang='lat' dir='ltr'>non</span> <span class='ocrx_word' id='word_1_626' title='bbox 1607 3007 1750 3052; x_wconf 83' lang='lat' dir='ltr'>poffint,</span> <span class='ocrx_word' id='word_1_627' title='bbox 1776 3008 1835 3042; x_wconf 83' lang='lat' dir='ltr'>nifi</span> <span class='ocrx_word' id='word_1_628' title='bbox 1853 3006 1872 3041; x_wconf 73' lang='lat' dir='ltr'>a</span> <span class='ocrx_word' id='word_1_629' title='bbox 1893 3006 2103 3052; x_wconf 83' lang='lat' dir='ltr'>praesentibus</span> 
     </span>
     <span class='ocr_line' id='line_1_98' title="bbox 1218 3058 2102 3103; baseline -0.005 -6"><span class='ocrx_word' id='word_1_630' title='bbox 1218 3060 1364 3097; x_wconf 82' lang='lat' dir='ltr'>liberati..</span> <span class='ocrx_word' id='word_1_631' title='bbox 1390 3058 1508 3102; x_wconf 89' lang='lat' dir='ltr'>Neque</span> <span class='ocrx_word' id='word_1_632' title='bbox 1531 3069 1593 3097; x_wconf 82' lang='lat' dir='ltr'>nos</span> <span class='ocrx_word' id='word_1_633' title='bbox 1611 3058 1712 3102; x_wconf 85' lang='lat' dir='ltr'>igitur</span> <span class='ocrx_word' id='word_1_634' title='bbox 1733 3082 1745 3099; x_wconf 93' lang='lat'>,</span> <span class='ocrx_word' id='word_1_635' title='bbox 1769 3069 1828 3102; x_wconf 85' lang='lat' dir='ltr'>per</span> <span class='ocrx_word' id='word_1_636' title='bbox 1848 3060 1988 3103; x_wconf 88' lang='lat' dir='ltr'>gratiam</span> <span class='ocrx_word' id='word_1_637' title='bbox 2010 3059 2102 3099; x_wconf 85' lang='lat' dir='ltr'>Dei,</span> 
     </span>
     <span class='ocr_line' id='line_1_99' title="bbox 1218 3107 2103 3157; baseline -0.005 -11"><span class='ocrx_word' id='word_1_638' title='bbox 1218 3124 1278 3157; x_wconf 88' lang='lat' dir='ltr'>pro</span> <span class='ocrx_word' id='word_1_639' title='bbox 1288 3110 1392 3157; x_wconf 89' lang='lat' dir='ltr'>gratia</span> <span class='ocrx_word' id='word_1_640' title='bbox 1405 3109 1458 3144; x_wconf 88' lang='lat' dir='ltr'>vel</span> <span class='ocrx_word' id='word_1_641' title='bbox 1471 3108 1655 3143; x_wconf 87' lang='lat' dir='ltr'>inimicitiis</span> <span class='ocrx_word' id='word_1_642' title='bbox 1667 3108 1837 3152; x_wconf 80' lang='lat' dir='ltr'>cujuslibet</span> <span class='ocrx_word' id='word_1_643' title='bbox 1859 3107 1926 3143; x_wconf 91' lang='lat' dir='ltr'>hoc</span> <span class='ocrx_word' id='word_1_644' title='bbox 1937 3118 2103 3144; x_wconf 68' lang='lat' dir='ltr'>certamen</span> 
     </span>
     <span class='ocr_line' id='line_1_100' title="bbox 1219 3157 2101 3204; baseline -0.003 -7"><span class='ocrx_word' id='word_1_645' title='bbox 1219 3163 1373 3198; x_wconf 85' lang='lat' dir='ltr'>inivimus</span> <span class='ocrx_word' id='word_1_646' title='bbox 1396 3184 1408 3201; x_wconf 95' lang='lat'>,</span> <span class='ocrx_word' id='word_1_647' title='bbox 1441 3160 1496 3194; x_wconf 90' lang='lat' dir='ltr'>sed</span> <span class='ocrx_word' id='word_1_648' title='bbox 1516 3171 1574 3203; x_wconf 89' lang='lat' dir='ltr'>pro</span> <span class='ocrx_word' id='word_1_649' title='bbox 1593 3157 1647 3202; x_wconf 85' lang='lat' dir='ltr'>pia</span> <span class='ocrx_word' id='word_1_650' title='bbox 1681 3159 1760 3194; x_wconf 87' lang='lat' dir='ltr'>fidei</span> <span class='ocrx_word' id='word_1_651' title='bbox 1782 3159 1986 3194; x_wconf 88' lang='lat' dir='ltr'>confeffione</span> <span class='ocrx_word' id='word_1_652' title='bbox 2002 3184 2014 3201; x_wconf 92' lang='lat'>,</span> <span class='ocrx_word' id='word_1_653' title='bbox 2040 3170 2101 3204; x_wconf 83' lang='lat' dir='ltr'>pto</span> 
     </span>
     <span class='ocr_line' id='line_1_101' title="bbox 1218 3208 2097 3255; baseline -0.008 -6"><span class='ocrx_word' id='word_1_654' title='bbox 1218 3211 1416 3249; x_wconf 83' lang='lat' dir='ltr'>conscientia</span> <span class='ocrx_word' id='word_1_655' title='bbox 1440 3208 1573 3244; x_wconf 87' lang='lat' dir='ltr'>Christo</span> <span class='ocrx_word' id='word_1_656' title='bbox 1595 3208 1732 3244; x_wconf 87' lang='lat' dir='ltr'>devota:</span> <span class='ocrx_word' id='word_1_657' title='bbox 1758 3209 1897 3254; x_wconf 85' lang='lat' dir='ltr'>Propter</span> <span class='ocrx_word' id='word_1_658' title='bbox 1918 3220 2016 3255; x_wconf 88' lang='lat' dir='ltr'>quem</span> <span class='ocrx_word' id='word_1_659' title='bbox 2039 3217 2097 3253; x_wconf 74' lang='lat' dir='ltr'>pro</span> 
     </span>
     <span class='ocr_line' id='line_1_102' title="bbox 1219 3260 2094 3305; baseline -0.007 -7"><span class='ocrx_word' id='word_1_660' title='bbox 1219 3261 1327 3298; x_wconf 86' lang='lat' dir='ltr'>nihilo</span> <span class='ocrx_word' id='word_1_661' title='bbox 1335 3272 1374 3297; x_wconf 80' lang='lat' dir='ltr'>ea</span> <span class='ocrx_word' id='word_1_662' title='bbox 1384 3285 1395 3303; x_wconf 90' lang='lat'><strong>,</strong></span> <span class='ocrx_word' id='word_1_663' title='bbox 1421 3273 1489 3305; x_wconf 83' lang='lat' dir='ltr'>quae</span> <span class='ocrx_word' id='word_1_664' title='bbox 1500 3261 1534 3295; x_wconf 92' lang='lat' dir='ltr'>in</span> <span class='ocrx_word' id='word_1_665' title='bbox 1546 3260 1694 3305; x_wconf 73' lang='lat' dir='ltr'>praesenti</span> <span class='ocrx_word' id='word_1_666' title='bbox 1709 3262 1785 3296; x_wconf 84' lang='lat' dir='ltr'>sunt</span> <span class='ocrx_word' id='word_1_667' title='bbox 1796 3260 1915 3295; x_wconf 85' lang='lat' dir='ltr'>saeculo</span> <span class='ocrx_word' id='word_1_668' title='bbox 1927 3284 1938 3301; x_wconf 86' lang='lat'>,</span> <span class='ocrx_word' id='word_1_669' title='bbox 1965 3260 2094 3304; x_wconf 69' lang='lat' dir='ltr'>depun-</span> 
     </span>
     <span class='ocr_line' id='line_1_103' title="bbox 1218 3308 2095 3356; baseline -0.003 -8"><span class='ocrx_word' id='word_1_670' title='bbox 1218 3324 1308 3348; x_wconf 89' lang='lat' dir='ltr'>mus.</span> <span class='ocrx_word' id='word_1_671' title='bbox 1338 3312 1383 3347; x_wconf 85' lang='lat' dir='ltr'>Et</span> <span class='ocrx_word' id='word_1_672' title='bbox 1393 3311 1469 3356; x_wconf 87' lang='lat' dir='ltr'>quia</span> <span class='ocrx_word' id='word_1_673' title='bbox 1481 3308 1547 3346; x_wconf 81' lang='lat' dir='ltr'>haec</span> <span class='ocrx_word' id='word_1_674' title='bbox 1559 3322 1630 3345; x_wconf 86' lang='lat' dir='ltr'>non</span> <span class='ocrx_word' id='word_1_675' title='bbox 1641 3310 1764 3356; x_wconf 84' lang='lat' dir='ltr'>fingam</span> <span class='ocrx_word' id='word_1_676' title='bbox 1779 3334 1792 3351; x_wconf 90' lang='lat'>‚</span> <span class='ocrx_word' id='word_1_677' title='bbox 1816 3310 1894 3345; x_wconf 85' lang='lat' dir='ltr'>audi</span> <span class='ocrx_word' id='word_1_678' title='bbox 1917 3322 1974 3355; x_wconf 86' lang='lat' dir='ltr'>per</span> <span class='ocrx_word' id='word_1_679' title='bbox 1992 3314 2095 3353; x_wconf 69' lang='lat' dir='ltr'>partes</span> 
     </span>
    </p>
   </div>
   <div class='ocr_carea' id='block_1_18' title="bbox 1219 3355 2096 3440">
    <p class='ocr_par' dir='ltr' id='par_1_19' title="bbox 1219 3355 2096 3440">
     <span class='ocr_line' id='line_1_104' title="bbox 1219 3355 2096 3440; baseline -0.003 -40"><span class='ocrx_word' id='word_1_680' title='bbox 1219 3374 1296 3400; x_wconf 88' lang='lat' dir='ltr'>cum</span> <span class='ocrx_word' id='word_1_681' title='bbox 1309 3362 1491 3406; x_wconf 86' lang='lat' dir='ltr'>brevitate,</span> <span class='ocrx_word' id='word_1_682' title='bbox 1516 3372 1579 3408; x_wconf 89' lang='lat' dir='ltr'>qua</span> <span class='ocrx_word' id='word_1_683' title='bbox 1598 3360 1747 3409; x_wconf 76' lang='lat' dir='ltr'>poffibile</span> <span class='ocrx_word' id='word_1_684' title='bbox 1766 3359 1831 3397; x_wconf 86' lang='lat' dir='ltr'>est.</span> <span class='ocrx_word' id='word_1_685' title='bbox 1858 3355 2096 3440; x_wconf 50' lang='lat' dir='ltr'>Capitpilffuily·</span> 
     </span>
    </p>
   </div>
  </div>
 </body>
</html>
