2320 3730
263 237 361 282 hujus
384 236 501 273 mundi
529 235 699 280 reportetis
725 235 766 270 ab
787 234 939 270 omnium
960 235 1038 269 Deo
1052 257 1060 265 .
1087 232 1154 266 Pro

261 290 355 324 tediis
376 297 485 322 autem
506 285 731 330 Dogmatibus
743 287 933 326 aestuarnus‚
962 296 1021 328 pro
1031 282 1152 326 quibus

261 339 405 372 Divinus
431 335 670 382 Apostolorum
692 335 823 371 Chorus
845 337 938 380 pium
960 332 1150 377 sanguinem

260 389 369 428 fudit,
398 398 457 432 pro
473 386 594 430 quibus
616 388 785 430 Martyres
802 396 989 430 temporum
1010 382 1152 426 singulo-

260 450 333 477 rum
348 439 446 475 omni
460 437 608 475 modoin
620 438 686 472 suis
706 436 896 480 corporibus
917 443 1069 474 excepere
1089 442 1152 465 tor-

259 498 370 525 menta
382 512 395 529 ‚
416 489 450 525 ἃ
463 487 567 523 varias
578 489 692 522 mortis
704 489 821 531 species
835 485 1027 520 sustulerunt
1039 494 1048 524 ;
1077 493 1149 525 quae

256 540 451 580 ‚Sanskorum
470 538 629 578 Parrum,
655 539 713 582 qui
741 538 886 574 Nicaeam
913 536 985 567 sunt
997 532 1146 574 collesti,

258 589 454 627 Concilium
476 590 592 632 scripta
616 588 832 623 Confeffione
853 584 1072 623 confirmans,
1099 583 1149 616 us-

258 651 323 684 qrue
336 640 375 675 ad
394 650 455 674 nos
467 664 480 681 ‚
507 639 540 675 <St
551 638 674 683 eosqui
688 638 758 683 post
773 644 965 674 nexerunt,
992 631 1146 670 homines

256 691 440 727 destinavit.

307 741 486 786 Episcopus
498 737 685 776 Antiochiae
697 736 879 771 incolumes
890 745 948 769 vos
962 732 996 767 in
1025 734 1144 768 Domi-

354 803 401 826 no
425 791 587 834 persistere
618 798 678 821 ‚oro
697 808 710 825 ‚
746 783 1019 820 Reverendiffimi
1046 795 1142 828 atque

354 840 547 875 fideliffimi.

305 891 448 935 Joannes
470 889 652 934 Episcopus
679 886 834 921 Damasci
860 885 1140 930 Metropolitanus

300 940 552 1033 Trfffflfiieiifius
577 987 760 1032 Episcopus
788 985 979 1022 Antiochiae
1014 985 1139 1020 Pindiae

348 1037 632 1082 Metropolitanus
646 1063 652 1070 .

297 1086 486 1123 Alexander
521 1089 701 1133 Episcopus
749 1087 902 1123 Amasaeae
945 1087 1139 1131 Metropoli·

357 1148 472 1173 tanus.

292 1188 426 1231 Fritilas
436 1188 619 1233 Episcopus
630 1188 798 1223 Heracleae
810 1187 1092 1231 Metropolitanus
1102 1212 1110 1226 ,-

296 1239 468 1274 Dexianus
481 1238 662 1282 Episcopus
673 1238 823 1272 Seleuciae
833 1237 1114 1281 Metropolitanus
1128 1263 1135 1270 .

296 1290 403 1332 Cyrus
425 1289 604 1334 Episcopus
617 1289 705 1333 Tyri
731 1289 1034 1332 Metropolitanus.

299 1340 469 1374 Himerius
494 1335 674 1383 Episcopus
696 1339 904 1373 Nicomediae
942 1339 1139 1383 Metropoli-

346 1402 460 1425 tanus.

295 1440 470 1483 Helladius
492 1440 674 1484 Episcopus
697 1438 817 1480 Tharfi
832 1438 1131 1482 Metropolitanus.

294 1490 485 1526 Antiochus
510 1491 692 1539 Episcopus
716 1491 907 1531 Bostrorum
932 1491 1135 1541 Metropoli-

341 1551 436 1575 tanus
453 1566 461 1574 .

294 1590 486 1627 Alexander
499 1591 682 1634 Episcopus
696 1591 982 1634 Hierapolitanus‚

294 1641 441 1684 Julianus
454 1640 636 1684 Episcopus
648 1640 785 1681 Sardicae
809 1641 1102 1683 Metropolitanus.

291 1691 559 1726 Maximinianos
576 1690 758 1735 Episcopus
777 1690 943 1725 Anazarbi
957 1690 1136 1735 Metropo-

344 1742 466 1777 litanus
481 1767 488 1781 ,
956 1743 961 1749 “

289 1794 408 1836 ‚Petrus
449 1792 630 1836 Episcopus
658 1791 893 1838 Trajanopolis
931 1791 1138 1836 Metropoli-

341 1854 438 1878 tanus
450 1868 458 1875 .

293 1893 470 1928 Eutherius
487 1892 666 1936 Episcopus
685 1883 912 1935 Thyanorum
935 1889 1138 1931 Metropoli-

344 1954 440 1982 ianus
455 1967 462 1980 s

293 1993 431 2026 Basilius
453 1986 635 2034 Episcopus
660 1989 788 2023 Lariffae
809 1987 985 2028 Thessalia:
1004 1988 1138 2023 Metro-

344 2042 516 2085 politanus
531 2066 538 2073 .

294 2086 464 2126 Ra'bbulas
480 2091 662 2134 Episcopus
678 2090 797 2123 Edeffie
809 2089 1102 2134 Metropolitanus.

297 2142 444 2176 Asterius
458 2141 638 2184 Episcopus
653 2140 779 2174 Amidae
791 2141 1070 2185 Metropolitanus
1080 2165 1087 2172 .

297 2193 450 2230 Bofforus
477 2191 658 2235 Episcopus
694 2190 908 2235 Gangrorum
938 2190 1139 2244 Metropoli·-

346 2253 441 2277 tanus
454 2267 461 2275 .

294 2293 416 2326 Paulus
441 2292 620 2336 Episcopus
646 2292 785 2326 Emesae.

294 2340 487 2378 Dorotheus
509 2343 689 2386 Episcopus
714 2343 978 2387 Marcianopolis
1005 2341 1139 2378 Metron-

346 2395 509 2437 politanus
523 2419 530 2424 .

295 2445 465 2478 Macarius
488 2444 670 2487 Episcopus
692 2444 884 2478 Laodiceae.

296 2495 476 2528 Geruntius
491 2494 670 2538 Episcopus
699 2494 1012 2538 claudiopolitanus
1024 2517 1032 2531 ‚

294 2545 436 2578 Musaeus
450 2545 632 2587 Episcopus
662 2545 808 2578 Aradiae.

299 2594 532 2628 Polichronius
545 2595 723 2638 Episcopus
747 2592 940 2636 Epiphaniae
953 2617 960 2624 .

298 2644 487 2687 Hesychius
511 2645 692 2689 Episcopus
715 2644 982 2678 Castabalorum.

300 2695 436 2728 Flaccus
449 2696 630 2738 Episcopus
646 2696 816 2729 Laodiceae
826 2720 834 2727 .

301 2744 545 2787 Theophanius
560 2746 737 2788 Episcopus
761 2743 1013 2790 Philadelphiae.

302 2793 538 2830 Theodoretus
567 2796 748 2839 Episcopus
761 2796 842 2838 Cyri
853 2820 863 2830 .

300 2844 496 2879 Valentinus
520 2846 698 2890 Episcopus
717 2845 835 2879 Malli.

301 2896 439 2938 Jacobus
453 2896 633 2939 Episcopus
645 2896 817 2930 Dorostoli
829 2921 837 2929 .

301 2945 447 2988 Jarianus
463 2946 645 2989 Episcopus
659 2945 815 2990 Auguflae
827 2971 834 2978 .

300 2996 480 3038 Olympius
493 2995 674 3039 Episcopus
685 2997 842 3039 Carpasrae
851 3022 859 3033 ,

292 3045 456 3079 'Aurelius
468 3046 647 3089 Episcopus
659 3046 842 3089 irenopolis
854 3071 862 3078 .

263 3113 267 3116 «
304 3092 460 3129 Heliades
472 3095 652 3139 Episcopus
676 3095 884 3140 Zeugmatis.

306 3142 461 3178 Meletius
473 3144 654 3188 Episcopus
674 3146 918 3180 Neov-Caesarem
932 3172 938 3183 ,

302 3191 477 3227 Marcellus
501 3195 681 3237 Episcopus
700 3195 810 3230 Arcae.

265 3240 337 3275 MA
344 3240 492 3274 nastafius
516 3243 698 3287 Episcopus
708 3245 861 3281 Tenedi.

262 3290 281 3317 -ῗ
303 3291 494 3324 Marcianus
504 3291 684 3336 Episcopus
702 3292 839 3335 Abydi.

81 3355 153 3382 Nor.
166 3351 236 3389 hg't
303 3339 515 3374 Theosebius
531 3341 710 3385 Episcopus
728 3346 767 3380 Cy
779 3367 786 3374 .

82 3393 129 3423 Cii
142 3410 150 3418 ·
300 3389 468 3432 Eustasius
479 3390 658 3435 Episcopus
680 3391 836 3427 Nutinae.

307 3450 318 3469 Ρ

652 151 1013 198 ‚VARIORUM
1051 147 1307 194 Paruum
1342 148 1671 210 Eius-rora,
1713 160 1715 162 '

1269 233 1393 268 Daniel
1406 235 1586 280 Episcopus
1606 235 1895 282 Faustinopoleon.

1265 283 1441 318 Helladius
1458 285 1636 331 Episcopus
1657 288 1896 327 ptolomaidis.

1267 334 1438 368 Ausonius
1449 335 1634 380 Episcopus
1644 338 1802 373 Himeriae
1812 365 1821 372 .

1266 383 1438 429 Diogenes
1451 385 1630 428 Episcopus
1643 386 1847 430 Lonopolis.

1265 434 1411 476 Cyrillus
1435 435 1615 478 Episcopus
1627 435 1852 475 Adanomms

1262 485 1371 527 Cyrus
1397 485 1579 529 Episcopus
1597 487 1800 529 Marcopolis
1812 514 1820 520 .

1261 536 1409 579 Julianus
1421 536 1601 580 Episcopus
1622 536 1752 571 Lariffae
1763 562 1772 569 .

1261 586 1421 630 Evagrius
1450 586 1631 630 Episcopus
1645 588 1816 622 Balentiae.

1258 635 1348 669 Zofis
1363 636 1541 680 Episcopus
1552 637 1736 672 Hesbuntis
1750 663 1758 670 .

1258 685 1435 720 Petronius
1448 687 1630 731 Episcopus
1650 689 1774 723 Neuvae
1784 714 1792 721 .

1258 736 1414 770 Salustius
1435 738 1616 781 Episcopus
1636 745 1767 773 cortici.

1257 786 1428 823 Maximus
1448 787 1629 833 Episcopus
1649 788 1888 824 Demetriadis.

1392 945 1896 992 ScHOLroN.

1314 1087 1390 1124 Anc
1407 1091 1591 1134 E'pistolam
1603 1090 1794 1127 crediderim
1818 1093 1913 1128 fuisse
1933 1092 2091 1138 Encycli·

1335 1151 1427 1174 cam:
1451 1142 1578 1174 mirsam
1601 1142 1642 1175 ad
1664 1153 1780 1177 omnes
1790 1144 1970 1179 Orientalis
1997 1145 2091 1181 Dioe-

1203 1190 1311 1224 ceseos
1333 1190 1537 1234 Metropoles
1559 1191 1595 1224 δε
1614 1192 1762 1227 civitates
1779 1218 1787 1226 .
1822 1194 1957 1237 Joannis
1989 1196 2089 1230 fastio

1203 1240 1312 1273 timuit
1331 1240 1446 1273 fimiles
1468 1240 1509 1275 de
1519 1242 1677 1276 damnato
1690 1242 1848 1278 Nestoi-io
1870 1244 2020 1279 litterasa
2032 1246 2093 1289 Sy⁴

1205 1289 1294 1324 nodo
1303 1290 1592 1332 transmittendas,
1621 1292 1762 1337 ideoque
1781 1293 1876 1328 duxit
1888 1295 2001 1339 -ipsam
2014 1307 2089 1339 prae-

1204 1341 1397 1375 veniendam
1410 1366 1421 1382 ,
1450 1352 1549 1382 atque
1570 1342 1615 1375 ita
1633 1342 1675 1376 ab
1688 1355 1725 1377 ea
1745 1343 1975 1380 divertendum
1986 1356 2089 1390 popu-

1203 1391 1270 1424 lum
1287 1416 1293 1422 .
1324 1392 1365 1423 Et
1378 1391 1458 1424 fecit
1467 1401 1535 1424 non
1548 1391 1614 1424 fine
1631 1392 1735 1426 frusta
1749 1417 1756 1424 .
1784 1394 1896 1439 Qum
1909 1395 1999 1428 enim
2007 1406 2093 1438 quae·

1202 1439 1278 1475 dam
1293 1441 1326 1474 in
1345 1440 1404 1474 ista
1427 1440 1568 1474 Dioecefi
1587 1441 1737 1476 civitates
1747 1442 1900 1477 adversus
1912 1444 2093 1487 synodum

1202 1502 1413 1525 contumaces
1435 1491 1575 1532 fuerint,
1604 1490 1907 1526 infradocebimur.
1935 1494 2090 1538 Singulaz.

1202 1543 1243 1575 ris
1265 1543 1297 1575 ἀ
1310 1538 1472 1575 horrenda
1490 1541 1553 1575 fuit
1573 1538 1694 1575 duritia
1707 1538 2093 1586 Hierapolitanaecivitn-⁴

1201 1594 1242 1626 tis
1253 1616 1264 1632 ‚
1292 1591 1492 1634 Metropolis
1510 1592 1544 1624 in
1559 1589 1766 1635 Euphratesia
1779 1593 1958 1628 Provincia
1970 1618 1977 1626 .
2007 1594 2088 1638 Ejus

1203 1642 1383 1685 Episcopus
1395 1640 1605 1682 Alexander,
1629 1641 1677 1675 vir
1687 1642 1783 1677 senex
1807 1643 1990 1685 &dodun
2016 1644 2088 1679 nul-

1202 1693 1241 1726 lis
1280 1691 1429 1735 precibus
1460 1701 1518 1726 aut
1549 1691 1691 1726 consiliis
1723 1693 1831 1728 voluit
1859 1695 2085 1738 acquiesceret

1202 1742 1402 1786 Perpetuum
1421 1742 1456 1775 in
1481 1742 1612 1777 metalla
1630 1740 1796 1786 deportari
1819 1746 1957 1786 maluit,
1985 1756 2087 1789 quam

1202 1791 1376 1835 Synodum
1397 1794 1591 1838 agnoscere.
1618 1793 1698 1836 Ejus
1722 1795 1880 1837 populus,
1908 1795 1988 1829 dum
2013 1796 2046 1829 se
2066 1793 2088 1828 ὲ

1204 1842 1358 1885 Principe
1383 1843 1572 1886 cogendum
1593 1843 1676 1877 vidit
1688 1845 1727 1877 ad
1748 1845 1971 1882 obediendum
1982 1846 2090 1887 syno-

1203 1890 1247 1923 do
1265 1913 1275 1930 ,
1302 1891 1445 1924 minatus
1463 1892 1508 1923 est
1529 1892 1735 1934 semetipsum
1760 1895 1917 1928 violentis
1934 1894 2088 1928 manibus

1204 1940 1359 1974 invadere
1373 1965 1379 1972 .
1394 1941 1469 1974 Hac
1479 1940 1611 1974 forfitan
1627 1942 1667 1975 de
1677 1944 1769 1976 causa
1784 1943 2013 1978 Acaemetenfis
2026 1944 2094 1979 Co-

1202 1988 1286 2023 dicis
1308 1990 1518 2034 Compilator
1549 1989 1634 2024 hanc
1666 1991 1881 2035 Encyclicam
1908 1993 2092 2036 Epistolam

1203 2040 1362 2083 inscripsit
1384 2041 1444 2074 soli
1474 2039 1566 2075 istius
1588 2040 1734 2076 civitatis
1756 2042 1857 2078 Clero
1880 2054 1917 2078 ac
1940 2042 2091 2088 Populo.

1204 2090 1308 2125 Porro
1330 2090 1478 2133 Epistola
1502 2089 1674 2133 synodum
1698 2094 1808 2137 arguit
1820 2105 1888 2128 non
1900 2093 1941 2128 de
1951 2095 2094 2138 praecipi.

1205 2141 1332 2176 tatione
1349 2140 1536 2183 sententiae,
1569 2153 1637 2175 non
1651 2142 1692 2175 de
1704 2153 1866 2186 praevento
1881 2144 2019 2187 Joannis
2032 2144 2095 2179 Pa-

1205 2189 1348 2227 triarchae
1365 2193 1534 2232 adventu,
1562 2202 1623 2226 nec
1645 2192 1688 2229 de
1711 2194 1971 2237 praevaricatione
1993 2195 2095 2229 Diva·

1206 2243 1246 2276 lis
1257 2243 1355 2276 Sacrae
1368 2267 1379 2282 ,
1406 2242 1460 2277 sed
1472 2242 1645 2277 dumtaxat
1662 2243 1703 2277 de
1713 2244 1977 2287 praevaricatione
1985 2244 2093 2278 Nicae-

1205 2293 1241 2326 ni
1256 2292 1407 2336 symboli
1432 2304 1487 2336 per
1497 2292 1711 2336 comprobata
1732 2295 1970 2329 &confirmata
1982 2295 2092 2328 Sanffi

1205 2343 1324 2386 Cyrilli
1348 2341 1525 2377 duodecim
1548 2343 1724 2387 Capitula,
1751 2355 1822 2387 quae
1842 2346 1954 2378 omnis
1975 2344 2034 2379 ista
2045 2346 2094 2379 fa·

1207 2394 1273 2428 etio
1285 2394 1535 2437 pertinacissime
1545 2395 1668 2428 censuit
1680 2395 1791 2428 soetere
1801 2406 1842 2428 ex
1853 2395 1938 2428 Ario
1950 2419 1961 2435 ,
1988 2394 2093 2438 Apol-

1206 2443 1345 2482 linario,
1370 2453 1469 2488 atque
1481 2443 1652 2477 Eunomio
1664 2466 1671 2474 .
1701 2443 1957 2478 Pertinaciffime
1965 2445 2092 2479 censuit

1205 2505 1260 2537 per
1272 2492 1447 2536 Synodum
1471 2492 1566 2527 fuisse
1589 2491 1779 2527 authentice
1804 2494 1937 2536 probata
1949 2493 2093 2529 acstnbi·

1206 2546 1279 2578 lita.
1308 2543 1389 2576 Haec
1413 2543 1477 2576 fuit
1492 2543 1646 2585 palmaris
1665 2543 1783 2581 causa,
1809 2554 1851 2575 ex
1862 2553 1925 2585 qua
1936 2542 2091 2578 Sanctum

1204 2592 1370 2635 Cyrillum
1394 2615 1404 2631 ‚
1443 2591 1492 2623 uti
1520 2589 1772 2625 Haerefiarcham
1795 2615 1806 2631 ‚
1842 2592 2093 2634 irreparabiliter

1203 2641 1391 2685 degradavit
1403 2665 1414 2680 ‚
1441 2641 1474 2673 ὅσ
1485 2651 1540 2673 om
1547 2651 1620 2673 nem
1645 2640 1818 2683 Synodum
1832 2665 1844 2681 ,
1862 2642 1912 2675 uti
1923 2642 1991 2685 ejus
2003 2654 2091 2677 com-

1204 2691 1418 2735 probatricern
1441 2715 1452 2731 ‚
1478 2690 1570 2723 exuit
1609 2687 1797 2724 Christiana
1829 2693 2088 2727 communione.

1205 2742 1300 2775 Hinc
1323 2738 1509 2774 Patriarcha
1524 2740 1667 2783 Ioannes
1688 2741 1872 2783 frequenter
1885 2767 1896 2782 ‚
1923 2743 2023 2776 ctiam
2033 2755 2089 2778 co·

1203 2803 1270 2825 ram
1299 2791 1369 2833 ipso
1397 2790 1570 2834 Principe,
1596 2790 1714 2833 juravit
1738 2791 1905 2833 Cyrillum
1926 2817 1938 2833 ,
1963 2793 2089 2827 etiamst

1203 2853 1245 2876 ex
1266 2843 1380 2875 animo
1403 2840 1636 2884 poenitentem,
1663 2852 1833 2885 nunquam
1855 2841 1873 2875 ὲ
1897 2843 1929 2876 se
1949 2843 2091 2877 redden*

1204 2891 1283 2926 dum
1300 2891 1487 2934 Episcopali
1513 2890 1632 2924 honori
1649 2916 1656 2922 .
1682 2892 1765 2925 Haec
1781 2892 1856 2925 sunt
1871 2891 1965 2926 verba
1977 2893 2089 2927 factio-

1203 2943 1242 2975 sae
1254 2940 1439 2976 sententiae:
1462 2943 1617 2983 ‚Quoniam
1631 2952 1686 2974 vos
1701 2941 1837 2975 haerenco
1853 2940 1943 2985 sensu
1965 2954 2000 2976 ac
2009 2955 2090 2975 men-

1204 3001 1233 3026 te
1244 2991 1305 3034 uſs,
1331 2996 1497 3025 temeritate
1520 2992 1555 3025 (5
1568 2990 1728 3032 confufione
1743 2997 1905 3033 privatum
1926 2997 2007 3026 inter
2031 3005 2086 3027 vos

1204 3039 1367 3085 Confessum
1388 3039 1549 3080 celebrastis
1562 3066 1574 3081 ‚
1600 3047 1734 3084 omnique
1758 3041 1914 3075 turbarum
1934 3054 2041 3086 genere
2049 3050 2088 3076 ci-

1203 3097 1328 3126 vitatem
1352 3092 1539 3125 &Sullam
1562 3091 1638 3124 banc
1658 3093 1799 3130 synodum
1825 3092 2020 3134 implevistis,
2049 3105 2087 3127 ne

1204 3142 1341 3178 videlicet
1361 3147 1393 3174 in
1417 3145 1530 3182 Capita
1544 3166 1554 3181 ,
1581 3153 1648 3184 quae
1672 3154 1737 3175 cum
1749 3143 1926 3184 Apollinum
1937 3167 1948 3183 ‚
1975 3145 2088 3177 &Eu-

1204 3198 1294 3225 nomii
1314 3217 1324 3232 ‚
1351 3201 1440 3233 atque
1465 3195 1528 3223 Arii
1551 3197 1707 3233 impietate
1727 3203 1763 3225 ac
1781 3193 1929 3236 perversa
1947 3192 2086 3226 doc‘lrina

1203 3251 1363 3286 congruunt
1378 3266 1387 3281 ,
1413 3247 1612 3283 inquireretur
1623 3266 1634 3282 ,
1662 3243 1723 3276 ideo
1734 3253 1767 3275 tu
1780 3243 1890 3282 cyrille
1904 3244 2085 3276 Alexandri-

1204 3302 1261 3331 ne,
1287 3294 1362 3325 &tu
1377 3294 1514 3324 Memnon
1536 3291 1626 3332 hujus
1638 3298 1775 3326 civitatis
1798 3290 1959 3334 Episcope‚
1980 3291 2084 3334 fritote

1204 3353 1257 3377 vos
1284 3341 1422 3383 depoſstos
1441 3365 1451 3381 ,
1476 3342 1561 3385 &ab
1585 3342 1767 3386 Episcopatu
1793 3344 1924 3375 alienos.
1955 3345 1994 3373 At
2014 3346 2086 3375 vm)

1203 3393 1310 3437 reliqui
1333 3402 1433 3426 omnes
1456 3391 1644 3427 anathemati
1662 3392 1834 3437 subjacete,
1860 3392 1949 3428 donec
1972 3395 2087 3433 Capita

1879 3441 2039 3485 baeretica‚

2118 741 2190 770 Nor.
2199 739 2273 778 legit

2118 781 2225 819 Coryci
2235 802 2243 810 .
