2320 3730
605 209 914 262 sonorus,
952 217 1014 249 nr
1049 199 1245 250 Norls
1278 197 1657 246 titusruar'rr.

214 290 454 333 renuntianda,
475 300 540 334 qua
565 291 599 325 &
616 301 728 334 praeter
749 291 874 327 litteras
902 292 1026 327 nostras
1044 300 1102 323 ve·-

214 348 278 382 stra
287 341 442 378 Sanctitas
457 341 570 385 utique
583 343 632 379 uti
645 352 794 386 potuerat
804 356 816 376 .·
841 342 976 390 Qippe
987 350 1055 384 quae
1067 339 1101 372 in

213 392 345 431 Divinis
370 390 518 437 Legibus
540 402 619 427 ante
641 393 829 436 conscripta
849 395 898 426 est
921 417 928 424 .
955 394 1101 428 Omnem

212 441 463 485 fraternitatem
480 466 491 483 ,
516 454 586 487 quae
614 442 785 478 vobiscum
807 442 855 475 est
871 465 882 481 ‚
904 451 969 486 ego
994 442 1028 475 ὃς
1044 440 1102 485 qui

210 503 341 535 mecum
367 495 463 541 sunt,
488 493 669 543 plurimum
680 494 874 533 salutamus.

335 649 911 699 *Senotroim

212 802 215 805 '
324 795 378 829 Oc
399 794 579 834 Decretum
602 802 665 825 nos
688 790 784 826 docet
811 791 903 836 plura
928 816 936 824 .
964 788 1104 831 Primo,

214 881 216 883 ,
351 844 441 888 quod
455 842 596 882 Andreae
610 841 821 880 Relationem
835 839 1023 879 Alexander
1034 840 1104 874 Me-

212 896 372 937 tropolita
387 893 429 931 ad
441 893 603 935 Joannem
623 891 848 927 patriarcham
873 891 1042 930 retulerit,
1069 890 1104 924 &

213 942 258 983 ad
277 943 383 986 ipsum
404 942 549 986 Ioannes
575 942 682 977 statim
696 954 773 977 cum
785 941 933 977 Advenis
945 943 980 976 in
991 942 1046 977 sua
1061 939 1104 973 ci·

214 992 314 1027 vitate
328 989 501 1038 Episcopis
524 993 724 1032 decreverit,
750 1002 786 1025 ut
801 991 967 1026 Edeffenae
992 990 1103 1025 Eccle-

214 1042 268 1080 βα»,
287 1042 408 1081 Clerici
427 1065 439 1081 ,
466 1053 507 1080 ac
529 1040 710 1079 Osrhoenae
734 1040 920 1080 Provinciae
948 1040 1103 1091 Episcopi

212 1090 401 1125 constanter
419 1089 602 1130 desererent
624 1092 899 1130 communionem
928 1090 1101 1127 Rabbulae.

213 1139 271 1174 Ex
293 1150 360 1183 quo
372 1139 462 1174 vides
483 1140 655 1185 antiquum
666 1140 864 1183 Canonem‚
890 1142 1105 1178 mandantem

212 1199 253 1227 ut
272 1189 493 1230 provincialis
514 1191 694 1235 Episcopus
717 1203 786 1226 non
812 1191 963 1236 proxime
985 1192 1026 1226 ad
1048 1191 1106 1224 Pa-

214 1239 414 1282 triarcham‚
441 1240 497 1278 sed
518 1241 561 1275 ad
579 1242 674 1274 suum
695 1242 968 1285 Metropolitam‚
997 1241 1032 1279 ὅ(
1053 1240 1107 1274 hic

209 1289 258 1326 ,ad
281 1290 380 1324 istum
403 1291 542 1331 referat,
567 1299 647 1324 tunc
660 1290 798 1335 viguisse
818 1291 854 1324 in
869 1291 1034 1326 Orientali
1048 1290 1109 1324 Ec·

214 1339 327 1375 clesia.
356 1338 510 1375 Secundo
531 1340 711 1380 docemur,
738 1341 828 1384 quod
848 1352 918 1375 non
938 1339 1000 1374 soli
1014 1339 1110 1375 Edes-

217 1389 287 1428 seni
301 1389 446 1430 Clerici,
473 1388 528 1423 sed
547 1390 649 1428 etiam
668 1389 758 1424 istius
779 1390 963 1430 Provincia».
976 1390 1109 1434 Episco-

217 1439 254 1483 pi
274 1439 398 1473 fuerint
419 1438 581 1480 adversati
594 1438 773 1479 Rabbulae,
797 1441 976 1475 &causam
995 1440 1110 1475 retule-

217 1488 288 1522 rint
305 1488 347 1522 ad
359 1489 522 1531 Ioannem
535 1513 543 1521 .
573 1489 704 1531 Nempe
727 1491 859 1528 causam
874 1489 1042 1528 habebant
1058 1489 1111 1526 ad-

218 1538 328 1572 versus
341 1539 436 1578 suum
450 1538 702 1587 Metropolitam
715 1562 726 1579 ‚
751 1538 894 1583 ideoque
915 1551 982 1574 non
997 1540 1114 1580 habue-

218 1598 297 1627 runt
321 1611 334 1628 ‚
359 1588 399 1622 ad
423 1599 522 1633 quem
544 1590 699 1622 referrent
720 1612 732 1628 ,
759 1588 817 1627 nisi
845 1590 951 1633 ipsum
977 1589 1115 1627 Patriar-

216 1636 338 1673 cham.
367 1634 522 1677 Edeffeni
545 1638 669 1678 Clerici
691 1637 777 1676 istud
798 1639 904 1683 ipsum
920 1650 1116 1684 potuerant.

219 1687 422 1729 Maluerunt-
439 1698 551 1728 tamen
567 1699 609 1728 ex
623 1687 807 1729 rationibus
817 1691 933 1730 referre
945 1690 987 1724 ad
1001 1690 1116 1724 vicinae

219 1736 404 1779 Provinciae
416 1737 614 1783 Episcopum
629 1737 806 1778 Andraeam
821 1765 828 1772 .
856 1741 1005 1775 Forsitan
1025 1740 1115 1784 quod

220 1786 290 1831 ejus
300 1789 403 1823 etiam
414 1789 538 1832 Scripta
549 1790 651 1825 essent
664 1789 942 1826 anathematizata
962 1802 1018 1834 per
1031 1790 1117 1826 Rab-

221 1837 358 1879 bulam,
384 1837 524 1881 ideoque
546 1839 666 1872 merito
692 1840 895 1874 confiderent
919 1841 1025 1883 ipsum
1046 1851 1114 1873 non

222 1887 413 1926 defuturum
425 1889 559 1935 propriae
572 1888 693 1930 injuriae
706 1913 713 1920 .
739 1889 836 1936 Qin
848 1900 889 1922 ex
899 1889 1017 1923 eodem
1029 1890 1117 1932 prin-

223 1937 316 1981 cipio
329 1937 558 1977 invocaverint
569 1938 669 1972 etiam
681 1939 718 1972 T
735 1939 937 1973 ,eodoretum
952 1963 963 1979 ‚
986 1939 1116 1973 videtur

223 1996 295 2021 non
316 1985 555 2025 dubitandum.
582 1988 720 2030 Joannis
744 1998 855 2022 tamen
868 1989 1049 2023 Decretum
1071 1987 1118 2022 di-

222 2036 340 2081 rigitur
362 2035 403 2070 ad
415 2036 502 2070 solos
515 2035 694 2077 Osrhoenae
707 2037 891 2076 Provincia:
914 2038 1098 2080 Episcopos
1108 2059 1118 2075 ‚

224 2097 296 2123 non
317 2086 359 2120 ad
372 2086 550 2125 Edess'enos
559 2086 725 2124 Clericos.
749 2086 899 2119 Forsitan
925 2085 1015 2129 quod
1029 2083 1063 2118 hi
1077 2085 1117 2119 ad

223 2136 333 2179 ipsum
363 2147 432 2169 non
458 2134 641 2174 retulissent
664 2160 671 2167 .
699 2134 779 2178 Ejus
805 2145 918 2170 tamen
945 2134 1117 2169 oraculum

221 2184 313 2223 haud
325 2185 425 2226 dubie
446 2186 632 2233 acceperint
649 2196 705 2234 per
715 2185 885 2226 Andr-eam
908 2196 946 2221 ac
957 2184 1119 2225 Theodo—

228 2245 360 2270 retum.

275 2282 396 2318 Tertio
423 2283 579 2322 discimus
600 2307 612 2323 ‚
639 2283 730 2327 quod
753 2283 804 2318 isti
830 2308 841 2324 ‚
866 2294 934 2318 tam
961 2284 1118 2328 Episcopi

224 2346 327 2379 quam
345 2333 467 2368 Clerici
489 2357 501 2374 ,
528 2334 563 2367 in
583 2334 640 2367 sua
663 2334 839 2373 Relatione
861 2333 1094 2378 postulaverint
1108 2357 1119 2374 ‚

228 2383 403 2428 quomodo
425 2385 457 2422 se
467 2383 624 2423 deberent
642 2395 752 2428 gerere
766 2395 842 2419 cum
858 2383 1011 2421 Rabbula
1026 2398 1037 2423 ;
1063 2387 1120 2416 An

228 2434 297 2476 ejus
306 2432 580 2467 communionem
599 2433 727 2474 possent
739 2455 750 2473 ,
778 2442 834 2465 aut
854 2434 957 2465 etiam
965 2432 1121 2468 deberent

229 2482 374 2519 deserere
396 2482 410 2520 ,ἓ
445 2481 497 2514 Ex
520 2491 589 2525 quo
609 2480 805 2519 addiscimus
826 2482 935 2515 citavi
971 2480 1120 2519 Concilii

231 2532 426 2574 Canonem,
453 2530 665 2567 mandantem
688 2541 724 2564 ut
746 2542 846 2564 nemo
861 2531 1043 2574 Episcopus
1065 2540 1121 2565 aut

231 2582 379 2616 Clericus
403 2578 477 2619 ante
487 2578 652 2622 Synodale
671 2577 834 2620 judicium
845 2580 971 2619 deserat
990 2582 1038 2614 sui
1051 2581 1123 2615 Me-

231 2631 399 2675 tropolitae
422 2639 479 2668 aut
506 2627 701 2668 Patriarchae
726 2630 1000 2666 communionem
1021 2655 1032 2670 ,
1059 2631 1122 2664 esse

231 2680 491 2725 ¹antiquissimum
514 2702 525 2720 ‚
562 2679 704 2722 ideoque
727 2691 797 2714 non
825 2678 996 2714 inductum
1019 2704 1031 2720 ‚
1068 2680 1121 2719 sed

234 2729 656 2771 solummodoinnovatum
676 2729 719 2764 ab
741 2731 855 2764 octava
869 2730 1026 2774 Synodo.
1056 2729 1122 2764 Ex-

234 2782 307 2825 cipe
328 2791 440 2815 tamen
459 2780 534 2814 fidei
554 2781 702 2820 causam.
733 2780 785 2815 De
798 2779 859 2814 hac
882 2780 971 2814 enim
985 2781 1122 2824 Joannis

233 2834 418 2873 Decretum
445 2828 597 2875 adjungit
619 2841 626 2867 ,:
663 2835 786 2873 Oportet
818 2836 851 2863 in
870 2830 942 2873 fidei
969 2829 1058 2874 causa
1079 2836 1122 2868 uti

231 2883 344 2926 fiducia
359 2906 371 2922 ,
396 2892 457 2924 qua
477 2882 634 2923 &praetcr
655 2881 772 2917 litteras
794 2881 906 2922 nostras
931 2881 1029 2922 vestra
1050 2883 1123 2914 san-

232 2930 326 2967 'ditas
349 2937 394 2965 uti
413 2939 552 2974 potuerat
564 2956 571 2963 .
599 2933 723 2976 v‚Quippe
734 2943 802 2975 quae
823 2940 858 2965 tn
870 2935 998 2966 Divinis
1009 2931 1122 2975 legibus

236 2984 310 3021 ant?
330 2980 493 3024 conscripta
522 2980 578 3020 est.
608 2981 695 3015 Nam
716 2981 750 3015 in
764 2981 913 3025 Epistola
934 2983 976 3016 ad
999 2983 1121 3020 Titum

236 3030 346 3065 scribit
367 3031 572 3075 Apostolus:
600 3035 782 3070 Haereticam
803 3031 950 3071 hominem
958 3032 1019 3075 post
1030 3044 1122 3067 unam

239 3078 442 3123 &secundam
460 3087 668 3124 correptionem
691 3083 814 3117 devita.
842 3083 950 3118 Porro
973 3082 1039 3118 hoc
1053 3083 1122 3116 De—

239 3139 365 3170 cretum
388 3131 434 3168 est
454 3131 597 3166 omnino
621 3133 824 3178 Synodicum
840 3128 960 3173 {Non
983 3133 1002 3167 a
1019 3133 1123 3168 totius

241 3181 423 3219 Orientalis
442 3182 652 3223 Dioeceseos,
678 3194 739 3218 nec
759 3183 778 3217 a
790 3185 891 3221 totius
905 3185 1015 3233 primae
1026 3184 1123 3227 Syriae

243 3230 382 3274 Synodo
396 3255 407 3272 ,
432 3231 486 3266 sed
506 3233 524 3266 a
537 3232 675 3275 Synodo
694 3245 735 3268 ex
748 3235 824 3269 solis
845 3234 979 3272 advenis
993 3235 1124 3278 Episco-

245 3282 315 3325 pis.
341 3281 436 3319 Hinc
457 3282 547 3316 enim
571 3279 716 3318 subditur
736 3298 747 3324 ‚-
774 3288 871 3321 Donec
890 3297 957 3323 eum
967 3294 1124 3325 evocantes

246 3333 289 3365 ad
299 3343 374 3373 nos,
399 3334 455 3367 &a
482 3332 628 3367 Proinde
649 3333 789 3377 Ioannes
809 3335 850 3370 ab
863 3336 1039 3372 osrhoenae
1050 3335 1126 3370 Pro-

245 3383 363 3423 vinciae
377 3382 541 3428 Episcopis
551 3407 563 3426 ,
589 3382 632 3419 ab
644 3383 834 3421 Alexandro
847 3387 1103 3432 Hierapolitano
1116 3409 1127 3426 ‚

1162 298 1199 322 ac
1210 285 1341 324 forsitan
1361 284 1404 324 ab
1425 284 1498 319 aliis
1520 283 1590 328 ejus
1601 284 1770 329 Episcopis
1788 285 1829 323 de
1849 288 2035 333 graviffimo

1149 376 1151 388 Κ
1164 336 1229 372 hoc
1239 361 1250 378 ,
1274 337 1309 375 ἃ.
1319 347 1444 375 moram
1455 346 1524 372 non
1536 335 1713 375 sustinente
1727 337 1815 371 malo
1826 339 2015 377 admonitus
2027 363 2039 382 ‚

1148 387 1274 428 istatim
1295 387 1492 423 convocavit
1513 386 1678 431 praesentes
1701 384 1759 425 fibi
1778 386 1981 432 Episcopus,
2007 390 2041 427 ,ὃς

1150 431 1269 473 iemifit
1282 437 1347 476 hoc
1357 438 1667 482 interloquutorium
1681 436 1858 474 Decretum
1872 460 1884 477 ‚
1908 441 2045 480 promit-

1165 499 1235 523 tens
1256 489 1290 525 in
1303 488 1451 534 proxima
1462 488 1602 531 Synodo
1621 497 1758 522 evocare
1770 485 1957 526 Rabbulam
1969 512 1980 528 ‚
2005 500 2043 525 ae

1166 539 1316 573 definire.
1343 537 1485 579 Proinde
1505 540 1686 574 Decretum
1708 536 1877 575 emanavit
1898 536 1932 570 in
1954 537 2046 585 Qa-

1166 589 1340 633 dragefima
1353 615 1364 631 ‚
1389 591 1474 625 circa
1487 588 1642 629 Paschale
1663 589 1820 629 Festum,
1846 597 1936 621 anno
1954 588 2048 632 trige-

1167 639 1246 672 simo
1279 640 1371 673 sexto
1402 640 1494 675 istius
1526 640 1632 675 saculi
1652 663 1660 671 .
1689 639 1800 673 Etiam
1829 635 1975 676 nbranda
2003 637 2049 671 est

1170 687 1329 726 Rabbulae
1353 689 1548 726 constantia.
1567 715 1575 722 .
1599 691 1728 724 Omnes
1755 688 1816 723 fibi
1845 687 2051 722 adversantes

1168 738 1347 787 proscripsit
1357 762 1368 778 ,
1389 739 1424 771 &
1436 741 1545 783 coegit
1556 739 1596 774 ad
1609 741 1722 784 fugam
1734 765 1742 778 ,
1769 739 1863 776 Hinc
1874 737 1947 772 lbas
1958 738 2053 772 illum

1169 788 1290 830 scripsit
1304 789 1365 827 suaej
1377 787 1520 821 civitatis
1530 788 1733 832 Tyrannum
1745 814 1754 823 .

1217 837 1299 872 Hoc
1319 837 1456 880 Joannis
1468 838 1646 875 Decretum
1669 839 1782 876 multis
1803 836 1959 875 adversus
1969 835 2057 871 Rab-

1169 887 1282 927 bulam
1293 884 1371 922 fecit
1381 898 1439 931 pro
1450 884 1637 920 Theodoro
1649 891 1824 931 generosos
1836 890 1965 924 animos
1977 913 1983 920 .
2014 888 2058 921 Et

1169 936 1306 983 grandes
1323 949 1378 981 per
1401 948 1539 972 omnem
1561 936 1735 970 Orientem
1757 950 1886 975 motus.
1914 939 1958 973 Et
1972 937 2058 981 ipsos

1170 998 1321 1033 potenter
1344 986 1467 1030 adjuvit
1489 986 1727 1021 Armeniorum
1750 987 1985 1031 Episcoporum
2005 987 2061 1026 ad·

1170 1039 1279 1074 versus
1290 1037 1513 1081 Metropolitae
1527 1035 1644 1070 Aeacii
1667 1037 1800 1070 Fastum
1820 1038 2060 1078 recalcitratio,

1170 1089 1205 1123 &
1217 1088 1352 1123 Relatio
1364 1100 1402 1123 ac
1413 1087 1556 1132 Legatio
1566 1085 1607 1120 ad
1619 1085 1772 1120 Sanctum
1788 1085 1954 1119 Proclum.
1967 1087 2062 1121 Hinc

1171 1140 1262 1173 enim
1282 1138 1418 1183 Procius
1439 1137 1517 1175 fecit
1530 1161 1542 1177 ‚
1567 1136 1658 1180 quod
1681 1136 1718 1169 in
1732 1133 1996 1178 prosphonetico
2018 1136 2060 1170 ad

1173 1188 1380 1228 Mattianum
1389 1189 1621 1232 Imperatorem
1630 1187 1780 1221 sermone
1789 1185 1872 1220 dicit
1884 1183 2067 1219 Chalcedo-

1174 1240 1278 1274 nensis
1307 1236 1462 1282 Synodus
1489 1251 1496 1271 :
1526 1240 1659 1282 Magnus
1696 1237 1827 1276 7Ρνοεὶιιιι
1859 1235 2068 1269 orientalibus

1173 1289 1310 1328 volumen
1332 1290 1540 1322 adArmenios
1560 1287 1702 1330 profidei
1722 1291 1915 1331 congruentia
1939 1285 2070 1326 destina·

1175 1345 1224 1377 vit
1245 1364 1253 1372 .
1283 1338 1329 1375 Et
1352 1338 1462 1375 statim
1490 1339 1601 1373 infra:
1640 1337 1871 1380 Sapientiffimus
1890 1340 2066 1382 Joannes,

1175 1388 1420 1429 antiochenorum
1437 1387 1601 1431 Episcopus
1625 1413 1637 1430 ,
1667 1390 1874 1425 Haereticorum
1897 1385 2062 1420 Male-dida

1176 1441 1336 1482 repellens,
1368 1441 1405 1474 (9⁴
1417 1439 1583 1482 Apostoltcae
1601 1438 1747 1477 doc‘lrinae
1764 1438 1948 1478 refflffimum
1962 1438 2069 1480 dogma

1175 1490 1334 1527 declarans
1352 1514 1363 1532 ‚
1388 1495 1477 1524 totius
1501 1494 1633 1524 Orientis
1660 1488 1859 1530 confefflonem
1887 1512 1898 1528 ,
1925 1488 2009 1521 velut
2030 1496 2070 1520 ex

1177 1552 1234 1575 uno
1253 1553 1300 1575 ore
1323 1565 1334 1582 ,
1359 1540 1538 1580 Sanc‘ltffimo
1563 1540 1663 1578 Proclo
1685 1563 1696 1579 ‚
1723 1540 1758 1572 6·
1781 1544 1810 1573 ti
1836 1543 1887 1581 qui
1910 1545 1967 1579 per
1993 1537 2073 1570 idem

1176 1599 1298 1633 tempus
1325 1592 1435 1623 Mundi
1459 1590 1580 1634 regebat
1600 1588 1808 1633 gubernacula
1833 1612 1845 1628 ,
1883 1586 2044 1626 distinavit
2057 1609 2064 1616 .

1177 1641 1282 1688 Qod
1302 1640 1337 1675 &
1358 1641 1503 1683 proprias
1524 1639 1566 1672 ad
1589 1639 1751 1682 Ioannem
1775 1637 1901 1670 litteras
1933 1633 2073 1669 Procius

1161 1679 1165 1706 ¹
1176 1684 1342 1730 addiderit
1353 1714 1364 1731 ‚
1376 1690 1516 1730 affirmat
1529 1683 1706 1722 Facundus
1718 1685 1965 1726 Hermianensis
1977 1710 1984 1717 .
2011 1684 2077 1718 Per

1178 1741 1261 1784 ipsas
1283 1739 1461 1785 postulavit
1482 1739 1644 1778 assensum
1657 1739 1693 1772 in
1717 1738 1812 1771 suum
1822 1736 1977 1771 Tomum
1992 1760 1999 1767 .
2026 1733 2077 1768 Ita

1178 1791 1266 1835 apud
1286 1790 1429 1832 eundem
1441 1790 1637 1831 Facundum
1660 1787 1770 1828 scribit
1783 1788 1927 1830 Joannes
1946 1786 1988 1820 ad
2000 1785 2079 1819 San-

1180 1841 1268 1875 <stum
1281 1840 1470 1882 Cyrillum.
1497 1839 1602 1872 Tunc
1611 1839 1714 1874 etiam
1725 1837 1847 1870 factum
1860 1845 1940 1880 puto
1951 1860 1962 1876 ,
1985 1834 2079 1879 quod

1181 1889 1316 1928 SanCtus
1337 1888 1486 1930 Cyrillus
1510 1886 1621 1921 scribit
1648 1886 1690 1921 ad
1714 1886 1963 1924 Melitinensem
1993 1884 2079 1918 Aca-

1180 1939 1271 1977 cium
1283 1952 1294 1973 .-
1321 1938 1589 1978 Reverendiffimus
1610 1939 1763 1971 Diaconus
1787 1936 1822 1974 (5
1834 1934 2080 1969 Archi-Mandri-

1180 1997 1215 2023 ta
1237 1991 1394 2021 Maximus
1414 1990 1460 2021 ad
1481 1999 1528 2024 me
1546 1993 1710 2029 pervenit,
1739 1986 1875 2019 &talem
1899 1991 2004 2018 virum
2024 1985 2081 2017 ad-

1177 2036 1265 2079 spexi
1276 2060 1287 2076 ‚
1307 2037 1380 2077 ficut
1394 2037 1547 2078 oportebat
1568 2042 1602 2069 in
1611 2038 1696 2080 longo
1708 2043 1836 2077 tempore
1859 2034 2077 2074 defiderantem

1182 2087 1285 2119 videre
1307 2111 1314 2117 .
1341 2087 1415 2120 Vidi
1436 2088 1508 2120 vero
1532 2087 1643 2124 Zelum
1660 2089 1730 2126 ejus
1752 2109 1764 2125 ,
1791 2086 1826 2118 (5
1847 2084 2057 2119 rellitudinem
2072 2106 2082 2123 ‚

1181 2137 1216 2176 6·
1223 2135 1378 2177 stimulum
1387 2142 1520 2179 pietatis
1532 2160 1543 2175 ,
1555 2147 1643 2178 quem
1653 2136 1783 2170 babebat
1793 2140 1826 2168 in
1838 2134 1972 2176 Christo.
2000 2138 2028 2168 C
2030 2146 2080 2167 on·

1178 2185 1334 2231 tristatum
1356 2190 1429 2220 vero
1453 2192 1500 2219 ita
1522 2187 1556 2226 et
1563 2188 1684 2227 plenum
1705 2184 1919 2228 sollicitudinis
1943 2191 2080 2219 animum

1183 2235 1275 2273 babet
1289 2260 1300 2276 ‚
1325 2243 1358 2268 ut
1380 2237 1536 2269 &omnem
1546 2236 1675 2271 laborem
1690 2235 1791 2278 subire
1803 2237 1878 2267 velit
1890 2259 1901 2275 ,
1927 2245 2079 2277 quatenus

1184 2283 1313 2324 Nestorii
1323 2285 1486 2326 perfidiam
1512 2285 1683 2327 apartibus
1699 2289 1835 2318 orientis
1858 2286 2001 2318 radicitus
2012 2294 2084 2326 per-

1182 2337 1288 2369 deret.
1316 2337 1432 2378 Perlegi
1457 2337 1530 2369 vero
1552 2335 1720 2377 Epistolam
1749 2334 1854 2375 vestrae
1876 2335 2057 2369 sanHitatis
2070 2360 2080 2376 ,

1177 2383 1323 2427 scriptam
1350 2386 1394 2416 ad
1409 2387 1689 2425 Reverendiffimum
1716 2384 1898 2428 Episcopum
1912 2385 2077 2418 Antiocbiae

1177 2436 1337 2477 Joanncm
1358 2455 1370 2471 ‚
1391 2434 1532 2474 plurimae
1551 2436 1677 2475 plenam
1694 2436 1882 2477 confidentia·
1906 2459 1916 2474 ,
1938 2434 2026 2473 simul
2046 2437 2081 2469 ὁ·

1178 2480 1295 2575 ’ary-oris
1306 2483 1361 2519 Del
1372 2506 1379 2521 2
1406 2481 1516 2524 Scripsi*
1532 2491 1632 2518 autem
1654 2485 1688 2518 &
1700 2495 1748 2528 ego
1769 2484 1846 2518 iales
1859 2482 2010 2526 epistolas
2038 2485 2084 2517 ad

1184 2538 1216 2574 ip
1231 2542 1281 2564 um
1297 2555 1304 2562 .

1196 2578 1198 2580 ’
1236 2579 1491 2622 Proindeetiam
1508 2581 1674 2624 Aeacius,
1700 2584 1921 2628 quorumdam
1946 2586 2079 2619 suorum

1184 2632 1471 2675 Suffraganeorum
1507 2633 1806 2669 recalcitrationem
1831 2660 1843 2676 ,
1869 2647 1908 2669 ac
1931 2635 2079 2679 ipsorum

1183 2681 1369 2726 perfugium
1387 2682 1429 2717 ad
1450 2682 1613 2730 Joannem
1638 2684 1765 2727 passus,
1795 2685 1915 2727 scripsit
1934 2686 1964 2718 ei
1995 2686 2081 2719 litte-

1182 2743 1232 2766 ras
1245 2757 1256 2773 ,
1283 2731 1394 2776 plenas
1414 2733 1482 2771 zeli
1505 2732 1781 2774 &considentiae.
1809 2735 1958 2769 Forsitan
1970 2736 2079 2770 Leon-

1184 2782 1249 2817 tius
1270 2783 1306 2817 &
1327 2781 1468 2820 Aberius
1490 2783 1678 2827 Presbyteri
1703 2810 1715 2826 ‚
1741 2795 1824 2829 quos
1846 2785 1992 2819 secunda:
2016 2784 2082 2819 Ar-

1186 2832 1304 2872 menias
1328 2832 1483 2878 Episcopi
1503 2833 1546 2869 ad
1557 2834 1717 2874 Proclum
1737 2836 1946 2880 legaverant,
1973 2835 2078 2879 legati

1183 2884 1325 2917 fuerunt
1346 2884 1447 2919 etiam
1470 2884 1510 2919 ad
1523 2885 1703 2928 Joannem‚
1730 2884 1907 2934 Qidquid
1926 2883 1987 2924 fit,
2013 2885 2083 2928 ple-

1185 2944 1243 2969 nas
1265 2933 1326 2967 zeli
1346 2934 1602 2970 &confidentiae
1622 2936 1744 2975 litteras
1763 2935 1804 2969 ad
1828 2936 1933 2979 ipsum
1953 2935 2077 2978 scripsit

1184 2985 1264 3022 item
1277 2984 1410 3023 Sandius
1426 2985 1573 3030 Cyrillus
1587 3001 1599 3019 .·
1628 2986 1743 3020 Motus
1762 2985 1781 3019 a
1793 2983 1985 3020 Venerabili
2003 2985 2077 3020 Ma-

1183 3034 1275 3073 ximo
1290 3059 1301 3075 ,
1328 3035 1383 3080 qui
1395 3036 1531 3079 Joannis
1543 3048 1601 3080 pro
1617 3035 1805 3074 Theodoro
1816 3046 2070 3079 praejparamenta

1184 3095 1319 3121 noverat
1330 3108 1342 3125 ,
1367 3085 1613 3130 &improbabat
1625 3097 1667 3120 ex
1683 3088 1809 3129 pestore
1822 3111 1830 3118 .
1859 3084 1959 3130 Apud
1975 3086 2071 3129 Joan-

1184 3147 1261 3170 nem
1283 3136 1411 3175 &alios
1433 3137 1621 3172 Orientales
1639 3136 1851 3179 permanebat
1871 3136 2019 3177 vetustus
2031 3137 2079 3170 af-

1185 3186 1286 3220 fectus
1307 3187 1341 3221 in
1365 3187 1471 3222 solum
1494 3187 1670 3221 Nicaenum
1696 3187 1896 3231 Symbolum
1925 3213 1932 3227 ,
1964 3185 2071 3227 Porro

1186 3237 1292 3280 ipsum
1314 3237 1455 3276 Nestorii
1468 3238 1626 3273 Fautores
1648 3238 1818 3281 sperabant
1829 3237 2021 3283 detorquere
2036 3237 2071 3270 in

1186 3288 1242 3322 sua
1261 3288 1380 3329 Sensa,
1406 3300 1443 3323 ac
1465 3287 1510 3323 ita
1535 3287 1594 3327 sub
1614 3287 1684 3334 ejus
1707 3289 1812 3325 verbis
1828 3286 1941 3324 securi'
1955 3288 2071 3322 latere.

1190 3338 1282 3373 Hinc
1294 3340 1426 3373 Sanetus
1448 3338 1596 3383 Cyrinus
1618 3340 1723 3385 pergit
1734 3338 1980 3375 ‹it-..Venerabili
1995 3336 2072 3370 Ma-

1191 3388 1303 3425 ximo:
1329 3393 1405 3423 Cum
1428 3401 1474 3424 me
1486 3388 1663 3427 adhortatus
1685 3391 1751 3435 esset
1761 3388 1988 3436 Religtofifflmus
1997 3390 2070 3423 Dia,

1937 3445 2023 3470 conus
