2320 3730
559 186 870 241 Sctrotns,
908 196 970 226 ετ
1005 178 1199 225 Nous
1233 190 1627 223 lttusrnmffi.

183 268 302 304 stolam
319 279 327 301 ι
352 267 397 303 Et
412 263 504 310 quod
516 263 670 311 Pelagius
695 265 852 300 secundus
863 261 1019 298 Pontifex
1032 260 1065 294 in

180 318 301 353 fitteris
318 317 358 351 ad
371 315 480 349 Eliam
505 313 749 359 Aquilejensem
773 327 812 350 ac
833 315 916 350 alios
938 310 1068 345 Histriae

185 368 361 412 episcopos
383 365 503 409 scripsit
514 366 608 400 fuisse
626 366 778 409 scripturn
789 365 830 400 ad
844 361 1068 398 Alexandrum

186 417 289 461 ,Syriz
299 414 540 457 Palestinorum
552 414 721 450 Praesulem
734 440 742 449 .
755 415 903 449 Gratiam
914 412 1069 447 debemus

184 465 364 502 caffinenfi
383 465 489 500 codici
510 490 521 506 ‚
549 468 605 510 qui
627 466 735 500 lucem
759 465 849 499 dedit
874 462 962 496 hisce
983 471 1068 495 tene-

183 516 267 552 bris.
292 516 398 563 Qod
419 515 550 559 Papalis
574 516 663 550 istius
675 514 826 560 Epistolae
837 513 985 546 Dictator
997 509 1069 543 Ma-

183 576 271 613 gnus
296 566 474 611 Gregorius
499 565 665 611 scripsisset
684 588 696 605 ,
720 567 810 604 syrtae
832 561 1066 604 Palfflinorum,

184 627 353 660 nunquam
375 614 544 650 credidero
565 629 572 648 :
611 614 775 650 Existimo
809 611 961 656 scripsisse
979 613 1067 649 Syrtae

186 664 465 709 Euphratefiorum.
492 666 642 703 Errorest
662 663 704 699 ab
717 662 927 708 antiquariis.
952 659 1069 695 Theo·

181 715 315 752 ,doretus
324 715 411 760 apud
429 714 654 751 Alexandrum
673 723 742 750 erat
755 713 881 748 delatus
892 712 933 747 de
951 710 1068 745 variis.

182 765 318 807 Primo,
344 765 434 810 quod
455 765 573 811 Joanni
588 762 778 799 Patriarchae
800 761 990 807 promisisset
1011 758 1064 794 ad-

182 815 313 853 mittere
322 814 568 850 damnationem
589 814 755 849 Nestorii.
782 811 953 852 Secundo,
977 808 1067 857 quod

183 866 307 910 Cyrilli
328 865 369 901 ad
381 864 615 903 Berrhaeensem
628 864 790 903 Acacium
811 864 934 903 litteras
943 859 1068 907 probas-

183 917 257 956 set,
280 914 494 958 &judicasset
503 913 725 949 orthodoxas.
752 912 895 954 Tertio,
921 910 1010 956 quod
1023 907 1068 943 ob

184 966 269 1009 ipsas
290 964 477 1000 decrevisset
497 965 530 999 in
543 976 656 1008 pacem
676 964 859 998 consentire
874 986 886 1002 ‚
911 962 946 997 ἀ
959 959 1068 1009 Cyril·

184 1015 256 1050 lum
278 1014 314 1049 in
324 1015 592 1050 communionem
615 1013 803 1049 admittere.
833 1012 881 1046 At
904 1010 981 1046 vero
994 1009 1067 1043 Ale-

183 1064 308 1100 xander
325 1063 526 1099 aversabatur
547 1061 613 1097 haec
632 1063 747 1098 omnia
768 1075 781 1095 s
807 1061 927 1106 Cyrilli
947 1061 1068 1095 litteras

181 1110 333 1148 censebat
352 1111 503 1154 dolosas,
527 1111 686 1156 &plenas
708 1112 801 1146 omni
815 1135 826 1151 ,
852 1111 1007 1146 obvelato
1023 1120 1067 1144 ta-

181 1172 259 1197 men
283 1186 295 1203 ,
321 1161 554 1205 Capitulorum
590 1172 721 1196 veneno
743 1186 751 1194 .
781 1162 876 1197 Hinc
915 1160 1068 1195 invitavit

181 1210 439 1247 Theodoretum
454 1236 465 1253 ‚
485 1212 710 1250 instruendum
732 1222 791 1253 ,ac
802 1209 1031 1250 divertendum
1050 1209 1067 1242 a

181 1272 281 1307 pace.
308 1261 357 1296 At
378 1261 456 1296 verd
476 1260 779 1302 hiesseexeusavin
805 1260 1014 1304 &respondit
1027 1259 1067 1292 ad

181 1309 307 1357 singula
330 1336 338 1344 .
366 1309 480 1346 Primo
502 1336 513 1352 ,
549 1316 593 1356 qu
616 1310 637 1348 d
658 1310 803 1351 Nestorii
823 1310 1068 1348 damnationem

181 1371 353 1405 nunquam
372 1359 574 1396 admitteret:
627 1369 646 1409 Xt
669 1361 759 1405 quod
782 1361 922 1409 Joannes
935 1360 1068 1395 Patriar·

182 1411 247 1446 cha
260 1410 384 1455 optime
393 1411 498 1445 nosset
511 1409 597 1446 hanc
607 1412 676 1455 ejus
687 1411 909 1446 constantiam
919 1436 926 1443 .
956 1409 1071 1454 Utpo-

182 1461 217 1496 te
225 1459 284 1506 qui
306 1471 433 1495 memor
452 1461 491 1494 sit
502 1472 615 1498 eorum
628 1486 640 1503 ,
666 1473 737 1505 quae
755 1463 823 1496 asta
836 1463 911 1496 sunt
928 1459 1047 1504 Ephesi
1058 1484 1069 1502 ,

182 1508 396 1546 Chalcedone
406 1535 417 1552 ,
429 1509 547 1545 Tharsi
560 1522 618 1552 ,ac
630 1521 732 1555 nuper
742 1510 944 1545 Antiochiae.
967 1510 1069 1545 Dein-

183 1559 249 1603 de,
273 1559 365 1604 quod
384 1559 508 1594 litteras
519 1560 640 1603 Cyrilli
663 1560 805 1595 omnino
825 1560 984 1603 judicaret
1007 1560 1069 1594 Ca·

182 1608 343 1649 tholicas,
369 1609 583 1644 &manifeste
602 1610 780 1645 contrarias
800 1609 964 1654 Capitulis
991 1634 998 1642 .
1026 1609 1069 1643 Et

182 1658 276 1706 quod
287 1658 487 1694 occultatum
499 1659 535 1693 in
546 1659 593 1694 eis
603 1671 765 1695 venenum
785 1660 820 1694 ἀ
829 1659 989 1694 malitiam
1001 1669 1068 1693 non

184 1708 289 1754 posset
299 1708 508 1752 introspicere
518 1734 526 1742 .
552 1709 698 1745 Proinde
707 1709 941 1745 Theodoretus
952 1708 1071 1747 assidue

183 1758 325 1803 profecit
336 1758 371 1792 in
383 1758 450 1793 istis
461 1757 575 1794 litteris
588 1785 596 1792 .
623 1760 760 1795 Etenim
770 1761 826 1804 qui
838 1761 878 1795 ad
892 1759 1070 1795 Berrhaeen·

183 1810 251 1843 sem
276 1807 437 1843 Acacium
460 1809 502 1844 de
531 1810 603 1853 ipsis
621 1810 783 1854 scripserat
807 1834 818 1850 ,
856 1811 979 1853 Aliqua:
1001 1813 1070 1843 verb

185 1857 326 1900 Epistolae
343 1866 447 1899 partes
468 1859 570 1892 multis
590 1861 659 1892 vidi
685 1858 882 1893 volutionibus
903 1861 1072 1894 &multilo-

185 1912 267 1951 quiis
274 1906 363 1949 falsis
370 1909 480 1950 plenas
492 1931 503 1948 ,
528 1907 593 1950 jam
604 1907 712 1943 scribit
725 1909 852 1943 nullum
865 1910 883 1943 ὲ
900 1908 974 1944 sein
986 1909 1052 1944 illis
1062 1932 1072 1949 ,

185 1957 362 1999 nequidem
383 1957 607 1998 occultatum,
635 1959 775 1993 inveniri
799 1970 983 1994 venenum.
1010 1959 1071 1993 At-

184 2016 297 2042 tamen
320 2006 470 2052 adjungit
492 2006 550 2041 has
575 2006 631 2040 fibi
656 2007 776 2042 litteras
802 2009 843 2043 ad
868 2020 979 2053 pacem
1001 2020 1069 2043 non

184 2057 348 2091 sufficere.
377 2055 460 2091 Vult
476 2056 494 2090 a
519 2056 649 2099 Cyrillo
665 2058 796 2100 insuper
813 2058 944 2091 admitti
967 2057 1071 2091 Nicae-

183 2116 267 2142 num
281 2103 496 2149 Symbolum.
523 2105 578 2139 De
599 2104 915 2141 anathematizandis
936 2106 1069 2150 Capitu-

183 2156 225 2190 lis
245 2156 374 2200 penitus
390 2164 476 2190 tacet
499 2180 507 2187 .
535 2154 778 2199 Dispensatoris.
801 2181 809 2188 .
846 2155 950 2203 Quod
971 2156 1070 2190 vellet

184 2214 360 2241 contentus
380 2206 443 2239 esse
454 2203 614 2246 Symbolo
635 2216 673 2239 ac
687 2205 832 2249 Epistola
845 2228 857 2244 ,
880 2205 965 2239 &fic
975 2205 1071 2250 Capi-

185 2254 255 2290 tula
274 2253 390 2288 habere
412 2265 471 2297 pro
491 2253 637 2296 abJeffis.
666 2254 834 2289 SubneGit
855 2253 933 2288 vero
956 2256 989 2289 se
1002 2256 1073 2298 qui·

186 2305 262 2339 dem
277 2304 461 2338 consentire
474 2303 508 2337 in
520 2314 631 2346 pacem
645 2328 656 2345 ‚
681 2301 722 2338 de
732 2303 819 2339 felici
832 2314 940 2339 tamen
952 2305 1072 2339 succes-

186 2356 224 2389 su
236 2354 399 2397 desperare
414 2377 426 2393 ‚
454 2351 591 2398 ideoque
602 2354 764 2388 mandasse
775 2354 821 2388 sui
834 2379 846 2394 ,
871 2355 908 2388 in
920 2365 986 2397 quo
998 2354 1074 2389 Mo-

187 2403 332 2438 nachum
357 2403 505 2436 induerat
524 2426 536 2442 ‚
562 2402 718 2436 Coenobii
739 2402 868 2437 Archi·
881 2402 1074 2442 Mandritae‚

187 2462 224 2486 ut
235 2451 294 2485 fibi
306 2451 539 2495 Episcopatum
561 2450 746 2494 depofituro
766 2462 805 2489 ac
816 2449 896 2488 illuc
905 2451 1049 2489 redituro
1062 2478 1074 2497 ‚

188 2511 309 2537 novam
320 2499 448 2537 Cellam
460 2499 630 2536 aedificaret
639 2525 649 2535 .

393 2809 651 2859 CAPUT
688 2811 871 2861 LXVII.
906 2824 1064 2870 -155

194 2998 361 3069 Epistola
406 3001 627 3046 Maximini
681 2996 856 3070 Epfiopi
889 3005 1071 3064 Ana-zar.

416 3069 453 3117 bi
493 3068 545 3116 ad
592 3065 853 3119 Alexandrum

507 3135 761 3207 Episcopum·

280 3299 392 3333 Itteras
405 3298 526 3342 suscepi
539 3297 679 3334 Domini
692 3300 756 3335 mei
767 3302 842 3337 Deo
852 3301 1048 3339 Amiciffimi
1060 3328 1071 3345 ,

305 3349 339 3382 δε
373 3348 564 3383 Sanffiffimi
605 3348 757 3394 Episcopi
785 3351 918 3395 loannis
939 3379 951 3397 ‚
985 3354 1070 3398 quafi

298 3396 404 3440 christ.
417 3402 499 3443 Lupi
509 3402 608 3442 opera
618 3400 652 3433 r.
665 3403 731 3434 m

1847 196 1936 240 193

1130 259 1316 306 AEgyptius
1347 259 1645 295 anathematizasset
1667 260 1911 306 Apollinarium
1931 290 1943 307 ‚
1969 265 2007 301 δε

1131 310 1355 350 Eunomium,
1380 311 1413 345 &
1438 310 1556 345 Arium
1577 334 1588 350 ,
1613 310 1647 344 δε
1666 322 1725 346 eos
1743 316 1798 356 qui
1820 317 1937 351 dieunt
1957 327 2007 350 re-

1128 360 1328 395 mixtionem
1340 362 1456 395 fabiam
1469 383 1480 400 ‚
1504 360 1584 395 duas
1595 371 1704 395 autem
1732 372 1860 397 naturas
1880 367 2007 400 confes-

1129 411 1181 444 sus
1205 411 1297 445 fuiffe
1308 411 1496 446 Dominum
1521 410 1667 445 nostrum
1692 411 1799 454 Iesum
1822 411 2008 448 Christum.

1128 459 1174 494 Et
1186 460 1370 509 simpliciter
1381 486 1391 502 ‚
1418 471 1455 496 ut
1466 472 1535 495 non
1549 460 1638 506 plura
1649 459 1755 495 dicam
1768 486 1780 505 ,
1807 461 1918 498 laudat
1929 474 2006 498 eum

1128 508 1169 543 de
1181 508 1253 551 his,
1279 522 1348 554 quae
1359 522 1460 555 nuper
1470 511 1720 556 dogmatizavit.
1748 510 1847 545 Alius
1867 509 1943 546 vero
1953 511 2010 545 ali-

1128 559 1219 601 quis,
1245 570 1328 595 unus
1338 572 1378 595 ex
1391 560 1509 605 hisqui
1532 560 1679 606 diligunt
1698 572 1780 602 nos,
1807 560 1928 596 direxit
1950 573 2009 595 no-

1127 607 1178 642 bis
1187 611 1349 654 exemplar
1363 611 1516 657 Epistolae
1530 636 1541 652 ‚
1566 622 1637 653 quae
1649 611 1691 646 ab
1703 611 1873 660 AEgyptio
1884 612 1924 646 ad
1938 611 2010 645 Do-

1128 658 1253 692 minum
1265 671 1376 694 meum
1392 661 1469 697 Deo
1481 660 1722 696 Amiciffimum
1744 661 1907 696 Acacium
1932 660 2010 705 Epi-

1128 710 1262 752 scopum
1274 709 1389 752 scripta
1401 710 1446 743 est
1464 735 1476 751 ,
1501 711 1751 746 confirmantem
1770 711 1903 756 quidem
1923 712 2007 755 prio·

1127 770 1161 793 ra
1183 758 1357 801 Capitula,
1383 759 1417 793 &
1438 761 1564 794 fortiter
1588 761 1764 797 instantem
1776 773 1836 806 pro
1865 763 1912 796 eis
1920 774 1935 804 ;
1961 761 2010 795 di·

1128 817 1257 843 centem
1267 807 1344 842 vero
1354 819 1424 842 non
1436 809 1469 843 se
1481 812 1800 851 communicaturum
1815 811 1911 849 nobis
1921 834 1933 852 ,
1959 811 2010 845 ni-

1128 859 1151 892 si
1176 855 1555 895 anathematizaverimus
1582 860 1768 896 Dominum
1795 873 1905 897 meum
1931 862 2011 897 Deo

1129 908 1372 945 Amicissimum
1383 934 1394 950 ,
1420 908 1454 942 &
1466 908 1706 944 Sanstiffimum
1718 912 1920 957 Episcopum
1943 911 2011 946 Ne-

1129 958 1261 993 storium
1273 981 1284 997 ,
1310 958 1474 1003 fidemque
1485 959 1582 1002 ipsius
1594 984 1601 991 .
1628 957 1705 1004 Ego
1717 961 1794 993 vero
1806 961 1871 996 haec
1898 962 2011 1007 legens

1128 1010 1160 1045 &
1184 1009 1261 1049 illa,
1288 1008 1431 1042 nimium
1461 1009 1584 1042 incurri
1606 1017 1793 1051 torporem,
1818 1011 2008 1046 &incertus

1131 1061 1222 1100 sum,
1248 1067 1358 1092 utrum
1381 1059 1529 1101 praefatus
1542 1057 1760 1093 sanaiffimus
1786 1058 2013 1094 Antiocheno-

1130 1120 1202 1144 rum
1214 1107 1370 1142 Civitatis
1383 1109 1562 1152 Episcopus
1572 1106 1627 1141 illa
1641 1107 1822 1142 laudaverit
1833 1132 1844 1148 ,
1870 1119 1912 1140 an
1931 1109 1992 1143 alia
2003 1136 2011 1144 .
2066 1122 2069 1125 ’

1130 1160 1297 1203 Dignetur
1316 1157 1419 1202 igitur
1440 1167 1496 1192 tua
1520 1156 1676 1192 Sanffltas
1690 1182 1701 1198 ,
1729 1157 1836 1201 quaeso
1865 1157 2015 1194 Domine

1131 1209 1177 1243 mi
1202 1210 1236 1243 ὅ(
1247 1208 1470 1249 Amicissime,
1497 1205 1583 1242 hanc
1596 1206 1781 1253 angustiam
1799 1206 1944 1241 nostram
1955 1208 2014 1244 sol·

1133 1270 1205 1294 vere
1217 1282 1228 1299 ,
1254 1259 1288 1292 ὅ(
1299 1269 1355 1301 per
1367 1257 1549 1301 Epistolam
1563 1268 1624 1292 nos
1641 1258 1778 1300 docere,
1804 1256 1885 1302 quid
1897 1256 2013 1293 horum

1130 1309 1168 1343 sit
1190 1307 1314 1343 verius.
1341 1308 1433 1342 Dum
1457 1307 1534 1347 verd
1551 1308 1719 1343 intraverit
1730 1307 1832 1343 vestra
1855 1308 2014 1343 Sanctitas

1133 1356 1370 1399 Antiochiam,
1396 1368 1478 1393 mox
1490 1356 1574 1394 mihi
1587 1358 1724 1403 dignare
1746 1367 1802 1392 tua
1820 1358 1945 1402 Scripta
1967 1358 2016 1393 di-

1132 1409 1256 1454 rigere,
1280 1408 1316 1442 &
1328 1407 1463 1443 universi
1479 1408 1642 1444 continuo
1656 1408 1774 1452 pariter
1785 1407 2013 1454 ingrediemur.

1136 1463 1239 1496 Orare
1251 1457 1328 1492 vero
1339 1469 1397 1502 pro
1408 1458 1504 1493 nobis
1514 1481 1526 1498 ‚
1549 1459 1584 1493 δε
1593 1469 1652 1503 pro
1662 1459 1714 1502 pia
1727 1470 1806 1503 pace
1827 1459 2014 1495 Sanctarum

1135 1509 1345 1547 Ecclefiamm
1365 1507 1556 1548 incessanter
1572 1534 1584 1555 ,
1611 1510 1736 1554 quaeso‚
1763 1508 1914 1557 dignare.

1322 1665 1827 1711 Senorlou.

1243 1810 1312 1844 AEc
1332 1811 1466 1854 epistola
1487 1810 1603 1854 scripta
1625 1812 1671 1846 est
1692 1812 1762 1855 post
1773 1813 2016 1848 convocatam&

1267 1861 1395 1904 Joanne
1415 1859 1600 1894 Patriarcha
1613 1860 1860 1896 Antiochenam
1871 1874 1912 1896 ex
1924 1862 2020 1897 adve-

1133 1908 1185 1942 nis
1196 1908 1366 1953 Episcopis
1377 1909 1549 1953 Synodum
1562 1910 1595 1944 in
1607 1921 1670 1954 qua
1681 1911 1881 1947 trastandum
1892 1921 1957 1946 erat
1975 1913 2017 1946 de

1133 1959 1309 1995 formando
1329 1959 1500 2003 Rescripto
1523 1961 1562 1994 ad
1585 1960 1709 1995 litteras
1718 1972 1798 2004 quas
1810 1963 1956 2004 Cyrillus
1973 1973 2019 1995 re·

1133 2008 1297 2050 scripserat
1316 2006 1511 2043 Berrhaeensi
1534 2008 1661 2043 Acacio
1674 2035 1681 2043 .
1710 2010 1765 2044 Ad
1790 2021 1861 2045 eam
1876 2011 2018 2053 Joannes

1132 2056 1284 2090 invitarat
1304 2082 1316 2098 ‚
1338 2057 1472 2101 quidem
1504 2057 1731 2094 Alexandrum
1764 2071 1803 2094 ac
1825 2060 2019 2095 Theodore-

1131 2115 1202 2140 tum
1214 2130 1225 2146 ‚
1251 2106 1305 2141 sed
1318 2106 1446 2141 nullum
1458 2106 1559 2141 alium
1573 2133 1579 2140 .
1606 2107 1699 2143 Hinc
1710 2110 1795 2144 varia
1814 2110 1899 2155 apud
1913 2112 2021 2145 varios

1135 2156 1299 2199 suspicio,
1326 2157 1412 2191 varia
1434 2156 1672 2201 Episcoporurn
1696 2158 1817 2202 judicia
1836 2186 1847 2202 ,
1875 2171 2021 2195 rumores

1133 2205 1227 2239 varii.
1257 2205 1302 2238 Et
1324 2205 1397 2249 ipsis
1415 2207 1654 2249 componendis
1679 2207 1820 2250 Joannes
1839 2210 1880 2244 ad
1902 2221 2019 2245 omnes

1135 2256 1208 2288 suos
1221 2254 1456 2299 Metropolitas
1468 2256 1589 2299 scripsit
1600 2257 1802 2299 encyclicam
1824 2259 1993 2302 epistolam
2005 2284 2019 2300 ‚

1133 2304 1297 2339 affirmans
1309 2302 1399 2348 quod
1421 2305 1565 2347 Cyrillus
1582 2306 1616 2340 in
1630 2307 1694 2340 suis
1704 2307 1819 2342 litteris
1830 2308 2019 2344 anathema-

1134 2353 1255 2388 tizasset
1263 2353 1509 2398 Apollinarium
1522 2379 1533 2396 ,
1545 2356 1662 2391 Arium
1675 2381 1686 2398 ,
1710 2358 1918 2394 Eunomium
1928 2384 1938 2401 ‚
1949 2372 2019 2395 om·

1135 2404 1253 2448 nesque
1273 2405 1476 2438 confusionis
1495 2416 1551 2440 aut
1571 2407 1744 2441 mixtionis
1764 2407 1955 2452 fabulones;
1981 2410 2019 2445 δε

1135 2452 1224 2497 quod
1250 2453 1285 2487 in
1313 2451 1444 2488 Christo
1456 2454 1608 2490 Domino
1622 2457 1698 2490 esset
1709 2458 1863 2500 professus
1876 2459 1955 2494 duas
1967 2470 2019 2493 na-

1135 2514 1221 2538 turas
1243 2528 1251 2536 .
1278 2502 1383 2550 Qod
1413 2503 1489 2539 esset
1522 2504 1615 2548 plene
1645 2505 1851 2543 orthodoxus
1880 2508 2020 2554 ideoque

1136 2552 1364 2597 componenda
1374 2564 1438 2597 pax
1448 2554 1524 2589 esset
1536 2555 1569 2588 in
1582 2554 1697 2597 januis.
1721 2556 1768 2591 At
1779 2568 1853 2593 ecce
1861 2558 2019 2594 Maximi-

1137 2614 1198 2638 nus
1221 2602 1383 2637 Anazarbi
1407 2603 1607 2649 Episcopus,
1634 2605 1780 2641 secundae
1798 2606 1925 2644 Ciliciae
1943 2610 2017 2645 Me-

1135 2652 1288 2697 tropolita
1298 2676 1309 2693 ‚
1334 2653 1465 2689 interim
1482 2655 1501 2689 a
1514 2656 1623 2690 nescio
1638 2667 1706 2701 quo
1717 2658 1842 2703 accepit
1853 2660 2017 2704 exemplar

1134 2702 1314 2738 litterarum
1337 2703 1456 2748 Cyrilli
1468 2729 1481 2746 ,
1505 2706 1541 2740 δε
1562 2705 1621 2740 fibi
1642 2707 1731 2743 visus
1741 2708 1787 2743 est
1803 2708 1914 2744 inillis
1927 2710 2018 2746 inve·

1135 2754 1215 2788 nisse
1235 2754 1348 2788 omnia
1359 2755 1519 2790 contraria
1532 2781 1541 2790 .
1567 2756 1698 2792 Invenit
1713 2757 1802 2794 enim
1812 2784 1824 2801 ‚
1849 2760 1939 2804 quod
1950 2761 2016 2804 Cy·

1133 2803 1224 2837 rillus
1245 2804 1301 2838 sua
1320 2803 1389 2839 illie
1411 2805 1583 2842 confirmet
1604 2807 1755 2852 Capitula
1771 2832 1782 2849 ,
1806 2809 1841 2844 δε
1863 2810 2015 2845 asseveret

1134 2864 1301 2896 nunquam
1325 2853 1499 2890 deserenda
1525 2870 1537 2891 .·
1562 2857 1606 2891 Et
1626 2857 1756 2902 insuper
1775 2858 1872 2894 addat
1891 2859 2015 2893 nullam

1132 2905 1195 2937 effe
1205 2904 1294 2947 spem
1317 2905 1417 2948 pacis,
1446 2905 1504 2941 nisi
1515 2907 1700 2942 Orientales
1722 2908 1875 2952 Episcopi
1884 2907 2017 2944 anathe-

1132 2953 1291 2988 matizent
1311 2954 1455 2990 Nestorii
1478 2956 1633 3002 dogmata
1653 2968 1663 2999 ;
1688 2957 1722 2992 δε
1741 2957 1918 2994 admittant
1945 2959 2015 3003 ejus

1132 3002 1400 3048 degradationem
1424 3031 1431 3039 .
1457 3005 1538 3041 Haec
1565 3006 1738 3041 turbarunt
1763 3008 2012 3044 Maximinum:

1132 3054 1293 3089 Fecerunt
1314 3056 1490 3100 cespitare,
1516 3067 1557 3090 an
1581 3057 1689 3090 forsan
1709 3057 1850 3100 Joannes
1861 3059 2015 3094 nonlau-

1133 3102 1233 3138 dasset
1253 3105 1351 3139 aliam
1370 3105 1682 3150 CyrilliEpistolam
1695 3131 1703 3139 .
1730 3106 1775 3141 Et
1785 3108 1923 3144 credidit
1935 3108 2014 3144 Ale·

1135 3153 1295 3189 xandrum
1315 3157 1530 3199 prosediurum
1543 3155 1584 3189 ad
1599 3155 1692 3190 istam
1702 3156 1890 3200 Synodum.
1918 3158 2012 3195 Hinc

1133 3205 1236 3247 ipsum
1257 3215 1353 3250 rogat
1374 3206 1454 3239 duo.
1480 3205 1615 3246 Primo,
1640 3216 1678 3240 ut
1698 3206 1800 3242 solvat
1810 3206 1906 3251 hujus
1915 3209 2010 3244 dubii

1133 3253 1332 3299 angustiam.
1360 3254 1516 3296 Deinde,
1542 3264 1578 3289 ut
1601 3256 1757 3301 dignetur
1767 3259 1882 3294 referre
1892 3260 2013 3294 succes-

1133 3305 1203 3337 sum
1214 3304 1339 3347 Synodi
1352 3330 1359 3337 .
1387 3305 1431 3339 Et
1442 3304 1591 3350 adjungit
1606 3319 1614 3339 :
1639 3307 1775 3350 Univerfi
1784 3314 1903 3351 parim
1916 3314 2012 3352 ingre·

1130 3355 1244 3388 dicmur
1260 3380 1269 3388 .
1297 3354 1451 3391 Universi
1484 3355 1707 3402 Metropolitas
1730 3381 1744 3400 ‚
1770 3369 1808 3394 ac
1838 3359 2009 3404 Episcopi.

1646 3405 1681 3442 R
1876 3405 1964 3440 ludi-
