2320 3730
587 165 902 221 senona,
943 176 1005 206 ετ
1042 160 1235 208 Nous
1268 173 1665 206 utusritnrffl.

218 250 401 297 schismata
431 253 465 284 In
485 261 542 292 quo
562 257 654 284 etiam
677 263 755 285 nunc
773 250 994 295 perseverant,
1021 259 1111 291 neque

221 304 286 337 ulla
305 312 401 338 eorum
421 306 454 334 in
465 302 681 335 conditionibus
692 328 702 343 ,
729 304 766 336 de
780 303 955 336 Sanllarum
973 298 1109 341 Ecclesia-

219 363 292 388 rum
306 361 381 393 pace
400 351 575 394 propofitis,
602 353 640 393 est
646 353 736 395 falla
754 357 885 387 mentio.
913 352 993 385 Hoc
1009 350 1110 395 igitur

221 402 378 437 Trastatu
401 403 583 445 pendente,
610 404 644 437 ὅ(
662 403 758 437 variis
779 401 964 438 rumoribus
988 401 1109 442 ubique

220 451 478 486 discurrentibus
489 477 500 494 ‚
525 453 643 487 anxius
656 453 828 490 Himerius
838 453 1022 495 Strategum
1031 451 1108 484 Dia-

220 512 347 536 conum
373 503 464 537 suum
486 503 608 548 legavit
629 502 664 537 in
677 504 869 541 Orientem,
894 511 970 534 curn
996 500 1109 534 litteris

219 551 262 586 ad
282 552 476 590 Helladium
498 565 536 587 ac
553 552 824 591 Theodoretum.
851 551 998 585 Forfitan
1020 549 1107 583 &ad

217 602 320 639 alios.
348 603 391 641 Ei
403 601 637 638 Theodoretus
655 602 812 646 rescripsit
831 601 1018 646 praesentem
1032 599 1109 648 Epi-

214 651 359 691 stolam,

270 703 317 737 Et
328 701 424 746 hujus
439 703 592 738 meminit
604 701 756 747 Pelagius
779 701 937 738 secundus
949 699 1109 736 Pontifex

216 752 257 786 in
269 752 386 787 litteris
408 754 448 788 ad
461 754 568 788 Eliam
579 752 824 796 Aquilejensem
840 776 851 792 ‚
877 752 1024 795 aliosque
1047 750 1108 783 Hi·

219 802 312 837 strici
345 802 523 838 schismatis
544 802 723 847 Episcopos
746 828 753 835 .
783 803 889 847 Ipsam
912 803 1007 837 refert
1025 802 1110 834 inter

216 853 318 887 ,devia
331 852 539 888 Theodoreti
554 853 696 896 Scripta,
725 864 795 895 quae
817 853 935 887 merito
956 852 1109 886 damnata

221 903 287 937 fint
309 904 343 937 in
356 914 387 950 ς.
410 904 586 938 Concilio.
614 904 805 944 Himerium
828 903 970 946 appellat
992 900 1110 934 Aeme·

223 955 336 988 rium‘.
365 954 540 994 Existimo
563 954 626 990 esse
649 954 806 997 posterius
826 952 990 986 Mendum
1014 950 1109 984 Anti·

219 1005 329 1048 quarii
342 1027 350 1035 .
378 1002 526 1042 Adducit
538 1002 605 1042 haec
617 1003 768 1044 Epistolae
787 1001 882 1035 verba
894 1015 906 1035 .·
935 1004 1110 1033 Damnatio-

222 1060 257 1087 πὶ
281 1054 445 1086 venerandi
465 1051 683 1091 &sanlltfflmi
703 1049 843 1096 Epiftopl
866 1050 994 1092 Nestorii
1006 1075 1017 1092 ,
1043 1062 1110 1093 quae

210 1102 307 1147 falla
317 1102 426 1134 dicitur
435 1126 446 1141 ,
459 1111 517 1139 non
530 1100 666 1135 debemus
672 1102 808 1144 praebere
818 1100 986 1145 consensum
1000 1126 1006 1133 .
1036 1101 1111 1135 Cas-

220 1151 352 1186 finenfis
365 1150 481 1191 Codex
500 1150 542 1184 fic
565 1150 681 1185 habet:
710 1154 754 1183 Ει
771 1154 840 1186 verb
853 1175 864 1191 ‚
894 1164 961 1193 quae
981 1152 1089 1184 dicitur
1103 1172 1113 1188 ‚

220 1203 409 1235 damnationi
442 1202 613 1241 Sandtffimi
646 1203 679 1235 (ν
702 1205 764 1236 Deo
794 1202 950 1241 amiciffimi
974 1199 1113 1244 Episcopi

221 1251 497 1298 Nestoriisminim?
520 1251 727 1294 assentiamus.
752 1251 804 1284 Ex
826 1251 945 1295 quibus
960 1251 1044 1285 lucet
1057 1251 1112 1284 Pa·

222 1302 307 1346 palis
328 1301 482 1345 Epistolae
503 1302 703 1336 Distatorem
727 1301 895 1347 Magnum
912 1301 1112 1346 Gregorium

224 1352 323 1386 fuisse
343 1353 438 1386 usum
460 1351 524 1385 alia
550 1352 764 1386 translatione
785 1377 796 1393 ,
821 1352 954 1395 alioque
981 1350 1113 1385 codice.

224 1401 286 1436 Est
312 1401 388 1435 usus
401 1401 615 1441 translatione
626 1401 727 1441 Marii
740 1402 952 1437 Mercatoris.
982 1402 1115 1436 Etenim

225 1451 315 1495 apud
329 1450 418 1490 bunc
428 1452 531 1489 exstat
542 1453 765 1496 fragmentum
778 1451 873 1496 hujus
883 1451 1051 1496 Epistolae:
1074 1451 1117 1484 Et

225 1501 330 1536 habet
341 1501 455 1541 eadem
474 1499 568 1541 verba
590 1524 598 1539 .-
626 1502 696 1536 Hic
717 1502 833 1537 damus
854 1502 1016 1547 integram
1036 1503 1118 1546 Epi-

225 1551 346 1586 stolam
359 1575 370 1591 ‚
395 1551 538 1586 &aliam
558 1551 625 1594 ejus
646 1552 892 1592 translationem
905 1576 912 1584 .
940 1553 996 1586 Ad
1017 1553 1117 1585 finem

224 1602 368 1635 tamena
380 1601 495 1640 Mario
506 1601 688 1637 Mercatore
711 1600 917 1636 adducuntur
939 1612 1042 1645 pauca
1055 1612 1121 1635 ver·

225 1649 268 1685 ba
282 1675 293 1692 ‚
319 1660 388 1694 quae
408 1650 504 1690 nobis
525 1650 659 1685 desunt.
688 1651 772 1686 Sunt
783 1651 1023 1686 antedistorum
1034 1662 1119 1695 repe·

224 1701 307 1734 titio
317 1724 328 1741 ,
340 1700 480 1745 ideoque
492 1700 643 1736 videntur
653 1702 716 1735 effe
729 1700 993 1736 additamentum
1006 1726 1017 1742 ,
1030 1700 1119 1746 quod

225 1748 465 1795 Theodoretus
481 1761 540 1794 pro
562 1751 717 1790 Nestorio
739 1752 781 1787 ad
803 1752 949 1786 Himerii
973 1752 1121 1786 consola-

225 1802 356 1836 tionem
375 1801 454 1840 ,fecit
464 1801 589 1844 propria
601 1813 701 1836 manu
714 1826 722 1833 .

279 1850 518 1888 Theodoretus
540 1851 655 1886 eadem
673 1851 786 1885 omnia
808 1875 818 1891 ,
845 1862 915 1895 quae
938 1850 1121 1891 Helladio‚

227 1900 388 1943 rescripsit
409 1900 584 1934 Himerio.
613 1901 657 1935 Et
674 1902 826 1944 adjunxit
848 1902 960 1945 plura:
988 1900 1121 1941 Primo,

228 1951 371 1984 summas
393 1949 524 1991 laudeS,
551 1949 595 1984 ob
617 1950 713 1994 hujus
736 1951 1023 1985 obstinatissimam
1045 1963 1121 1985 con·

228 2000 407 2034 tumaciam
437 2000 586 2038 adversus
611 2000 805 2044 Ephefinam
835 2001 1008 2043 Synodum
1033 2026 1041 2033 .
1077 2001 1120 2034 Et

229 2049 310 2085 ideo
332 2049 419 2085 hanc
445 2050 647 2094 Epssiolam,
670 2049 711 2084 de
735 2063 799 2094 qua
823 2050 980 2085 hodierna
1001 2050 1121 2091 quintae

227 2098 359 2143 Synodi
378 2099 459 2133 Aeta
481 2099 598 2136 diserte
608 2098 942 2138 nonffneminerunn
968 2099 1052 2133 inter
1065 2098 1119 2132 da-

227 2159 357 2184 mnatas
379 2148 490 2185 retulit
511 2160 566 2193 per
591 2150 762 2193 Pelagium
783 2149 963 2185 secundum
989 2161 1027 2184 ac
1049 2148 1120 2183 Ma-

227 2211 334 2245 gnum
355 2199 555 2243 Gregorium
579 2199 733 2232 Romana
757 2199 920 2237 Ecclesia.
948 2197 1120 2239 Secundo,

229 2248 359 2284 addidit
371 2249 402 2281 se
413 2247 548 2292 quidem
562 2249 756 2287 consuetum
768 2248 871 2282 adeste
881 2249 964 2282 olim
976 2249 1120 2292 frequen-

229 2310 280 2333 ter
293 2297 519 2332 Antiochenis
529 2298 672 2341 Synodis
685 2322 696 2338 ‚
722 2310 759 2333 ac
772 2298 817 2333 ob
828 2298 907 2332 alias
920 2299 1000 2332 item
1012 2299 1121 2332 causas

230 2349 305 2383 istic
326 2349 470 2392 morari‚·
495 2359 607 2382 verum
632 2348 849 2393 amultojam
861 2359 1009 2392 tempore
1030 2348 1119 2382 domi

231 2409 383 2438 manere,
407 2398 559 2435 &solum
582 2397 730 2434 habitare
754 2397 841 2440 apud
865 2399 1119 2441 se-met-ipsum.

233 2448 366 2490 Nempe
381 2445 427 2480 ob
449 2456 541 2480 natas
551 2456 626 2481 cum
639 2447 765 2489 Joanne
778 2446 965 2484 Patriarcha
975 2448 1120 2491 quaestio·

233 2507 292 2531 nes
303 2497 389 2530 circa
401 2496 489 2542 pacis
500 2497 671 2540 negotium
684 2509 693 2539 ;
721 2497 862 2541 Joannes
871 2498 962 2532 enim
972 2497 1119 2533 constan-

232 2556 283 2581 ter
304 2545 436 2583 volebat
457 2545 604 2581 Nestorii
625 2546 874 2581 damnationem
894 2546 1023 2583 admitti
1048 2571 1060 2588 ,
1086 2548 1120 2581 δε

232 2594 502 2633 anathematizari
522 2595 590 2638 ejus
612 2595 788 2640 dogmata;
815 2595 1054 2632 Theodoretus
1067 2609 1120 2631 au.

230 2655 301 2681 tem
321 2645 560 2682 contumaciter
580 2645 735 2693 nolebat.
761 2646 856 2680 Hinc
867 2646 950 2680 dicit
962 2647 994 2680 se
1004 2647 1045 2681 de
1057 2647 1120 2685 isto

230 2697 395 2739 negotio,
420 2695 498 2732 licet
515 2694 732 2736 -Antiochiae,
758 2695 815 2731 ubi
838 2696 1040 2732 fabricantur
1051 2708 1120 2732 om·

230 2748 310 2786 nia,
335 2746 374 2779 sit
395 2746 586 2788 proximus,
615 2745 699 2781 nihil
715 2758 758 2782 ex
779 2747 909 2792 integro
941 2748 1040 2787 scire,
1067 2748 1119 2786 sed

232 2796 320 2830 solos
332 2797 421 2830 nosse
432 2794 582 2838 publicos
595 2806 737 2832 rumores
750 2823 757 2831 .
783 2796 940 2832 Tandem
952 2807 1120 2832 enumerat

235 2856 351 2881 omnes
371 2871 382 2886 ,
408 2857 491 2890 quos
510 2846 576 2889 ipse
596 2845 712 2889 probat
729 2871 740 2887 ‚
766 2848 855 2894 pacis
877 2848 1030 2883 articulos
1051 2871 1061 2887 ‚
1087 2849 1120 2887 ὃς

232 2895 406 2932 concludit
427 2909 434 2930 :
461 2899 535 2931 Haec
557 2898 629 2929 verb
653 2908 711 2930 non
732 2907 782 2941 ego
799 2897 879 2944 fhlus
905 2923 916 2940 ,
949 2897 1007 2941 sed
1023 2909 1119 2932 omnes

233 2947 406 2987 sanfflffiml
425 2945 514 2989 hujus
526 2950 663 2989 Regionis
677 2945 838 2990 Episcopi,
863 2954 897 2982 in
910 2960 1002 2983 unum
1019 2961 1120 2983 conve·

234 3002 352 3030 mentes
364 3020 374 3036 ,
400 2996 500 3030 habito
511 2998 640 3030 Concilio
652 2997 884 3032 deliberavimus
896 3024 903 3031 .
933 2999 1011 3034 Erat
1021 3001 1120 3045 igitur

234 3056 306 3079 non
319 3046 409 3079 istius
419 3046 591 3081 dumtaxat
604 3046 785 3082 Provinciae
794 3073 804 3089 ‚
819 3049 872 3084 sed
883 3050 985 3084 totius
995 3051 1119 3095 Regio-

234 3096 288 3130 nis
308 3095 479 3138 Synodus.
507 3097 590 3145 Qo
613 3096 649 3132 in
669 3097 746 3134 loco
763 3098 861 3134 fuerit
880 3098 991 3136 habita
1014 3127 1025 3143 ‚
1051 3112 1118 3136 non

234 3145 363 3179 constat
375 3170 382 3177 .
411 3144 507 3179 Certe
530 3147 657 3182 videtur
670 3148 761 3192 quod
783 3160 850 3184 non
862 3149 947 3194 apud
960 3152 1122 3195 Hierapo-

231 3195 315 3229 lim.
346 3195 480 3228 Etenim
502 3197 714 3239 Metropolim
724 3199 912 3236 Alexander
931 3201 1121 3236 aTheodo-

233 3246 296 3279 reti
317 3244 443 3288 judicio
464 3270 475 3285 ,
501 3245 591 3290 quod
608 3246 727 3290 Cyrilli
751 3249 791 3286 ad
814 3250 974 3286 Acacium
996 3252 1119 3287 litteras

231 3295 385 3330 censebat
402 3296 610 3331 orthodoxas
618 3321 629 3339 ,
656 3300 834 3336 contrarias
853 3302 1015 3346 Capitulis
1027 3315 1064 3336 ac
1076 3303 1120 3346 ip-

231 3346 346 3382 sorum
366 3344 497 3382 abunde
527 3346 735 3384 destruaivas
756 3373 767 3394 ,
792 3360 860 3388 erat
888 3352 1116 3388 alieniffimus.

1890 180 1984 219 199

1170 246 1268 281 Circa
1280 244 1364 281 hanc
1378 257 1491 290 pacem
1511 255 1603 281 erant
1615 257 1678 282 tres
1688 249 1909 286 Orientalium
1922 251 2054 297 Episco-

1171 309 1287 341 porum
1309 298 1420 332 classes
1440 297 1495 331 seu
1517 298 1702 332 sententiae.
1732 299 1841 336 Prima
1860 301 2052 338 admittebat

1169 360 1285 382 omnes
1305 357 1368 383 tres
1386 349 1405 383 a
1419 348 1536 382 Sansto
1548 346 1680 391 Cyrillo
1691 350 1868 391 postulatos
1879 353 2052 388 articulos:

1172 398 1292 441 Cyrilli
1314 399 1458 439 litteras,
1482 397 1628 433 Nestorii
1646 409 1724 434 cum
1747 398 1816 441 ejus
1835 400 1990 444 dogmate
2000 404 2056 438 da.

1168 449 1374 483 mnationem
1388 474 1399 490 ,
1422 460 1462 484 ac
1478 447 1723 484 ordinationem
1735 449 1955 483 Maximiani.
1981 453 2055 487 Hu-

1168 498 1218 542 jus
1229 499 1332 533 claffis
1344 500 1463 544 Capita
1475 509 1569 534 erant
1578 501 1724 546 Joannes
1734 498 1922 534 Patriarcha
1938 501 2060 535 Antio.

1169 546 1292 584 chenus
1312 573 1323 590 ,
1351 551 1491 585 Aeacius
1514 549 1724 585 Berrhaeenfis
1746 574 1758 590 ,
1782 550 1906 585 Paulus
1931 550 2057 586 Emese-

1171 610 1250 640 nus,
1277 611 1314 633 ac
1338 601 1443 643 plures
1462 601 1533 635 alii.
1562 600 1677 635 Altera
1696 600 1803 635 claffis
1825 610 1893 635 erat
1916 600 1955 634 ad
1968 601 2058 636 aliud

1169 658 1349 683 extremum
1360 664 1371 683 :
1399 650 1577 687 Refutabat
1588 662 1703 686 omnes
1718 651 1796 685 istos
1807 661 1871 685 tres
1881 650 2036 685 articulos
2048 676 2060 692 ,

1170 708 1280 741 pacem
1292 709 1353 734 nec
1365 699 1476 735 audire
1487 701 1619 736 volebat
1630 725 1644 744 ,
1668 702 1727 735 nifi
1740 701 1888 745 Cyrillus
1910 701 2011 735 aliam
2025 701 2062 734 fi-

1171 747 1224 781 dei
1249 749 1476 792 profeffionem
1494 752 1660 793 mitteret,
1686 763 1723 785 ac
1740 751 1856 786 diserte
1879 749 2064 786 anathema-

1173 798 1286 832 tizaret
1299 800 1353 832 sua
1363 799 1518 842 Capitula
1529 824 1537 832 ·
1562 801 1673 845 Hujus
1684 802 1835 836 faitionis
1845 802 1959 836 Duces
1970 811 2063 837 erant

1174 848 1363 883 Alexander
1383 872 1396 892 ,
1420 849 1593 883 Himerius
1616 875 1628 890 ‚
1655 850 1833 887 Eutherius
1852 877 1863 893 ,
1889 863 1927 887 ac
1949 853 2063 897 aliquo

1172 908 1318 942 tempore
1329 899 1428 933 etiam
1440 899 1617 937 Helladius
1628 924 1635 931 .
1661 900 1779 936 Tertia
1794 902 1899 938 classis
1920 912 1988 937 erar
2000 913 2065 937 me-

1172 947 1226 982 dia
1246 961 1253 980 :
1281 947 1447 986 Probabat
1470 949 1592 993 Cyrilli
1612 949 1736 983 litteras
1757 975 1769 990 ,
1801 963 1842 986 ac
1860 952 2066 989 Nestorianae

1171 997 1327 1034 dostrinae
1351 1008 1408 1032 aut
1437 1000 1579 1041 personae
1601 998 1853 1035 damnationem
1880 1003 2066 1037 nullatenus

1174 1047 1306 1083 volebat
1328 1047 1523 1086 admittere.
1550 1048 1647 1082 Circa
1672 1047 1873 1084 Maximiani
1886 1050 2068 1096 Episcopa-

1175 1107 1247 1133 tum
1269 1098 1438 1133 claudebat
1455 1097 1572 1133 oculos
1585 1123 1592 1130 .
1621 1097 1734 1141 Hujus
1751 1098 1919 1133 Fastionis
1940 1100 2071 1136 Princi-

1177 1160 1230 1191 pes
1240 1158 1333 1183 erant
1344 1148 1581 1183 Theodoretus
1591 1173 1601 1190 ‚
1612 1160 1650 1183 ac
1664 1148 1894 1183 Samosatenfis
1905 1148 2052 1184 Andreas
2060 1175 2070 1182 .

1178 1199 1310 1233 Horum
1329 1198 1374 1233 est
1405 1199 1466 1233 ista
1488 1198 1643 1243 Synodus
1660 1224 1667 1231 .
1696 1197 1864 1241 Adjuncta
1883 1198 2072 1234 subnotatio

1177 1249 1260 1283 reete
1271 1249 1402 1284 excusat
1412 1247 1669 1284 Theodoretum
1682 1273 1693 1290 ,
1720 1250 1885 1283 affirmans
1905 1260 1974 1284 non
1986 1251 2072 1285 circa

1179 1298 1277 1336 fidem
1287 1323 1298 1341 ,
1325 1300 1381 1334 sed
1393 1299 1479 1334 circa
1491 1299 1594 1334 solam
1607 1299 1720 1334 errasse
1733 1300 1904 1343 personam
1919 1325 1927 1332 .
1955 1300 2011 1335 Est
2023 1311 2071 1338 res

1179 1360 1285 1391 certa:
1314 1351 1382 1386 Suo
1393 1350 1471 1386 loco
1483 1350 1582 1386 latius
1594 1349 1790 1385 elucidanda
1802 1374 1810 1382 .

1375 1664 1473 1709 CA
1488 1663 1523 1708 P
1538 1663 1587 1708 U
1602 1659 1643 1708 T
1695 1661 1882 1710 LXXII.
1928 1668 2077 1706 --160

1186 1848 1353 1917 Epistola
1388 1847 1611 1896 Theodoreti
1657 1849 1841 1916 rescripta
1897 1847 1950 1894 ad
1990 1845 2079 1895 Ale-

1220 1919 1222 1921 *
1254 1917 1449 1966 xandrum
1496 1917 1827 1986 Hierapolitanum
1871 1954 1883 1966 .
1933 1920 2009 1966 Ire-

1325 2008 1415 2035 naeus
1454 1987 1547 2035 dicit
1567 2023 1580 2047 ,
1605 1989 1708 2051 ficut
1743 1992 1936 2055 apparuit,

1511 2055 1714 2125 fi1speaus
1735 2093 1748 2105 .

1277 2245 1343 2281 Uae
1365 2247 1467 2280 faetus
1483 2246 1554 2280 sum
1565 2246 1735 2281 Sanctitati
1747 2269 1759 2286 ,
1787 2254 1954 2289 tamquam
1969 2248 2076 2291 prodi-

1301 2297 1404 2330 derim
1416 2297 1569 2340 pietatem
1580 2321 1588 2329 .
1619 2295 1803 2343 Non-enim
1831 2308 1884 2331 me
1897 2297 2054 2332 scribente
2064 2323 2076 2340 ‚

1183 2346 1355 2390 quomodo
1376 2347 1594 2383 intellexerim
1624 2346 1779 2390 Epistolae
1790 2346 1911 2390 Cyrilli
1927 2348 2076 2392 Dogma-

1183 2406 1215 2429 ta
1227 2420 1238 2436 ‚
1264 2397 1298 2430 ὃς
1319 2395 1442 2430 discere
1463 2397 1596 2431 volente
1619 2397 1643 2434 fi
1662 2396 1742 2441 quid
1763 2397 1799 2431 fit
1811 2397 1845 2430 in
1871 2398 1918 2431 eis
1931 2397 2019 2432 aliud
2032 2399 2074 2433 la-

1182 2454 1251 2480 tens
1265 2471 1275 2486 ,
1287 2446 1375 2490 quod
1389 2444 1547 2480 haereticis
1556 2446 1623 2490 ejus
1634 2446 1799 2494 Capitulis
1809 2447 2007 2488 conferatur,
2016 2449 2072 2483 ad-

1182 2506 1354 2531 monuerat
1376 2496 1587 2541 Religiositas
1608 2507 1664 2531 tua
1700 2495 1786 2530 nihil
1818 2496 1952 2532 scribere
1978 2499 2071 2542 super

1182 2545 1246 2581 hoc
1257 2570 1264 2578 .
1292 2547 1366 2591 Ego
1389 2545 1467 2580 vero
1480 2547 1593 2580 testem
1606 2547 1717 2581 Deum
1741 2547 1864 2582 invoco
1877 2548 1911 2582 in
1924 2548 2070 2583 animam

1181 2606 1286 2630 meam
1298 2619 1309 2636 ‚
1334 2607 1442 2641 neque
1463 2595 1555 2631 Sedis
1575 2596 1768 2631 defiderium
1781 2622 1792 2638 ,
1819 2609 1925 2641 neque
1947 2598 2071 2633 Civita-

1179 2647 1221 2680 tis
1231 2644 1353 2690 cupido
1365 2670 1376 2688 ‚
1403 2657 1510 2690 neque
1529 2647 1792 2690 persecutionum
1816 2648 1917 2681 timot
1938 2649 2069 2694 subegit

1179 2708 1232 2731 me
1245 2699 1344 2741 usque
1355 2696 1396 2731 ad
1408 2697 1538 2741 praesens
1549 2721 1560 2737 ‚
1585 2697 1639 2734 sed
1651 2697 1845 2741 incorrupto
1857 2698 1998 2733 Decreto
2012 2723 2022 2738 ,
2034 2700 2069 2733 ὃς

1180 2748 1378 2782 indeclinata
1390 2757 1501 2782 mente
1512 2746 1583 2782 illas
1593 2747 1716 2782 litteras
1729 2748 1842 2792 legens
1852 2773 1862 2789 ‚
1873 2750 2070 2783 convenien-

1180 2807 1227 2831 tes
1239 2797 1354 2832 nostris
1364 2797 1426 2834 effe
1435 2796 1515 2831 duxi
1528 2797 1710 2833 intellectus
1719 2810 1829 2833 earum
1838 2823 1845 2829 .
1873 2798 1965 2845 Qid
1978 2799 2067 2833 enim

1180 2847 1270 2882 aliud
1283 2847 1416 2884 orabam
1427 2847 1538 2884 audire
1548 2874 1557 2889 ‚
1571 2859 1606 2883 ut
1618 2848 1683 2883 hoc
1696 2855 1920 2882 venerarentur
1931 2848 2069 2882 Haereti-

1179 2899 1210 2932 ci
1224 2922 1235 2938 ‚
1249 2899 1307 2932 nifi
1320 2900 1396 2944 quia
1408 2899 1670 2935 inconvertibilis
1681 2899 1726 2935 est
1740 2898 1805 2933 Dei
1817 2898 1950 2938 Sermo,
1963 2899 1997 2933 &
2008 2899 2069 2932 im-

1180 2948 1334 2994 paffibilis
1345 2959 1442 2995 atque
1455 2949 1669 2987 immutabilis
1681 2949 1697 2980 ἒ
1725 2949 1769 2983 Et
1781 2958 1884 2991 neque
1895 2948 2068 2984 fermenta-

1179 2999 1348 3044 tio,neque
1355 3001 1517 3039 confufio,
1526 3011 1631 3042 neque
1643 2999 1868 3042 retemperatio
1879 2999 1960 3032 fasta
1972 2998 2018 3033 est
2031 2999 2066 3034 in

1180 3050 1333 3085 unitione
1347 3051 1411 3085 Dei
1424 3050 1527 3085 Verbi
1538 3050 1577 3084 ad
1591 3050 1747 3083 Carnem.
1773 3049 1819 3086 Et
1831 3047 1896 3084 haec
1907 3049 2065 3085 tamenin

1179 3100 1296 3135 litteris
1306 3102 1509 3144 comperiens
1520 3099 1656 3135 minime
1668 3107 1777 3133 tutum
1793 3099 1905 3142 putavi
1918 3100 1980 3134 ess'e
1992 3124 2004 3141 ,
2029 3110 2067 3134 ut

1179 3152 1269 3194 super
1281 3150 1332 3185 his
1344 3152 1419 3186 solis
1430 3150 1622 3185 communio
1636 3150 1726 3183 fieret
1736 3174 1747 3192 ‚
1765 3149 1817 3185 sed
1829 3159 1867 3187 ut
1877 3149 2066 3184 evidentius

1179 3200 1269 3236 fieret
1279 3226 1289 3243 ‚
1316 3203 1350 3236 δε
1363 3201 1480 3236 clarius
1493 3199 1611 3234 horum
1624 3209 1839 3243 exponeretur
1860 3200 2043 3243 intellectus
2052 3214 2064 3234 :

1178 3252 1314 3290 Sicut&
1326 3252 1409 3286 olim
1422 3251 1536 3284 litteris
1546 3275 1557 3291 ,
1582 3261 1660 3292 quas
1672 3249 1748 3285 ante
1759 3250 1816 3285 has
1829 3251 1933 3295 scripsi
1947 3275 1958 3291 ,
1974 3262 2065 3285 man-

1178 3300 1328 3339 daveram
1338 3326 1349 3343 ,
1378 3302 1484 3335 vitans
1511 3299 1651 3335 omnino
1677 3300 1900 3336 damnationis
1931 3301 2064 3335 subscri-

1181 3353 1344 3396 ptionem.
1372 3352 1414 3388 Et
1428 3350 1498 3387 haec
1508 3361 1618 3387 autem
1629 3363 1685 3396 per
1695 3352 2002 3389 condescenfionem
2012 3351 2062 3384 su-

1904 3399 1988 3444 scepi
2001 3411 2008 3434 ς
