2320 3730
586 164 900 218 Sosim-115,
940 176 1004 205 ετ
1041 159 1235 205 Nous
1268 172 1657 204 1Ltusr1tarsr.

222 249 328 285 linum
340 246 559 283 patriarcham
571 260 609 282 ac
621 249 799 282 Damasum
813 248 934 292 Papam
949 272 959 288 ,
986 247 1101 281 haerere

219 303 255 335 in
268 298 397 343 syllabis
411 322 420 337 ‚
449 297 590 340 ideoque
600 298 659 333 has
672 300 744 333 lites
757 301 819 333 esse
831 299 918 342 parvi
931 299 1080 342 ponderis
1091 323 1098 330 .

216 348 349 391 Adiecit
372 355 485 383 vocem
497 373 508 388 ,
536 360 607 392 quae
631 352 762 385 Sacram
777 349 953 394 Virginem
967 348 1099 395 negavit

215 400 402 441 Dei—param
426 423 436 438 ‚
463 399 648 442 improvide
679 400 818 444 elapsam
845 398 1003 434 Nestorio
1026 422 1037 439 ,
1063 398 1098 431 ὅ(

214 448 353 493 pertexit
364 461 371 480 :
399 451 593 492 ,Quamquam
598 451 725 492 plurimi
737 474 748 489 ‚
755 459 819 483 tum
830 450 921 485 Clero
930 446 1075 490 adscripti
1082 469 1095 490 Ι,

212 508 280 532 tum
300 497 400 533 Plebet'
410 511 521 542 quoque
533 524 543 539 ,
569 513 607 533 ex
618 501 688 534 urbe
700 499 1025 540 Constantinopolitana
1040 501 1097 534 An-

214 547 354 582 tiocbiam
363 574 373 589 ,
399 552 433 584 (τ
444 552 489 582 ad
495 562 547 583 nos
566 549 656 594 usque
673 549 804 593 profec‘i't
815 574 825 589 ‚
850 550 871 581 ἃ
880 547 1026 590 praedtc‘io
1034 545 1096 589 ser·

214 610 297 632 mone
307 599 465 633 abhorrere
483 612 541 634 non
552 603 729 635 videantur.
759 601 854 640 Ajunt
876 603 998 632 enimin
1014 595 1096 640 sensu

215 649 445 683 nibilcontinere
456 676 465 691 ,
492 653 572 694 quod
583 652 636 685 vel
641 648 804 691 Apostolicae
821 649 965 682 doc‘lrinae
987 649 1098 681 adver·

212 698 296 742 setur
306 725 316 740 ‚
344 701 395 734 vel
403 701 475 743 fidei
485 703 507 734 a
518 701 633 735 samiis
646 700 790 734 Patribus
813 705 846 731 in
865 703 975 733 Nicaea
983 709 1096 742 congre·

212 755 295 792 gatis
307 751 440 793 definitae
458 760 595 795 repugnet
609 776 615 782 .
644 750 797 784 Affirmat
807 751 870 784 effe
880 745 1095 793 quaestionem

216 800 259 834 de
280 803 438 841 nomine,
461 800 697 835 &Nestorium
721 825 731 840 ,
758 800 835 835 licet
855 800 988 836 forsitan
1011 799 1096 832 male

216 850 386 891 locutum,
413 861 521 884 tamen
542 853 626 885 resta
649 852 782 886 sentire.
812 850 905 898 Quin
920 848 1025 884 immo
1037 860 1096 883 nec

214 900 475 935 malelocutum.
505 901 678 949 Qoniam
699 902 733 936 ὅ(
753 901 772 935 e
785 900 886 935 Clero
910 900 973 934 &e
987 899 1095 942 Popu-

213 949 252 983 lo
262 949 638 994 Constantinopolitano
649 952 748 986 multi
766 962 860 986 voces
870 950 940 994 ejus
952 961 1021 984 non
1035 950 1094 983 im-

211 998 391 1043 probarent
410 1026 417 1033 .
447 1000 589 1035 Aeacius
608 1012 677 1036 erat
701 1002 750 1035 vir
769 1001 924 1036 versatilis
944 999 1095 1045 ingenii,

212 1061 312 1083 verus
323 1050 438 1092 Syrus,
467 1050 608 1094 ideoque
630 1051 941 1086 noveratinflestere
962 1050 1093 1084 omnia.

159 1110 163 1112 ’
213 1100 268 1132 Ex
280 1099 348 1132 istis
362 1099 433 1142 ejus
443 1100 577 1137 forsitan
591 1102 724 1136 Litteris
746 1101 895 1136 Socrates
920 1101 1038 1145 scripsit
1051 1101 1093 1133 se-

213 1149 349 1191 quentia
363 1161 370 1180 :
397 1150 550 1190 Nestorius
567 1154 653 1193 apud
672 1154 833 1194 complures
845 1157 931 1186 venit
941 1156 974 1184 in
986 1156 1096 1193 opinio·

211 1209 303 1238 nem,
329 1201 409 1241 quod
418 1203 577 1238 Dominum
588 1201 740 1244 eJJesolum
760 1201 907 1237 bominem
926 1201 1064 1244 assereret
1084 1225 1094 1239 ‚

213 1250 373 1291 quodquod
383 1252 473 1283 Pauli
484 1250 667 1294 samosateni
687 1254 722 1285 t&
733 1251 856 1285 Photini
878 1256 1041 1293 opinionem
1064 1255 1096 1282 in

214 1298 371 1341 Ecclesiam
379 1301 563 1340 introducere
573 1307 736 1335 niteretur.
766 1306 863 1344 Atque
878 1302 916 1334 de
939 1298 995 1333 bac
1009 1298 1097 1342 causa

214 1355 307 1382 tanta
332 1356 453 1384 certatio
477 1353 514 1387 (tr
535 1353 682 1387 ,tumultus
706 1353 840 1388 ciebatur·
868 1377 879 1392 ,
905 1361 938 1385 ut
960 1351 1096 1395 generali

217 1401 346 1433 Concilio
363 1402 410 1433 ad
417 1412 485 1437 eam
491 1400 661 1443 sedandam
672 1410 743 1443 opus
755 1403 807 1445 effe
830 1403 985 1435 videretur
997 1427 1004 1434 .
1031 1404 1098 1444 Ego

218 1451 290 1482 vero
311 1473 323 1489 ,
347 1451 421 1483 dum
443 1450 537 1485 libros
557 1451 688 1491 Nestorii
711 1454 805 1490 editos
831 1452 892 1495 lego
915 1478 926 1493 ,
953 1451 1099 1484 bominem

218 1504 333 1540 reperio
350 1504 520 1541 imperitum
540 1524 550 1539 ,
574 1503 766 1536 &doHrinae
783 1508 906 1542 penitus
927 1511 1098 1543 expertem.

219 1554 281 1583 Hoc
300 1548 391 1588 vere,
417 1549 498 1582 &ex
520 1555 623 1584 animo
644 1552 727 1584 dico:
755 1549 911 1591 Nestorius
934 1563 996 1584 meo
998 1554 1031 1596 J
1034 1553 1099 1584 udi-

217 1603 261 1631 cio
280 1608 370 1640 neque
392 1599 523 1632 Paulum
543 1599 766 1643 samosatenum
779 1627 789 1641 ,
815 1613 909 1644 neque
935 1601 1099 1635 Photinum

213 1652 352 1685 imitatus
367 1672 378 1689 ,
404 1653 564 1689 Dominum
574 1651 627 1694 esse
644 1650 739 1694 solum
759 1652 907 1687 hommem
926 1653 999 1684 dicit
1011 1676 1021 1691 ‚
1043 1650 1101 1694 sed

216 1709 318 1733 vocem
336 1699 501 1734 dumtaxat
523 1725 535 1741 ‚
562 1701 650 1736 Dei·
666 1713 741 1745 para
764 1727 774 1743 ‚
800 1712 954 1745 tamquam
974 1702 1099 1735 larvam

222 1748 440 1791 rfformidam,
464 1752 611 1787 declinat.
641 1753 767 1788 Verum
781 1753 938 1797 Euagrius
954 1753 1015 1795 Epi
1022 1751 1098 1796 pha-

217 1799 339 1835 nienfis
358 1801 442 1836 reste
458 1800 779 1842 advertitSOcratem
806 1802 1098 1847 fuiffeimperitum

217 1848 411 1885 Nestoriani
437 1854 588 1897 negotii.

271 1899 413 1934 Aeacius
431 1902 521 1938 aliud
543 1903 673 1946 insuper
696 1904 822 1937 malum
846 1912 995 1947 operatus
1007 1903 1051 1937 est
1065 1902 1098 1935 iu

221 1947 385 1992 Ephefina
399 1950 555 1993 synodo:
582 1954 741 1993 synodum,
769 1954 904 1998 Joannis
919 1951 1100 1986 Antioche*

220 2000 258 2032 ni
271 2000 461 2032 Fafflonem
476 2024 486 2039 ,
507 2009 565 2042 per
589 2005 724 2034 Litteras
737 2004 868 2042 edocuit,
893 2003 973 2044 quod
997 2001 1100 2039 cyrilli

218 2050 363 2090 Capitula
385 2050 560 2092 apollinarii
580 2057 731 2093 impietati
750 2058 944 2087 convenirent
969 2077 976 2083 .
1006 2052 1101 2094 Joan-

218 2110 297 2132 nem
317 2099 496 2134 &omnem
506 2101 574 2144 ejus
585 2101 755 2146 Sequelam
769 2102 977 2138 confirmavit
989 2102 1022 2135 in
1038 2101 1099 2134 isto

219 2150 365 2192 perverso
385 2150 533 2194 judicio.
564 2152 608 2186 Et
631 2152 700 2195 ejus
719 2153 756 2186 in
775 2151 839 2187 hac
863 2164 896 2187 re
917 2151 1100 2187 authoritas

219 2209 287 2233 erat
311 2211 380 2232 non
403 2202 533 2235 modica
557 2227 564 2233 .
592 2205 719 2239 Etenim
733 2215 781 2237 eos
804 2228 816 2244 ‚
838 2209 892 2246 qui
914 2204 1100 2246 Apollinaris

219 2250 362 2293 dogmata
367 2248 501 2292 sentiunt
514 2275 526 2291 ,
546 2250 665 2294 stmper
676 2252 837 2295 ¹secundum
848 2255 939 2287 locum
946 2259 1100 2295 proximos

221 2297 327 2332 habuit
347 2325 354 2331 .
378 2302 464 2334 Unde
483 2301 519 2334 (5
538 2310 604 2335 tam
618 2302 767 2344 facillime
780 2304 1023 2346 comprehendere
1045 2315 1101 2338 va—

220 2349 278 2382 luit
304 2374 315 2390 ‚
341 2352 420 2393 quod
438 2352 523 2385 illius
548 2350 682 2396 vesaniae
697 2353 759 2395 fint
776 2356 915 2398 praefizta
940 2355 1100 2396 Capitula.

218 2396 419 2442 Perpetuum
432 2400 657 2438 haereticorum
668 2404 809 2439 studium
831 2405 878 2439 est
890 2406 1020 2449 Lupum
1036 2403 1104 2438 ovi·

223 2449 274 2481 nis
295 2450 376 2482 lanis
389 2474 398 2488 ‚
426 2462 590 2484 venenum
612 2454 729 2490 melle,
753 2454 849 2487 devia
867 2454 967 2487 Sensa
979 2451 1102 2486 Ortho-

222 2495 319 2530 doxis
340 2497 471 2541 syllabis
496 2499 652 2543 obtegere
671 2514 683 2534 .·
712 2501 837 2537 Eadem
864 2513 931 2535 arte
956 2501 1104 2544 Cyrillus

223 2546 394 2581 dicebatur
404 2549 468 2581 suis
477 2548 640 2590 Capitulis
652 2551 824 2585 intexuiffe
836 2551 1103 2594 Apollinarium.

224 2598 273 2631 At
294 2596 371 2631 vero
392 2595 488 2641 hujus
515 2599 760 2634 fraudulentum
786 2600 910 2644 dogma
933 2601 1104 2643 praesertim

223 2646 435 2688 Antiochiae,
462 2648 642 2683 Laodicaeae
660 2674 671 2689 ‚
697 2650 779 2683 acin
793 2651 866 2684 aliis
878 2652 988 2694 primae
1005 2650 1105 2692 Syriae

222 2697 356 2732 urbibus
382 2699 487 2732 fuerat
514 2701 688 2744 grassatum
715 2724 725 2740 ,
763 2711 863 2744 atque
890 2702 934 2734 ita
963 2700 1104 2735 Aeacius

223 2748 331 2791 ipsum
351 2749 473 2792 semper
483 2747 641 2784 habuerat
665 2751 741 2785 loco
762 2752 930 2785 vicinum.
958 2752 1003 2785 Et
1014 2762 1104 2795 pene·

223 2809 362 2832 traverat
380 2799 494 2833 omnia
515 2800 585 2842 ejus
611 2800 764 2843 mysteria
784 2827 790 2834 .
822 2802 916 2836 Hinc
940 2802 1037 2845 ipfius
1063 2800 1105 2835 de

223 2847 345 2891 Cyrilli
357 2848 687 2892 Capitulisjudicium
710 2849 893 2886 habebatur
905 2851 1106 2897 irrefragabi-

220 2898 273 2931 le.
300 2898 406 2938 Porro
424 2899 466 2934 de
489 2899 607 2943 quibus
619 2902 788 2944 praesertim
802 2902 1002 2946 Apollinarii
1022 2913 1105 2937 erto·

225 2948 314 2982 ribus
326 2949 383 2983 ista
397 2949 538 2984 Aeacius
551 2952 774 2993 infamaverit,
799 2951 1027 2987 demonstrant
1042 2953 1108 2987 Re-

228 2999 362 3032 latiouis
374 3000 470 3034 verba
481 3001 521 3035 de
533 3001 672 3036 Nicaeno
691 3002 852 3044 Symbolo
868 3017 874 3035 :
905 3002 1104 3047 Dispensatio-

229 3052 471 3091 niintegerrtmor
493 3057 635 3085 terminos
654 3054 809 3093 tradidit,
834 3054 1103 3087 inconvertibilita-

230 3106 290 3130 tem
304 3109 355 3130 nos
374 3100 739 3136 &incommutabilitatem
753 3106 937 3137 Divinitatis
952 3109 1106 3148 Unigeniti

228 3148 331 3180 docens
343 3170 354 3186 ,
378 3150 413 3181 (δ’
433 3162 489 3182 non
509 3152 559 3194 effe
581 3155 731 3186 Hominem
750 3162 862 3195 purum
882 3156 1043 3187 Dominum
1057 3165 1104 3186 no-

221 3197 315 3237 sirum
319 3201 351 3242 J
353 3196 432 3240 esum
445 3199 592 3240 Christum
606 3226 616 3241 ,
642 3205 700 3237 (σε.
729 3204 777 3239 Ea
789 3205 950 3239 accusavit
963 3205 1003 3239 de
1018 3215 1105 3238 natu-

1918 176 1935 215 5
1949 175 1976 220 7

1210 244 1360 293 Qaestio
1371 243 1417 277 est
1430 268 1441 284 ,
1467 242 1615 292 Qando
1628 244 1768 281 Aeacius
1780 247 1849 281 suas
1873 245 2044 282 adversum

1161 295 1280 337 Cyrilli
1306 294 1459 339 Capitula
1478 295 1624 330 Litteras
1644 298 1857 332 transmiserit
1879 295 2046 342 Ephesum

1159 344 1200 378 ad
1221 345 1356 391 joannis
1381 344 1592 380 Antiocheni
1618 346 1903 382 Conventiculum
1926 349 1942 381 ἓ
1969 348 2050 382 Res-

1161 397 1293 438 pondeo
1315 395 1520 430 transmisisse
1542 407 1619 430 eum
1643 396 1714 439 ipso
1741 395 1868 438 Ioanne
1882 419 1893 435 ‚
1923 397 2049 441 profici-

1158 446 1269 481 scente
1297 444 1462 490 Ephesum
1484 470 1491 477 .
1522 445 1626 480 Haud
1646 445 1747 482 dubie
1773 447 1856 489 ipsas
1877 447 2049 482 tradiderit

1158 495 1263 531 Paulo
1281 497 1440 531 Emeseno
1456 495 1622 540 Episcopo
1636 521 1647 537 ‚
1674 498 1731 530 suo
1753 496 1794 531 ad
1805 495 1981 539 synodum
1989 497 2048 531 Le-

1157 557 1260 590 gato,
1285 558 1322 580 ac
1345 547 1431 590 apud
1450 547 1555 590 ,ipsam
1579 546 1736 582 Vicario.
1767 546 1831 581 Eas
1853 547 1931 581 huic
1954 545 2049 583 tradi-

1156 597 1207 629 dit
1231 607 1397 640 tamquam
1428 598 1522 631 suum
1545 597 1713 640 Synodale
1739 597 1930 642 suffragium
1952 621 1960 629 .
1991 597 2050 631 Et-

1158 645 1249 679 enim
1261 645 1404 687 Joannes
1418 649 1489 691 ipso
1509 649 1557 682 sui
1580 648 1617 682 in
1630 647 1796 691 Ephesum
1820 648 1979 692 ingressus
1991 647 2047 680 die

1157 695 1326 730 damnavit
1340 697 1504 737 Cyrillum
1517 699 1552 733 <Sc
1563 697 1784 734 Memnonem
1798 722 1809 738 ,
1835 699 1870 732 &
1884 698 2045 743 praecipua

1157 745 1382 780 damnationis
1405 750 1497 780 causa
1522 750 1653 783 fuerunt
1673 748 1830 792 Capitula
1854 774 1866 789 ,
1904 748 2046 791 ideoque

1159 795 1218 830 ista
1230 796 1347 829 Aeacii
1362 795 1510 838 Epistola
1532 799 1659 833 videtur
1670 799 1763 835 fuiffe
1782 799 1935 834 directrix
1949 799 2048 833 scele-

1159 847 1217 880 rati
1228 845 1346 888 judicii
1359 870 1366 877 .
1398 843 1522 881 Eadem
1534 846 1575 880 de
1587 851 1678 883 eausa
1693 849 1838 885 Aeacius
1849 848 2048 892 Imperatori

1158 894 1352 930 Theodofio
1371 896 1435 930 fuit
1447 894 1570 930 author
1585 919 1596 934 ‚
1625 907 1661 930 ut
1677 911 1746 933 non
1768 899 1867 935 solius
1878 898 2052 939 Nestorii,

1160 947 1213 981 sed
1225 947 1324 980 etiam
1337 945 1457 989 Cyrilli
1469 957 1507 980 ac
1519 945 1718 980 Memnonis
1740 950 1949 984 confirmaret
1960 949 2054 984 dam-

1160 997 1347 1031 nationem.
1376 995 1506 1031 Diserte
1530 995 1597 1032 hoc
1618 995 1789 1040 profitetur
1809 996 1876 1039 ipse
1888 999 2047 1042 Princeps

1158 1048 1193 1082 in
1205 1047 1340 1082 Litteris
1354 1071 1365 1086 ‚
1390 1058 1472 1091 quas
1495 1057 1551 1090 per
1563 1048 1726 1091 Ioannem
1744 1047 1913 1082 sacrarum
1935 1049 2049 1093 Largi-

1159 1098 1292 1133 tionum
1315 1098 1487 1132 Comitem
1512 1096 1599 1131 milit
1621 1097 1664 1131 ad
1675 1095 1872 1140 synodum.-
1899 1100 1938 1128 Ut
1948 1109 2048 1131 autem

1159 1148 1310 1182 Sant‘litas
1337 1147 1436 1188 vestra
1448 1160 1507 1182 non
1516 1150 1602 1181 modo
1620 1155 1678 1189 per
1691 1146 1797 1188 nostrae
1807 1149 1938 1181 Pietatis
1954 1150 2052 1180 Litte-

1159 1212 1213 1232 ras
1223 1203 1354 1232 incitata
1376 1200 1422 1232 ad
1429 1199 1614 1236 concordiam
1629 1197 1765 1242 specqet,
1789 1195 2050 1240 universalemque

1154 1255 1202 1291 pii
1213 1250 1363 1293 dogmatis
1372 1258 1478 1290 pacem
1493 1274 1505 1290 ‚
1516 1255 1610 1283 etiam
1622 1253 1719 1285 Aeacii
1732 1246 1961 1289 Berrbfenfium
1974 1250 2054 1289 Epi-

1154 1297 1236 1342 scopi
1256 1299 1364 1332 lec‘lam
1380 1303 1401 1333 ἃ
1426 1299 1510 1333 nobis
1523 1299 1710 1342 Epistolam,
1735 1310 1796 1342 qua
1819 1299 1901 1332 idem
1914 1296 2051 1341 suadet,

1158 1351 1204 1383 ad
1227 1359 1280 1382 vos
1306 1348 1435 1391 mfimus
1457 1375 1464 1382 .
1493 1351 1602 1385 Sancti
1634 1350 1757 1394 Cyrilli
1777 1350 2051 1387 damnationem,

1159 1411 1258 1444 quam
1270 1411 1325 1443 per
1335 1400 1620 1435 Conventiculum
1641 1410 1794 1444 operatus
1810 1400 1914 1434 fuerat
1928 1425 1939 1440 ‚
1966 1398 2055 1433 Aca-

1158 1451 1230 1484 cius
1241 1449 1363 1485 studuit
1377 1462 1432 1494 per
1445 1451 1610 1495 Principis
1632 1450 1868 1486 authoritatem
1880 1450 2058 1484 confirma-

1160 1512 1194 1534 re
1220 1524 1228 1532 .
1256 1500 1339 1535 Haec
1363 1501 1478 1536 omnia
1502 1526 1514 1541 ,
1552 1512 1731 1544 antequam
1752 1502 1894 1544 Joannes
1917 1499 2058 1533 Patriar-

1161 1549 1222 1585 cha
1234 1549 1336 1585 abiret
1350 1550 1517 1594 Ephesum
1531 1576 1540 1592 ,
1569 1550 1658 1586 haud
1674 1550 1772 1587 dubie
1784 1551 1913 1585 fuerant
1936 1559 2058 1584 conce-

1162 1611 1217 1645 pta
1232 1612 1272 1634 ae
1294 1612 1482 1647 praeparata.

1212 1649 1292 1686 Alia
1314 1652 1450 1695 quaestio
1470 1651 1516 1685 est
1532 1676 1542 1692 ,
1568 1650 1753 1698 Qomodo
1778 1649 1922 1684 Aeacius
1936 1647 2055 1682 Theo-

1162 1699 1256 1736 dosio
1269 1702 1367 1736 fuerit
1380 1701 1501 1736 author
1520 1701 1740 1737 confirmandi
1750 1701 1852 1735 etiam
1869 1699 2058 1734 damnatio-

1140 1790 1144 1796 .
1163 1761 1239 1785 nem
1262 1751 1433 1787 Nestorii?
1461 1752 1596 1788 Etenim
1615 1753 1650 1787 in
1672 1751 1810 1797 praefatis
1833 1751 1875 1786 ad
1899 1751 2056 1785 Sanctum

1163 1802 1332 1846 Cyl-illum
1353 1802 1488 1841 Litteris
1506 1802 1697 1838 Nestorium
1718 1802 1882 1845 judicarat
1906 1801 1999 1835 sensu
2015 1800 2061 1833 sa-

1165 1864 1267 1892 num,
1293 1853 1464 1896 &lapsum
1488 1854 1522 1887 in
1543 1853 1620 1886 solis
1645 1852 1796 1895 syllabis.
1824 1853 1859 1887 Si
1883 1862 1994 1886 tamen
2014 1849 2068 1883 la-

1165 1903 1276 1944 psum.
1304 1902 1437 1944 Insuper
1447 1902 1585 1945 Joannis
1601 1900 1811 1936 Antiocheni
1825 1901 1960 1941 Fastio,
1987 1911 2059 1943 quac

1165 1951 1310 1985 Nestorii
1331 1948 1585 1989 damnationem
1608 1953 1736 1987 censuit
1762 1952 1890 1986 irritam
1902 1962 1940 1984 ae
1953 1950 2060 1983 exsuf-

1163 1998 1307 2034 flandam
1318 2023 1328 2038 ‚
1357 2000 1502 2033 omnino
1515 2001 1561 2035 ita
1572 2001 1700 2034 censuit
1714 2011 1757 2034 ex
1765 1999 1891 2042 judicio
1902 2011 1940 2033 ac
1955 2000 2060 2033 Litte-

1164 2051 1206 2084 ris
1229 2048 1364 2083 Aeacii.
1392 2049 1581 2097 Qiomodo
1603 2050 1706 2095 igitur
1729 2048 1872 2086 Aeacius
1894 2050 1968 2083 vela
1991 2060 2066 2083 ver-

1164 2100 1225 2140 tit,
1252 2101 1428 2144 &propria
1442 2101 1540 2135 Sensa
1561 2099 1607 2134 est
1633 2101 1879 2144 praevaricatus?
1908 2099 2063 2143 Respon-

1164 2151 1227 2185 deo
1248 2152 1343 2185 fuisse
1367 2162 1552 2194 permotum
1578 2151 1644 2186 istis
1665 2151 1737 2196 ipsis
1755 2150 1962 2190 rationibus,
1987 2161 2057 2192 quae

1165 2201 1264 2246 Regii
1289 2200 1447 2235 Cubiculi
1469 2201 1663 2241 Prae-festum
1685 2203 1832 2238 fecerunt
1852 2200 2057 2236 cireaHere-

1165 2252 1321 2285 liarcham
1349 2250 1489 2286 titubare
1519 2277 1526 2284 .
1556 2252 1608 2285 Ex
1635 2251 1836 2296 blasphemis
1872 2251 1939 2294 ejus
1967 2248 2055 2293 apud

1168 2301 1333 2345 Ephesum
1343 2300 1641 2345 disputationibus.
1659 2302 1745 2346 ipsas
1759 2313 1896 2347 purgare
1908 2302 2056 2338 nesciens

1167 2353 1330 2392 Aeacius,
1357 2353 1497 2387 deseruit
1512 2353 1707 2396 hominem;
1737 2353 1781 2387 Et
1792 2363 1929 2391 omnem
1944 2351 2059 2385 Eccle-

1164 2402 1238 2435 liam
1254 2426 1264 2441 ‚
1290 2414 1390 2444 quam
1404 2404 1509 2446 ipsum
1521 2405 1641 2437 servare
1661 2402 1781 2438 maluit
1795 2429 1802 2436 .
1833 2404 1877 2437 Et
1889 2403 1957 2446 ejus
1971 2400 2063 2444 Judi-

1164 2453 1254 2484 cium
1280 2453 1431 2491 amplexa
1457 2453 1521 2484 fuit
1546 2454 1661 2485 cuncta
1684 2454 1822 2494 Joannis
1847 2450 2058 2485 Antiocheni

1163 2499 1294 2533 Fastio.
1325 2500 1459 2534 Etenim
1481 2499 1522 2534 ad
1546 2500 1726 2534 ineundam
1749 2512 1827 2535 eum
1853 2499 1992 2543 Synodo
2008 2511 2059 2543 pa-

1164 2561 1233 2584 cem
1251 2560 1360 2593 parata
1371 2549 1434 2583 fuit
1456 2550 1609 2586 omnium
1626 2551 1727 2584 trium
1739 2549 1994 2586 damnationem
2007 2547 2059 2584 ad-

1165 2601 1311 2633 mittere·
1340 2599 1414 2633 Nee
1427 2601 1520 2633 refert
1536 2623 1545 2638 ‚
1573 2598 1663 2643 quod
1692 2598 1869 2642 postmodo
1894 2600 1928 2634 ὃ(
1944 2600 2059 2635 Fastio

1162 2650 1194 2684 ἀ
1210 2649 1350 2684 Aeacius
1361 2660 1475 2684 eontra
1498 2650 1594 2684 istam
1608 2649 1860 2687 damnationem
1883 2651 2058 2693 pertinaci·

1163 2711 1211 2734 ter
1230 2700 1448 2734 calcitrarinr.
1477 2699 1526 2735 Ita
1548 2710 1693 2744 namque
1711 2700 1817 2735 solent
1831 2700 1994 2735 versatilia
2009 2700 2061 2734 in·

1162 2752 1281 2794 genia:
1310 2750 1426 2784 Aristae
1437 2750 1608 2795 agitabiles
1621 2750 1661 2785 ad
1674 2762 1810 2786 omnem
1822 2761 1963 2785 ventum
1976 2776 1983 2783 .

1215 2801 1373 2835 Notanda
1394 2802 1469 2835 sunt
1484 2801 1674 2836 Relationis
1697 2801 1792 2835 verbz
1813 2801 1854 2835 de
1867 2803 1976 2836 Sansti
1992 2800 2062 2843 Cy-

1164 2851 1228 2885 rilli
1252 2852 1435 2894 Capitulis:
1463 2856 1499 2884 ln
1519 2851 1625 2894 quibus
1650 2863 1751 2885 omnes
1777 2876 1787 2891 ,
1813 2861 1878 2884 tam
1901 2856 1953 2894 qui
1980 2861 2058 2884 nunc

1161 2901 1232 2944 sunt
1244 2926 1255 2941 ‚
1280 2913 1373 2944 quam
1382 2906 1434 2944 qui
1444 2902 1513 2935 olim
1529 2902 1658 2944 quolibet
1671 2910 1802 2945 tempore
1805 2901 1936 2944 fuerunt
1947 2924 1957 2940 ‚
1983 2903 2057 2933 san-

1163 2952 1225 2985 c‘los
1246 2951 1504 2985 anathematizare
1520 2950 1712 2995 praesumplt‘t
1725 2977 1732 2985 .
1760 2952 1892 2986 Sanstus
1905 2951 2055 2994 Cyrillus

1165 3013 1288 3046 magno
1300 3003 1418 3037 mentis
1432 3004 1492 3038 suae
1501 3004 1574 3036 zelo
1589 3014 1625 3036 ac
1639 3003 1763 3045 impetu
1786 3003 1934 3036 adversus
1946 3002 2058 3035 Doro-

1163 3050 1230 3086 thei
1242 3078 1252 3093 ,
1279 3053 1589 3096 Martianopolitani
1603 3053 1827 3096 Metropolitas
1839 3076 1848 3091 ‚
1863 3052 1895 3085 in
1912 3051 2054 3085 solemni

1165 3103 1311 3137 Nestorii
1338 3103 1465 3146 Synaxi
1491 3103 1682 3137 blaterantis
1707 3102 1748 3137 ad
1775 3112 1908 3137 omnem
1934 3101 2056 3146 Regiae

1164 3153 1304 3187 civitatis
1318 3153 1453 3190 Clerum
1469 3153 1502 3190 ὃ(
1515 3152 1680 3197 Populum
1694 3177 1704 3193 ,
1731 3155 1764 3186 51
1776 3159 1842 3195 quis
1855 3156 1990 3185 Mariam
2000 3151 2054 3195 esse

1168 3206 1245 3237 Dei·
1251 3212 1363 3245 param
1386 3205 1499 3238 dixerit
1521 3229 1531 3245 ,
1558 3202 1725 3236 anathema
1741 3202 1798 3244 fit,
1828 3201 2052 3246 blasphemam

227 3249 553 3284 rarumconverfione
572 3253 824 3296 &confufione,
850 3256 906 3302 qui
928 3266 997 3289 non
1013 3255 1106 3298 ipsius
1167 3253 1339 3288 audaciam
1374 3254 1494 3298 scripsit
1519 3251 1559 3288 ad
1586 3251 1824 3288 Berrhaeensem
1863 3250 2051 3287 Acacium.-

229 3297 431 3341 Apollinarii
450 3310 536 3333 error
549 3302 634 3342 fuit,
660 3304 712 3338 sed
723 3304 918 3340 Polemonis
939 3315 1037 3348 atque
1046 3304 1108 3338 Ti-

228 3347 373 3382 mothei.
401 3350 558 3390 Relatio,
583 3351 687 3394 plures
713 3354 797 3389 alios
822 3356 973 3395 imitata,
1003 3355 1112 3390 Disci-

227 3398 382 3443 pulorum
393 3399 498 3436 sordes
520 3402 703 3438 transcribit
717 3404 751 3438 in
765 3404 960 3451 Magistrum
976 3430 982 3440 .

1170 3306 1286 3346 Ecquid
1307 3316 1373 3348 ergo
1395 3311 1427 3337 in
1449 3303 1686 3338 orthodoxorum
1708 3302 1835 3346 Ecclesia
1858 3314 1923 3337 cum
1933 3302 2053 3336 Sanc'lis

1172 3354 1314 3388 Patribus
1325 3354 1494 3388 anathema*
1502 3354 1581 3397 falli
1591 3356 1780 3388 adoriemur?
1808 3358 1960 3396 comperto
1975 3362 2062 3384 nam·

1172 3415 1223 3447 que
1230 3413 1351 3439 aeternae
1372 3412 1517 3439 mimoriae
1533 3403 1715 3450 Episcopum
1729 3403 1917 3447 Athanasium
1938 3401 2056 3484 Jl‘kaefflm

1936 3457 1946 3484 t'
1970 3460 2020 3484 am
