2358 3750
1047 114 1283 178 <21t)(4)
1313 112 1426 176 (Ψ)

599 198 766 262 ιβΠᾸῑίΞ
807 197 1306 236 CELSITUDINI
1346 197 1862 259 SERENISXSIMAER

312 282 815 337 ALEXANDRO
853 281 1272 341 FARNESIQ
1309 262 1679 330 PRffiNCIPI
1715 286 1811 333 DE
1846 275 2141 346 PARMA,

472 363 541 398 Sua
547 363 726 404 Catholicae
736 363 911 409 Majestatis
920 373 976 407 per
986 363 1128 408 Belgium
1137 358 1373 400 Gubernatori,
1395 362 1550 407 Supremo
1560 364 1893 402 ArmorumiPraefedto
1902 389 1913 406 ,
1925 370 1985 400 ὅτε.

610 437 1094 483 8ΕΚΕΝ138ΙΜῌ
1145 435 1525 476 PRINCEPS,

328 510 344 524 ›;
356 501 364 505 .
378 500 386 512 2
474 494 557 525 [μ’
586 481 728 519 Nducias
758 481 887 523 aulisper
897 492 932 514 ac
943 480 1033 513 ferias
1045 479 1057 518 (
1068 478 1089 509 li
1101 477 1184 510 lubet
1194 479 1208 522 )
1218 479 1257 514 da
1268 479 1350 512 Tuis
1362 480 1546 525 gravissimis
1557 503 1567 518 ‚
1589 481 1698 521 quibus
1716 482 1865 517 incumbis
1885 483 2072 525 Reipublicae
2090 497 2145 520 ne-

318 531 320 547 :
336 527 380 567 57²1„
384 544 411 569 f?
458 524 501 573 ῥ’,
520 530 523 535 ’
551 528 557 537 ’
595 525 708 567 godis,
750 535 804 559 um
816 523 868 556 Te
878 521 1127 567 interpellamus.
1143 518 1226 566 ’Ecce
1235 520 1432 567 Clyt-astianum
1441 522 1555 566 Ingenii
1567 522 1679 563 Lupini
1693 546 1701 558 ,
1716 524 1765 557 led
1775 525 1875 561 adhuc
1885 527 1918 559 in
1927 527 2012 561 cunis
2019 529 2144 569 vagien-

389 585 397 607 5
516 564 544 600 ῗὲ,
553 582 556 587 ‹
569 593 573 600 ,
597 574 662 601 tem
670 565 783 601 foetum
795 564 872 601 Tibi
884 572 920 596 ut
930 563 1053 602 publlco
1063 561 1176 599 Patrne
1187 559 1268 593 Patri
1280 572 1317 594 ac
1330 563 1447 595 Tutori
1461 564 1585 595 terimus
1597 566 1629 595 Sc
1647 563 1806 598 offerimus
1815 589 1825 604 ,
1846 566 1915 600 imo
1931 577 1983 601 nec
1999 567 2143 608 ferimus,

318 604 361 628 ew:
372 593 417 649 01
485 606 487 609 v
561 616 568 649 ,Ἰ
595 608 651 648 qui
669 606 774 647 {napta
793 605 896 647 sponte
909 604 946 635 ad
964 602 1060 648 animi
1084 602 1331 642 magnitudinem
1343 605 1453 637 Tuam
1467 627 1475 641 ,
1497 607 1582 637 viam
1599 604 1769 650 adfectabat
1783 618 1793 646 5
1814 616 1849 640 ut
1860 617 1934 649 pote
1954 610 2144 651 gratitudine

388 661 425 691 ,5⁷
470 611 529 693 ἱ
535 652 570 683 318,
597 648 792 689 impellente,
814 646 861 679 sed
880 648 913 676 δι’
923 644 1113 690 ἢῑψῐῆΰῑῒῆῑῖθ.
1123 642 1202 691 Tua*
1216 644 1386 691 appellante
1406 645 1548 680 inductus
1558 670 1565 677 .
1586 645 1628 678 Et
1648 645 1716 682 iane
1735 649 1974 689 ingravescentis
1994 660 2145 693 aegraeqne

460 693 465 696 λ
482 682 568 729 βξ·
580 714 584 719 ,
594 691 694 726 „tatis
704 688 884 726 imbecillior
894 685 991 721 foetus
999 684 1182 718 lulcimento
1194 685 1396 732 indigebat&
1408 688 1507 725 tutela
1520 700 1528 720 ε
1550 697 1715 729 utrumque
1725 691 1834 730 reperit
1847 692 1877 725 in
1889 690 2137 736 auspicatissimo

536 736 543 738 ⁴
594 727 922 773 Fasaesianonomine,
943 723 1149 760 unde-novum
1165 727 1309 761 universo
1319 728 1432 768 Belgio
1443 731 1546 762 lumen
1565 731 1597 761 δε
1608 732 1754 762 columen
1765 729 1878 765 affulsit
1889 756 1896 763 .
1957 730 1960 733 ’

349 770 451 804 Porro
460 772 600 811 Eximius
610 772 672 809 Vir
682 768 856 815 Christianus
865 767 1061 814 Lupus-bonae
1072 766 1267 814 laudataeque
1290 770 1445 802 memoriae
1457 793 1465 808 ,
1487 770 1702 808 Ecclesiasticae
1721 773 1920 814 antiquitatis
1940 784 2057 815 vorago
2068 797 2078 812 ,
2099 774 2138 808 de

306 811 496 847 Lovanienfi
507 816 677 852 Academia
687 810 760 849 bene
770 816 897 854 merrtus
908 831 918 846 ,
939 819 994 855 vrx·
1000 819 1036 841 ex
1046 808 1142 841 Italia
1152 810 1245 841 redux
1255 832 1266 848 ‚
1287 809 1366 842 Tuo
1378 814 1410 843 δε
1421 814 1516 844 Caroli
1526 814 1648 848 Secundi
1661 813 1791 845 secundo
1802 814 1972 855 adspirante
1989 815 2117 850 favonio
2126 838 2138 854 ‚

306 854 346 886 ad
356 853 506 893 primaria
517 858 550 895 δ’(
562 855 665 895 Βεςῗ
674 853 702 890 S.
715 850 783 897 Tb.
792 848 932 898 subsellia
942 873 953 888 ,
975 852 1026 887 seu
1038 850 1231 884 Cathedram
1241 851 1272 883 in
1283 850 1409 889 Grudio
1420 853 1519 894 Belgii
1533 854 1684 891 Atlienaeo
1696 854 1820 888 evectus
1829 879 1838 894 ‚
1862 856 1934 891 huic
1953 858 2047 897 magis
2066 867 2138 898 pro-

303 894 382 928 desse
392 897 550 937 Christjano
560 864 664 939 labog
674 915 685 931 ,
704 893 740 939 βε
750 901 864 938 ingenii
875 891 918 939 lui
928 892 1138 931 monumentis
1148 891 1315 925 destinarat
1330 904 1339 932 3
1361 903 1393 926 at
1411 892 1433 927 ὸ
1445 895 1551 928 invida
1570 896 1633 930 fata
1645 895 1652 929 ἔ
1677 897 1880 930 invalitudine
1891 920 1901 936 ,
1923 900 1958 930 &-
1977 896 2063 931 fatali
2082 898 2139 930 illa

303 935 371 977 lege
379 937 545 976 impeditus
553 937 616 968 non
625 942 727 975 pottut
737 957 755 979 .-
766 933 829 968 Cui
841 931 1023 973 priusquam
1029 931 1237 979 succumberet
1249 957 1266 972 „
1281 935 1438 968 Tutorem
1450 935 1522 971 huic
1540 938 1659 977 pupillo
1679 937 1871 971 (electiorcm
1890 939 1991 973 alium
2004 940 2136 980 ,reperire

301 987 371 1051 nos}
377 977 475 1011 valuit
485 999 496 1016 ‚
516 975 596 1015 certe
606 986 659 1008 nec
669 975 774 1010 voluit
782 985 917 1023 quaerere
927 997 938 1013 ,
958 984 1012 1012 nec
1022 972 1126 1007 debu1t
1137 997 1149 1015 ,
1170 973 1188 1008 a
1198 986 1262 1023 quo
1276 984 1396 1015 tantum
1406 977 1454 1015 illi
1467 978 1695 1015 benevolentias
1717 980 1783 1012 imo
1804 982 1837 1012 &
1860 978 2065 1015 beneficentiae
2084 991 2135 1014 ac-

302 1028 340 1051 ce
363 1026 428 1052 erat
438 1040 447 1052 v

341 1060 452 1100 Itaque
460 1060 506 1092 uti
515 1060 602 1098 aliud
612 1058 773 1095 Volumen
783 1059 956 1094 Variorum
971 1059 1099 1093 Parrum
1109 1059 1256 1100 Epistolis
1267 1056 1411 1094 hactenus
1423 1061 1545 1099 ineditis
1564 1061 1741 1095 decoratum
1755 1085 1764 1100 ‚
1787 1062 1908 1095 inscribi
1931 1062 2033 1095 voluit
2052 1056 2136 1096 Sere-¹

297 1100 414 1147 mffimo
423 1104 559 1147 Principi
567 1125 578 1141 ,
600 1103 697 1143 Cosmo
707 1105 807 1135 Tertio
818 1104 927 1142 Magno
937 1104 1066 1133 Etruria
1077 1105 1154 1133 Duri
1166 1125 1178 1141 ‚
1199 1110 1234 1134 ut
1243 1112 1321 1142 quos
1333 1104 1522 1144 cognationis
1545 1104 1701 1136 vinculum
1721 1104 1884 1145 conjunxit
1895 1128 1905 1142 ,
1925 1105 2136 1144 patrocinium

301 1151 365 1173 non
375 1141 474 1184 disJun
494 1151 526 1176 at
536 1155 546 1183 5
567 1145 612 1176 ita
621 1155 717 1184 quam
727 1140 895 1176 retexendae
906 1143 978 1175 huic
988 1144 1165 1180 Scholiorum
1176 1143 1247 1179 telae
1256 1143 1401 1180 ultimam
1412 1146 1538 1176 navavit
1547 1155 1674 1184 operam
1685 1167 1695 1182 ,
1716 1156 1791 1185 quas
1805 1145 1991 1179 lucubrando
2009 1145 2135 1179 obsum-

298 1182 356 1223 psit
365 1183 465 1229 clepsy
489 1196 535 1218 ras
545 1208 555 1223 ‚
565 1185 771 1218 Illustriss-imo
782 1186 861 1218 Tuo
870 1184 991 1219 nomini
1002 1185 1157 1224 pollucere
1169 1184 1348 1219 decreverat
1358 1207 1365 1216 .
1393 1184 1477 1217 Hinc
1487 1184 1525 1216 ad
1536 1184 1693 1218 benefa6ta
1704 1187 1843 1221 animum
1855 1195 2033 1226 retorquens
2044 1209 2053 1224 ‚
2076 1197 2134 1219 oc-

297 1222 449 1271 casionem
459 1225 572 1261 affidue
582 1235 748 1267 aucupatus
757 1226 919 1267 propalam
928 1225 1099 1270 prodendi„
1120 1222 1309 1266 quantopere
1320 1227 1402 1259 Tuae
1416 1225 1602 1262 Celsitudini
1622 1227 1769 1268 privatim
1791 1226 1870 1260 foret
1888 1228 2038 1260 obnoxius
2050 1238 2058 1265 ;
2082 1227 2134 1262 sub

296 1264 395 1307 ipsum
404 1268 476 1300 vitae
484 1268 576 1301 finem
587 1267 658 1301 vere
670 1266 810 1311 Cygnaea
824 1277 900 1300 voce
910 1289 920 1304 ‚
946 1266 1024 1300 hanc
1035 1267 1131 1306 ipsam
1142 1267 1385 1303 lucubrationem
1396 1277 1458 1300 non
1471 1266 1543 1302 satis
1566 1266 1650 1304 suam
1660 1269 1780 1309 putavit
1790 1291 1801 1306 ,
1823 1267 1878 1303 uisi
1898 1269 2016 1301 &Tua
2026 1267 2107 1303 foret
2123 1292 2132 1301 .

337 1307 514 1350 Abfitergd
521 1332 532 1348 ,
543 1318 577 1342 ut
586 1309 698 1345 nostrae
707 1308 932 1350 ingratitudinis
942 1309 1024 1343 vitio
1035 1307 1183 1341 beneficia
1195 1308 1250 1339 illa
1262 1307 1430 1342 oblivionis
1443 1309 1613 1350 periculum
1622 1311 1734 1345 adeant
1745 1332 1754 1347 ,
1775 1318 1830 1342 aut
1851 1309 2012 1350 interjecto
2036 1309 2140 1351 spatio

295 1347 506 1389 obsoleseant:
528 1354 602 1388 Cum
610 1355 710 1390 omma
719 1351 864 1390 benefalla
874 1353 907 1383 in
916 1352 979 1384 luce
998 1352 1129 1382 collocari
1140 1350 1174 1390 se
1192 1352 1305 1385 volunt
1315 1372 1323 1384 ,
1342 1349 1426 1383 Hinc
1444 1360 1483 1385 ne
1503 1349 1626 1382 Gratiis
1640 1349 1708 1390 ipsis
1727 1361 1833 1390 parum
1853 1351 1932 1390 grati
1955 1351 2113 1385 videamur
2121 1370 2141 1389 ‚a

292 1392 438 1425 certatim
445 1403 572 1434 operam
582 1393 741 1431 dedimus«,
762 1401 796 1426 ut
808 1391 909 1426 nostra
919 1402 956 1430 eit
967 1391 1031 1434 ejus
1042 1391 1202 1423 voluntate
1212 1390 1290 1425 Tibi
1300 1391 1523 1431 polluceremus
1534 1403 1542 1423 :
1564 1400 1657 1431 atque
1676 1390 1756 1425 adeo
1766 1391 1849 1433 quod
1861 1392 1913 1423 ille
1923 1393 1988 1426 voti
2002 1390 2132 1434 promis-

294 1428 380 1466 fione
390 1433 503 1468 tac'itus
517 1433 685 1476 susceperat
708 1436 742 1468 δε
759 1432 861 1475 palam
871 1433 1099 1470 declaraverat,
1121 1442 1198 1464 nunc
1209 1431 1301 1466 debiti
1318 1432 1469 1473 religione
1484 1430 1729 1473 repraesentamus
1741 1454 1749 1462 .

335 1474 400 1507 Cui
409 1475 536 1515 quidem
548 1478 635 1516 operi
645 1475 803 1515 Christiano
812 1475 936 1508 calamo
957 1476 989 1506 δε
1004 1473 1148 1509 industria
1163 1472 1233 1506 satis
1243 1472 1398 1508 illustrato
1408 1495 1418 1511 ‚
1437 1470 1490 1505 etli
1509 1472 1579 1505 suus
1599 1482 1662 1504 non
1683 1470 1757 1504 defit
1767 1470 1905 1512 splendor
1925 1475 1958 1506 δε
1976 1473 2110 1515 pretium
2122 1484 2132 1511 5

292 1513 361 1555 plus
379 1523 484 1549 tamen
502 1516 532 1547 ei
552 1515 718 1556 splendoris
740 1539 749 1554 ,
771 1517 923 1556 pretiique
942 1515 1064 1551 accedet
1083 1537 1093 1553 ‚
1116 1513 1138 1546 fi
1157 1515 1186 1547 ei
1214 1513 1404 1555 praefigamus
1422 1513 1647 1550 Sereniffimum
1664 1514 1876 1557 Farnesianum
1885 1523 1998 1548 nomen
2008 1537 2016 1545 .
2038 1513 2132 1562 Qud

293 1556 377 1587 enim
387 1577 397 1594 ,
407 1557 548 1597 quamvis
560 1557 599 1590 ad
610 1557 716 1590 laudes
726 1556 797 1589 satis
808 1555 844 1588 fis
857 1556 917 1597 ipse
928 1556 1005 1590 Tibi
1022 1579 1032 1594 ,
1048 1556 1196 1589 illustrius
1215 1555 1409 1591 celeberrima
1419 1555 1473 1587 illa
1484 1557 1517 1588 &
1532 1555 1612 1597 sago
1631 1557 1665 1587 &
1677 1555 1770 1597 Toga
1786 1557 1820 1587 &
1831 1555 1996 1588 Pontificia
2006 1555 2108 1590 Tiara
2118 1578 2135 1595 ,s

293 1596 375 1629 unde
385 1607 450 1631 non
459 1597 588 1639 deneger
598 1596 734 1631 surculus
746 1597 893 1639 prodiisti,
902 1598 1082 1639 Farnefiana
1093 1597 1180 1640 stirpe
1192 1597 1206 1629 Ρ
1216 1597 1427 1638 Praeterquam
1435 1596 1520 1638 quod
1532 1596 1610 1632 hanc
1619 1596 1752 1631 illustret
1761 1599 1879 1629 ‘Paulus
1888 1599 1937 1628 ΙΠ.
1949 1606 2041 1631 antea
2047 1599 2130 1631 ,Ale-

292 1639 407 1672 xander
423 1640 576 1681 Farnefius
591 1639 690 1673 dictus
700 1663 710 1678 ,
720 1639 813 1674 Pont.
822 1639 901 1671 olim
910 1637 1069 1672 Maximus
1079 1661 1089 1676 ,
1103 1638 1305 1672 Oecumenici
1316 1639 1454 1673 Concilii
1466 1638 1643 1673 Tridentini
1659 1636 1828 1674 indiffionc
1837 1648 1902 1671 nou
1915 1638 1991 1671 Urbi
2004 1639 2110 1671 notior
2118 1661 2142 1679 ,-

293 1679 390 1722 quim
400 1679 481 1716 Orbi
493 1694 503 1716 .·
513 1682 582 1723 quis
592 1681 685 1715 nescit
697 1681 838 1722 Majores
847 1680 939 1713 Tuos
949 1681 1116 1713 odoardum
1125 1683 1158 1714 &
1169 1684 1333 1720 Remurium
1342 1684 1458 1716 ‘Parma
1468 1690 1503 1713 ac
1513 1682 1677 1715 'Placentia
1687 1683 1790 1718 Duces,
1800 1691 1879 1721 quos
1888 1688 1997 1713 natura
2009 1679 2047 1713 ad
2058 1690 2130 1712 om-

291 1723 364 1768 nem
374 1721 474 1757 laudis
483 1734 517 1756 ac
529 1723 639 1765 gloriae
651 1722 847 1764 nobilitatem
857 1732 982 1764 magnos
991 1730 1084 1764 atque
1096 1721 1230 1756 excellos
1242 1722 1385 1763 produxit
1395 1722 1408 1756 ἓ
1418 1721 1628 1764 Farnestanum
1635 1722 1718 1755 enim
1727 1731 1821 1767 genus
1830 1730 1951 1756 tantum
1960 1722 2004 1758 est
2016 1744 2026 1763 ‚
2046 1729 2082 1755 ut
2091 1721 2130 1755 ad

293 1764 431 1806 gloriam
440 1764 468 1799 ei
478 1765 555 1797 nihil
566 1765 657 1807 adjici
670 1764 760 1807 poffit
770 1787 780 1803 ,
802 1764 872 1798 aliis
883 1773 988 1796 autem
999 1764 1109 1796 addere
1120 1763 1207 1804 pollit
1217 1764 1382 1804 plurimum
1393 1787 1400 1798 .
1509 1765 1513 1768 ’

337 1804 425 1850 Qus
437 1806 559 1848 ignorat
579 1807 635 1846 (in
645 1817 709 1848 quo
719 1806 803 1838 Tuae
813 1804 912 1838 laudis
923 1805 1015 1838 cardo
1034 1802 1222 1844 potiffimum
1234 1805 1386 1847 vertitur)
1409 1806 1502 1840 hocce
1513 1807 1625 1842 Tuum
1642 1817 1733 1849 genus
1753 1806 1848 1847 longa
1866 1804 2130 1840 selectiffimorum

290 1846 458 1880 Procerum
469 1845 544 1881 serie
554 1847 671 1879 illustre
680 1870 690 1885 ‚
703 1847 850 1879 illustrius
859 1846 1018 1878 reddidisse
1028 1845 1188 1878 Proavum
1198 1846 1308 1878 Tuum
1317 1848 1528 1880 „Alexandrum
1548 1849 1737 1888 'Parmenftm
1756 1849 1813 1888 (ut
1825 1848 2013 1888 appellatum
2020 1846 2102 1878 nosti
2115 1847 2130 1886 )

292 1890 448 1928 Belgarum
458 1890 616 1920 Camillum
626 1911 635 1926 ‚
646 1890 680 1920 δῖ
690 1887 826 1928 repetito
839 1885 996 1919 Demetrii
1008 1894 1217 1927 cognomento
1230 1886 1362 1921 Urbium
1373 1897 1611 1930 expugnatorem
1620 1890 1637 1922 ἓ
1645 1889 1705 1921 Ille
1713 1888 1875 1921 enimvero
1887 1887 2049 1920 Romanus
2058 1909 2069 1925 ‚
2080 1886 2132 1919 sed

293 1928 536 1968 somsfiraeqoe
546 1928 648 1961 vietor
658 1929 834 1962 Alexander
843 1949 853 1964 ‚
864 1927 1021 1966 quondam
1034 1928 1067 1958 in
1079 1927 1203 1968 Belgio,
1214 1929 1271 1960 hoc
1281 1929 1388 1961 eodem
1400 1939 1523 1961 munere
1531 1929 1721 1974 petfunCtus,
1733 1928 1827 1967 spirat
1836 1929 2008 1960 etiamnum
2019 1929 2050 1958 in
2060 1926 2127 1959 for-

294 1967 581 2010 nter-praeclareque
592 1969 682 2011 gestis
692 1992 702 2007 ,
723 1968 800 2001 vivit
810 1968 909 2000 adhuc
920 1969 952 1999 δε
967 1964 1110 2008 perpetuo
1122 1970 1204 2001 vivet
1215 1969 1245 2000 in
1255 1970 1364 2002 animis
1373 1967 1591 2010 affectibusque
1603 1969 1768 2011 Belgarum
1784 1969 1963 2002 aeternitatis
1973 1967 2057 2010 stylo
2076 1968 2126 2001 in—

294 2011 427 2052 sculptus
436 2034 443 2041 .
467 2010 538 2056 Qu
548 2021 610 2043 non
620 2011 742 2052 ignarus
753 2033 762 2048 ,
772 2010 838 2044 boni
850 2009 947 2049 ,stren
953 2013 1038 2050 uique
1048 2009 1254 2043 Gubernatoris
1262 2009 1314 2051 effi
1323 2033 1333 2048 ,
1343 2010 1417 2042 teste
1429 2010 1578 2043 Romano
1586 2010 1622 2042 Sa
1646 2011 1726 2042 iente
1738 2032 1749 2048 ,
1765 2019 1816 2050 pro
1828 2010 2032 2049 universarum
2036 2010 2125 2050 salu-

296 2062 327 2086 re
336 2052 486 2090 excubare,
498 2062 554 2092 pro
569 2051 792 2094 Belgisjugiter
801 2050 968 2083 excubabat
977 2074 985 2081 .
1007 2050 1107 2091 Cujus
1117 2050 1269 2084 Her-oicas
1280 2062 1380 2088 curas,
1391 2054 1424 2083 δε
1436 2052 1599 2085 Martiales
1625 2052 1734 2094 piritus
1745 2073 1754 2089 ‚
1767 2051 1901 2091 bonique
1912 2051 2025 2091 publici
2038 2061 2127 2084 amo.-

297 2106 363 2129 rem
371 2092 419 2128 sat
430 2093 547 2137 Belgici
562 2093 695 2130 Annales
706 2094 878 2134 loquuntur
890 2106 898 2126 2
910 2100 1020 2133 utpote
1031 2090 1048 2124 a
1058 2103 1122 2133 quo
1134 2094 1164 2124 in
1177 2091 1363 2126 difficillimo
1373 2092 1481 2126 Patriae
1490 2093 1569 2125 statu
1579 2116 1589 2131 ,
1609 2094 1688 2125 inter
1698 2093 1795 2133 prima
1805 2093 1861 2123 illa
1879 2092 2128 2124 turbulentorum

300 2136 464 2169 hominum
475 2143 679 2173 tentamenta,
686 2144 749 2166 non
760 2135 849 2167 aliter
859 2133 887 2167 se
897 2134 1000 2175 Belgae
1010 2134 1071 2175 regi
1084 2132 1235 2167 lenierunt
1245 2133 1340 2175 quam
1351 2133 1474 2167 servari.
1494 2134 1696 2166 Exercebatur
1706 2144 1813 2176 nempe
1825 2134 1920 2167 virtus
1933 2133 2001 2174 ejus
2011 2133 2128 2176 iniqui-

297 2186 362 2211 tate
370 2186 541 2218 temporum
552 2199 562 2214 ‚
574 2177 604 2208 in
616 2187 687 2219 quae
695 2176 840 2209 inciderat
850 2199 860 2214 ,
871 2186 935 2208 non
946 2178 1048 2217 ignara
1058 2176 1175 2216 magnis
1188 2176 1328 2216 periculis
1342 2186 1452 2216 magno
1462 2186 1537 2216 opus
1546 2176 1604 2207 esse
1616 2176 1756 2214 adjutore
1767 2198 1775 2206 .
1797 2174 1886 2208 Adde
1897 2198 1907 2213 ,
1917 2175 2083 2216 quodcum
2093 2175 2126 2207 in

297 2219 468 2260 Religione
479 2217 609 2250 tutanda
620 2229 653 2250 ac
664 2218 870 2259 promovenda
879 2218 962 2251 zelus
973 2218 1020 2250 vel
1032 2215 1167 2249 maxime
1177 2218 1440 2250 commendaverit
1451 2228 1460 2255 ;
1478 2218 1550 2249 dum
1559 2227 1623 2249 non
1634 2216 1729 2249 modo
1740 2215 1882 2248 adversus
1901 2224 1968 2248 tum
1977 2216 2128 2256 temporis

298 2260 479 2303 grassantem
490 2258 653 2293 I-Iaereseos
663 2259 775 2292 rabiem
785 2261 917 2292 armavit
928 2258 1075 2296 Martem,
1087 2258 1134 2291 sed
1144 2261 1177 2291 &
1189 2258 1302 2291 {acram
1312 2259 1433 2297 Artem,
1442 2259 1514 2291 dum
1525 2258 1628 2299 Regio
1637 2269 1694 2290 aere
1705 2258 1735 2289 in
1745 2257 1926 2290 Lovanicnsi
1936 2257 2052 2300 Lycaeo
2063 2256 2128 2290 Re-

299 2300 445 2344 ligiosum
455 2300 702 2334 Mendicantium
713 2300 872 2334 Ordinum
884 2300 1063 2332 instructum
1072 2301 1276 2334 Seminarium
1286 2300 1366 2333 fovit
1378 2311 1413 2332 ac
1423 2301 1572 2332 animavit
1581 2322 1591 2338 ‚
1612 2309 1645 2339 ut
1655 2298 1823 2332 Sanstioris
1841 2297 2005 2332 DoCtrinae
2023 2299 2129 2331 studiis

300 2343 412 2376 imbuti
425 2365 436 2381 ‚
457 2341 630 2376 adversanti
644 2340 766 2375 Haeresr
774 2341 895 2375 fortiter
904 2341 1068 2374 resisterent
1079 2352 1089 2380 5
1110 2350 1203 2381 atque
1213 2340 1333 2374 adeo'in
1344 2341 1434 2373 studii
1445 2341 1542 2374 stadio
1551 2340 1738 2374 currentibus
1758 2339 1957 2373 admovendo
1968 2340 2128 2374 stimulum

296 2388 337 2419 ’δε
349 2384 470 2422 calcar,
480 2383 661 2417 certantibus
673 2383 850 2416 sufficiendo
861 2385 940 2416 vires
950 2406 960 2421 ‚
982 2381 1144 2424 Religioni
1155 2380 1273 2422 optime
1290 2382 1462 2415 consuluit.

343 2425 386 2459 Et
395 2426 564 2466 experietur
574 2424 712 2466 profecto
724 2424 866 2465 Belgium
877 2425 890 2462 (
903 2423 941 2456 fic
950 2421 1026 2455 bene
1035 2424 1165 2454 ominari
1176 2424 1288 2464 liceat)
1299 2424 1476 2462 Seremfflme
1485 2426 1624 2462 ‘Princeps
1634 2445 1644 2460 ,
1653 2422 1777 2454 virtutis
1785 2422 1868 2454 Tuae
1875 2420 2106 2462 generositatem
2116 2444 2127 2460 ,

302 2478 371 2509 quae
381 2464 503 2498 onerosi
517 2465 605 2504 huius
617 2466 743 2498 honoris
754 2464 805 2497 libi
818 2464 935 2505 pondus
946 2462 1120 2496 vendicabat
1133 2464 1263 2506 ,Teque
1273 2463 1483 2504 comprobavit
1494 2465 1524 2495 in
1535 2464 1591 2495 hoc
1601 2463 1717 2503 Belgici
1729 2461 1901 2502 Regiminis
1912 2460 2065 2503 fastigium
2075 2486 2084 2499 ‚
2096 2463 2128 2500 in

302 2509 389 2549 cujus
398 2507 513 2539 bonum
523 2516 610 2537 curas
620 2507 756 2537 extendis
766 2506 870 2541 Tuas,
883 2506 997 2544 Teque
1008 2512 1107 2535 totum
1119 2506 1263 2544 impendis
1276 2528 1285 2543 ,
1292 2516 1355 2537 non
1366 2506 1445 2537 idem
1455 2504 1613 2535 dumtaxat
1622 2513 1748 2539 nomen,
1758 2501 1862 2534 verum
1873 2500 1992 2534 easdem
2001 2514 2126 2545 quoque

304 2550 434 2583 virtutes
444 2545 583 2578 intulilse.
598 2545 699 2589 Quod
711 2544 968 2585 praeclarissimum
978 2555 1088 2576 munus
1099 2545 1175 2578 Tibi
1185 2550 1196 2577 ε’
1209 2548 1308 2578 Carolo
1319 2547 1529 2585 Hispaniarum
1537 2547 1606 2583 Rege
1617 2543 1791 2582 delegatum
1801 2543 1973 2576 constanter
1981 2543 2126 2577 haetenus

306 2587 501 2624 administras
511 2595 575 2620 tam
585 2597 694 2619 curace
705 2588 879 2627 vigilantia,
889 2594 952 2619 tam
962 2586 1044 2618 fideli
1056 2586 1292 2626 prudentia,tam
1301 2586 1381 2627 justo
1393 2586 1523 2626 denique
1533 2584 1791 2620 moderamine,ut
1801 2584 1876 2616 dum
1886 2583 2010 2617 Vicaria
2022 2585 2067 2616 uti
2078 2585 2126 2616 al-

304 2641 351 2665 ter
363 2628 514 2662 Hercules
524 2638 580 2668 ope
593 2627 750 2668 Belgitum
761 2639 848 2660 axem
857 2638 926 2659 cum
939 2629 960 2659 C
962 2629 1039 2658 arolo
1051 2627 1181 2660 viriliter
1190 2637 1283 2669 atque
1293 2628 1411 2659 utiliter
1422 2623 1657 2666 iustines,reapse
1665 2624 1845 2670 contestere,
1855 2623 1996 2665 singulari
2008 2626 2060 2658 Te
2069 2626 2127 2659 Su·-

305 2682 413 2714 perum
424 2669 530 2702 favore
540 2669 578 2700 ad
590 2668 739 2709 publicam
750 2668 863 2701 Patriae
873 2668 1054 2701 felicitatem
1075 2671 1107 2700 &
1117 2679 1279 2701 commune
1290 2669 1453 2709 Belgarum
1463 2667 1578 2699 bonum
1589 2664 1739 2707 augurato
1755 2665 1976 2709 auspicatoquc
1995 2667 2123 2699 destina-

305 2711 372 2746 tum
381 2710 445 2744 effe.
459 2707 552 2743 Adeo
566 2718 599 2741 ut
607 2709 749 2749 Maiores
760 2712 805 2742 tui
817 2720 879 2742 non
888 2708 1052 2746 denati‚sed
1062 2710 1095 2742 in
1106 2711 1158 2743 Te
1168 2711 1265 2742 renati
1277 2708 1454 2742 revivilcent
1466 2720 1474 2747 ;
1485 2709 1561 2749 quin
1570 2708 1780 2744 Alexandrum
1790 2707 1944 2740 Pro-avum
1954 2709 1985 2739 in
1997 2708 2060 2746 Te,
2071 2708 2125 2742 ‘re
2143 2748 2148 2751 ,

305 2757 340 2788 in
350 2751 525 2788 ‚Alexandro
535 2750 676 2792 graphice
686 2751 850 2791 expressum
860 2774 870 2789 ,
883 2760 978 2791 utque
987 2750 1161 2791 Dignitatis
1173 2774 1182 2789 ‚
1202 2752 1247 2783 ita
1257 2751 1290 2783 T
1293 2762 1310 2782 e
1323 2750 1386 2791 ejus
1398 2751 1510 2782 indolis
1520 2750 1667 2782 haeredem
1677 2760 1689 2786 ‚-
1709 2759 1745 2780 ac
1754 2749 1882 2788 proinde
1891 2759 1954 2781 non
1964 2750 2062 2782 aliurn
2071 2749 2126 2783 Te

308 2807 360 2829 ma
383 2795 408 2826 is
420 2793 566 2825 idoneum
577 2800 669 2825 tantae
678 2793 757 2825 moli
769 2792 934 2825 Atlantem
943 2792 1046 2832 Belgae
1070 2803 1177 2825 omnes
1186 2792 1366 2834 cognoscent
1376 2815 1386 2830 ,
1408 2791 1564 2831 suspicient
1574 2813 1584 2828 ,
1604 2789 1824 2823 venerabuntur
1835 2813 1842 2822 .

347 2804 434 2881 (Ξυε
453 2834 559 2866 omnia
570 2855 580 2872 ,
601 2834 725 2875 aliaque
744 2833 951 2874 praestantiora
963 2856 973 2871 ,
995 2844 1062 2874 quae
1081 2834 1126 2865 uti
1150 2834 1290 2866 Atlantis
1311 2842 1416 2865 vertex
1436 2832 1524 2872 supra
1537 2832 1600 2864 haec
1618 2831 1762 2863 inferiora
1772 2854 1782 2869 ,
1804 2834 1846 2863 ita
1857 2830 1940 2872 supra
1950 2831 2102 2864 calamum
2112 2854 2123 2870 ‚

307 2885 480 2916 vocemque
490 2874 626 2907 nostram
638 2874 707 2907 {unt
716 2898 726 2913 ‚
746 2885 802 2907 nos
812 2874 996 2907 confidenter
1010 2876 1150 2907 induxere
1158 2898 1169 2912 ,
1189 2884 1223 2907 ut
1233 2878 1254 2907 C
1254 2874 1392 2915 hristiana
1401 2874 1513 2906 Scholia
1523 2881 1572 2906 tot
1591 2873 1782 2906 eruditorum
1799 2874 1881 2907 votis
1900 2875 2031 2915 expetita
2041 2896 2052 2912 ,
2073 2874 2123 2907 in-

308 2928 354 2953 ter
363 2918 475 2952 Palatii
486 2917 660 2957 penetralia
672 2940 681 2955 ,
702 2916 797 2957 Vi’strae
807 2917 989 2957 Celfitudims
1000 2917 1131 2956 vestigiis
1149 2915 1315 2949 fisteremus
1327 2939 1335 2948 .

349 2961 508 3000 Speramus
518 2958 650 2996 interim,
663 2962 749 2989 Herus
758 2957 1031 2998 Geuerostffime,Te
1041 2966 1174 2989 mentem
1183 2958 1272 2989 illam
1281 2957 1476 2998 negotiorum
1486 2966 1638 2997 capacem,
1649 2956 1727 2988 inter
1735 2963 1783 2988 tot
1793 2955 1973 2989 decumanas
1984 2955 2060 2999 Regi
2065 2956 2124 2988 mi-

310 3002 360 3034 nis
370 3001 437 3033 Tui
449 3009 537 3032 curas
548 3021 559 3037 ,
569 3010 655 3031 more
665 3001 698 3031 8<
711 3010 815 3031 amore
826 2999 903 3032 Tuo
913 2998 951 3030 ad
961 3009 1016 3030 nos
1028 3000 1242 3030 inclinaturum
1251 3021 1262 3037 ,
1280 2998 1538 3039 admiffurumque
1549 2999 1642 3030 hocce
1650 2996 1811 3029 Volumen
1821 3020 1831 3036 ,
1852 3009 1883 3029 re
1893 2998 2017 3039 quidem
2028 3007 2124 3038 :lugu-2

283 3058 285 3061 v
311 3043 391 3075 stum
401 3063 410 3079 ,
420 3041 470 3072 sed
481 3038 592 3078 affeetu
602 3041 801 3073 decumanum
809 3042 842 3072 δε
853 3039 1013 3082 augustum
1022 3062 1032 3077 ,
1043 3040 1130 3071 velut
1139 3040 1260 3071 arrham
1268 3039 1465 3081 gratitudinis
1476 3043 1508 3070 &
1519 3037 1655 3079 obsequii
1666 3048 1738 3079 erga
1747 3038 1799 3071 Te
1809 3049 1963 3080 nunquam
1973 3048 2124 3072 emoritu-

314 3084 342 3116 ri
354 3106 362 3113 .
385 3081 458 3114 Hoc
469 3092 563 3113 unum
571 3081 759 3122 deprecantes
768 3104 779 3119 ,
797 3089 832 3113 ut
846 3080 927 3112 idem
937 3081 990 3112 ille
1000 3091 1087 3112 amor
1097 3103 1106 3118 ,
1118 3081 1288 3122 prothymia
1300 3103 1311 3118 ,
1322 3078 1447 3113 affectus
1459 3102 1468 3117 ‚
1478 3090 1570 3120 quem
1580 3080 1612 3114 in
1624 3079 1783 3112 Eximi-am
1792 3081 1928 3112 nostrum
1938 3080 2124 3121 Scriptorem

312 3123 451 3156 exeruisti
465 3144 476 3159 ,
495 3133 645 3163 quemque
655 3123 791 3155 Proavus
800 3122 891 3154 Tuus
901 3123 994 3154 etiam
1004 3123 1033 3153 in
1044 3121 1230 3154 Bruxellenfi
1243 3121 1400 3155 Coenobio
1410 3120 1603 3154 admittendo
1613 3120 1810 3163 fovendoque
1821 3122 1954 3155 ostendit
1964 3144 1974 3161 ,
1993 3123 2026 3153 in
2036 3121 2123 3156 Ordi-

313 3175 380 3196 nem
388 3163 643 3202 ,Augustinianum
653 3164 729 3196 Tuo
739 3164 856 3196 nomini
867 3164 1015 3195 devotum
1024 3173 1058 3195 ac
1069 3162 1245 3196 devinerum
1255 3185 1266 3201 ,
1276 3160 1294 3195 ὲ
1305 3163 1358 3196 Te
1370 3161 1502 3195 studiose
1511 3161 1705 3195 conservetur
1713 3185 1721 3193 .
1828 3184 1831 3188 ,
1983 3179 1985 3184 ν

354 3206 458 3244 Atque
467 3211 502 3234 ut
513 3204 565 3235 diu
576 3205 713 3246 Belgicas
722 3204 899 3237 Provincias
908 3215 962 3245 pro
974 3203 1063 3246 Rege
1074 3214 1169 3245 regas,
1179 3204 1250 3236 dum
1259 3204 1404 3244 privatim
1415 3212 1531 3236 vovent
1540 3213 1714 3241 omnes‚nos
1723 3214 1847 3246 quoque
1857 3201 2124 3244 auspicatiffimam

315 3245 433 3286 Belgici
444 3243 491 3276 Re
513 3245 614 3277 iminis
623 3246 912 3278 administrationem
923 3245 1043 3285 supplici
1054 3257 1138 3286 prece
1149 3255 1295 3279 vovemus
1305 3256 1355 3287 per
1364 3246 1420 3278 hoc
1429 3244 1584 3277 Volumen
1597 3242 1665 3284 publ
1671 3243 1713 3277 ice
1724 3268 1731 3276 .
1752 3245 1836 3278 Felix
1849 3245 1856 3278 l
1875 3244 1896 3276 fi
1909 3247 1939 3276 in
1950 3249 2056 3276 manus
2068 3244 2123 3276 ad—

313 3287 474 3320 mittaturz
502 3285 597 3319 'elices
606 3296 662 3320 nos
673 3285 681 3320 Ξ
692 3286 713 3318 fl
725 3287 756 3318 in
767 3288 858 3319 animi
870 3287 937 3320 Tui
949 3287 1099 3328 gratiam:
1423 3287 1697 3328 SERENISSIME
1717 3288 1924 3328 PRINCE‘PS

709 3331 983 3361 CELSITUDINIS
1013 3331 1103 3362 TUAE
1123 3330 1383 3361 SERENISSIMAE
1794 3350 1797 3352 -

1143 3367 1294 3399 AEternum
1315 3368 1413 3399 devoti
1434 3369 1477 3398 uti
1496 3367 1617 3399 devincti
1638 3369 1776 3400 Cultores
1793 3369 1826 3400 &
1844 3367 1969 3398 Clientes

1175 3410 1241 3433 'Prior
1258 3408 1285 3434 θ’
1299 3409 1564 3442 Conventus'Lovanienfis
1574 3410 1712 3434 FFAEremit.
1719 3410 1743 3434 S.
1750 3410 1775 3435 P.
1783 3408 1919 3441 Augustini.

2004 3442 2076 3479 m·-
