2320 3730
597 162 908 217 Scuomm,
946 177 1007 204 ET
1043 160 1238 205 Nous
1280 171 1675 204 lLLUSTRATAE.

224 246 332 288 <usque
348 243 388 277 ad
408 243 539 276 noestem
555 254 566 273 .-
590 240 642 274 Ea
663 243 785 284 peraeta
799 241 909 276 Patres
919 241 1129 307 obtulerunt¹

230 296 373 328 solemne
386 291 603 326 Sacrificium.
617 292 719 338 Qod
731 293 830 326 etiam
845 293 941 327 mane
951 289 1027 326 ante
1037 302 1109 325 exa-

231 344 327 376 minis
354 342 530 387 ingressum
552 341 733 375 obtulerint
756 367 768 383 ‚
795 355 864 377 non
891 343 937 377 est
957 341 1110 377 dubitan-

229 394 307 425 dum
320 418 326 424 .
355 392 476 426 Comes
482 403 565 437 ergo
578 393 806 427 Candidianus
817 393 982 436 Cyrillum
995 404 1031 425 ac
1041 390 1110 433 ejus

228 442 383 486 Collegas
407 444 559 487 rogavit,
587 452 623 475 ut
643 443 735 476 illam
754 442 945 476 modestiam
959 466 970 481 ,
996 442 1032 474 in
1047 452 1111 484 qua

227 493 328 535 usque
351 492 390 526 ad
401 494 457 526 sua
479 493 514 527 in
527 492 719 526 Nestorium
736 491 818 525 Aeta
831 517 840 532 ‚
867 492 966 525 etiam
990 491 1023 523 in
1043 491 1110 535 ipsa

229 540 440 578 pentecostes
464 543 674 576 solemnitate
686 542 885 586 perstiterant
898 566 908 581 ,
934 541 1108 575 continua-

228 603 303 625 rent
316 592 466 636 usquead
479 592 649 636 Rescripta
659 591 820 638 Principis
832 605 843 624 .·
874 592 927 627 Ut
938 589 1110 634 Synodum

231 640 385 675 haberent
406 654 466 686 pro
476 643 617 677 necdum
632 652 739 684 aperta
752 665 759 673 .

279 690 408 727 Verum
422 692 488 729 haec
498 693 584 727 ratio
596 702 663 725 non
678 690 843 725 militabat
855 692 888 725 in
901 691 1087 726 Memnone
1101 716 1111 732 ,

223 742 386 776 residente
409 744 442 776 in
468 742 594 786 propria
605 740 741 775 civitate
762 741 988 779 &athech-a.
1017 742 1111 776 Hinc

227 791 459 826 Candidianus
489 791 534 824 est
561 791 666 833 ipsum
695 792 899 836 singulariter
925 792 1089 837 aggressus
1101 817 1112 832 ,

230 841 332 876 latam
347 843 370 875 a
380 843 508 885 joanne
519 840 708 875 patriarcha
728 843 922 877 sententiam
943 845 972 877 ei
983 843 1112 876 intima-

231 892 303 932 vit,
328 892 522 931 &hortatus
541 890 586 925 est
599 891 748 926 obedire.
777 893 872 930 Hinc
895 893 1000 927 &ille
1021 903 1113 934 repo-

230 942 295 975 suit
306 954 313 973 :
340 943 427 983 ,Quia
438 951 587 984 quantum
606 947 728 985 cognovi
739 966 750 982 ‚
777 942 909 985 depofim
920 955 973 976 nos
984 940 1113 984 Sandis-

1924 178 1986 222 43

1170 238 1304 274 datione
1325 263 1336 280 ‚
1361 249 1499 272 exutum
1519 240 1614 272 omni
1636 241 1689 283 spe
1708 241 1918 287 recuperandi
1942 242 2051 278 hono-

1170 290 1229 324 ris.
1257 282 1301 325 Et
1323 290 1466 323 minatus
1487 290 1534 323 est
1554 290 1668 323 referre
1687 289 1728 323 ad
1750 291 1916 338 Principes
1940 318 1948 326 .
1974 293 2050 328 Nec

1170 339 1386 374 dubitandum
1399 364 1410 379 ‚
1436 340 1518 383 quin
1530 341 1636 373 minas
1654 340 1832 383 expleverit
1844 368 1851 375 .
1879 344 1983 379 Haud
1994 344 2055 378 du-

1151 385 1153 387 ’
1170 390 1223 424 bie
1243 391 1330 424 idem
1352 391 1430 424 fecit
1455 389 1701 426 Candidianus.
1734 390 1775 424 Et
1787 402 1827 424 ex
1837 392 1930 435 hujus
1943 396 2052 429 forsan

1170 442 1326 475 relatione
1345 441 1486 484 Joannes
1507 441 1667 479 sacrarum
1679 441 1913 486 Largitionum
1932 443 2056 479 Comes

1169 491 1287 526 didicit
1306 491 1462 532 modum,
1489 502 1558 534 quo
1581 492 1697 535 &ipse
1722 491 1833 525 ambas
1844 501 1971 535 partes,
1997 494 2056 527 do-

1173 553 1232 575 nec
1252 542 1287 575 in
1308 542 1446 586 gratiam
1467 541 1609 575 redirent
1627 566 1639 583 ,
1664 542 1773 576 voluit
1800 541 1817 575 ὲ
1840 542 1998 576 conectis
2018 553 2056 577 ac

1172 590 1245 624 aliis
1269 592 1406 626 Divinis
1427 591 1621 631 Ministeriis
1642 591 1855 636 suspendere.
1882 591 2056 639 Qidquid

1173 641 1232 679 sit,
1261 651 1396 683 utraque
1410 642 1543 676 Relatio
1554 643 1649 686 periit
1671 652 1727 676 aut
1738 642 1838 677 latet.
1865 642 2003 676 Interim
2017 644 2054 677 in

1173 688 1394 732 Synodalibus
1404 692 1495 726 Actis
1506 692 1550 726 est
1562 694 1713 738 frequens
1726 692 1821 735 hujus
1842 693 1890 727 rei
1905 693 2033 728 mentio
2045 718 2053 725 .

1175 741 1310 774 Etenim
1332 740 1447 773 Sancta
1457 742 1609 783 synodus
1632 744 1750 788 scripsit
1777 743 1914 787 loannis
1937 743 2056 778 Atten-

1173 801 1280 824 tatum
1301 790 1394 824 fuisse
1416 790 1641 833 incompetens
1663 817 1674 834 ,
1699 794 1869 832 infirmum
1894 817 1905 834 ‚
1934 793 2057 838 puerile

1172 839 1330 883 judicium
1358 864 1368 880 ,
1394 838 1604 874 dicacitatem
1623 866 1634 882 ‚
1662 842 1835 880 audaciam
1856 869 1868 886 ‚
1894 844 2057 879 temerita-

1174 901 1242 924 tem
1265 914 1276 930 ‚
1302 889 1486 924 convitium
1508 914 1520 929 ‚
1545 894 1778 929 contumeliam
1800 919 1813 936 ,
1838 895 1980 938 ideoque
2000 894 2060 938 ipsi

1174 941 1208 974 in
1222 940 1315 975 nullo
1327 940 1419 974 fuisse
1430 939 1642 975 deferendum
1655 965 1662 972 .
1692 940 1739 974 At
1752 945 1832 978 vero
1841 945 1977 988 Ioannis
1992 945 2067 979 An-

217 990 461 1035 AfimusJoannes
485 1003 550 1024 cum
559 993 686 1030 synodo,
713 1004 782 1034 quae
800 1003 864 1025 cum
887 992 950 1036 ipso
960 991 1016 1031 est.
1049 995 1113 1035 ,Qui
1175 989 1431 1025 tiochenifat‘tio
1442 990 1690 1034 pertinacissime
1712 990 1890 1032 sustinuit5
1916 1004 2064 1029 omnem-

230 1051 289 1074 non
301 1043 399 1073 dicam
409 1050 513 1074 contra
531 1041 606 1073 banc
617 1043 761 1080 synodum
768 1045 943 1084 praevalere
956 1043 1114 1086 quodcum-

224 1101 286 1133 que
304 1101 362 1123 non
376 1096 478 1132 potuit
489 1115 500 1131 ‚
527 1093 613 1124 crede
634 1098 705 1133 quia
717 1103 768 1126 nec
773 1091 831 1135 soli
853 1093 996 1135 mibifine
1005 1093 1114 1134 Synodo

224 1142 521 1183 poteratpraevqlere
532 1167 539 1174 .
570 1143 762 1177 Admiratur
772 1143 909 1187 Joannis
919 1144 1091 1179 audaciam
1103 1167 1115 1184 ‚

228 1190 288 1234 qui
310 1191 345 1224 in
366 1190 498 1234 plenam
509 1192 683 1234 Synodum
706 1193 937 1237 praesumpserit
956 1194 1023 1228 tale
1039 1194 1116 1227 faci·

230 1251 311 1274 nus.
338 1241 420 1280 Hoc
441 1242 551 1278 sensu:
568 1243 714 1283 Joannes
734 1253 787 1275 nec
809 1255 855 1276 me
864 1242 960 1285 solum
971 1245 1115 1276 damnare

226 1291 310 1333 pfft
318 1315 325 1322 .
353 1294 420 1335 Ego
428 1296 508 1325 em‘m
514 1290 584 1335 sum
593 1291 734 1333 Astatia-us
741 1291 906 1335 Episcopus
916 1318 927 1334 ‚
950 1294 984 1327 <¹5
993 1294 1115 1336 quidem

226 1346 323 1376 totius
344 1340 504 1385 Dioeceseos
535 1342 746 1384 Autocepbalus
771 1343 935 1378 Exarcbus
959 1367 970 1384 ‚
994 1345 1116 1386 ideoque

233 1390 399 1425 Antiocblae
423 1392 611 1429 Patriarcba
632 1392 711 1425 nihil
730 1397 762 1425 in
781 1405 828 1430 me
847 1418 859 1434 ‚
877 1396 976 1435 juxta
996 1392 1117 1437 J'extum

234 1446 398 1475 Nicaenum
432 1446 585 1479 canonem
620 1466 634 1482 ,
668 1441 760 1478 habet
789 1449 912 1488 penitus
940 1443 1113 1486 potestatis.

234 1491 388 1534 ,Quomodo
406 1495 498 1538 igitur
519 1490 636 1524 habeat
655 1497 690 1524 in
723 1491 925 1535 universalem
949 1496 1113 1533 synodum?

231 1540 400 1577 Memnon
414 1540 549 1585 excepit
569 1540 612 1575 de
638 1540 790 1576 nullitate
809 1543 991 1578 sententiae:
1018 1545 1118 1578 Dixit

230 1591 336 1635 ipsam
357 1591 421 1625 esse
441 1602 510 1625 non
521 1590 689 1633 Synodale
708 1591 891 1635 judicium,
918 1594 973 1628 sed
998 1593 1118 1629 hostile

232 1641 420 1676 convitium
447 1665 460 1682 ,
493 1640 633 1686 ideoque
661 1642 717 1687 ipsi
745 1643 935 1679 nullatenus
972 1643 1117 1679 deferen-

234 1689 315 1726 dum
330 1717 338 1724 .
674 1690 677 1694 ’

284 1741 512 1777 Candidianus
533 1741 574 1782 ad
593 1744 853 1788 permovendum
878 1746 1044 1790 Cyrillum
1066 1743 1117 1785 ad-

232 1792 332 1827 duxit
353 1793 389 1828 &
398 1793 497 1828 aliam
505 1794 665 1828 rationem
680 1807 687 1827 :
715 1798 781 1839 Ego
790 1805 892 1830 autem
903 1806 1038 1830 neutram
1046 1805 1118 1839 par-

231 1852 297 1877 tem
319 1845 384 1877 volo
393 1842 537 1882 celebrare
558 1845 734 1885 Collec‘lam,
765 1855 802 1879 ne
804 1846 888 1887 forte*
899 1848 1024 1888 aliquod
1027 1845 1118 1889 schisl

233 1904 289 1925 ma
309 1893 428 1926 sanna
449 1902 539 1934 atque
571 1894 752 1926 orthodoxae
782 1904 938 1937 generetur
964 1894 1117 1936 Ecclefiae.

240 1940 374 1984 Utique
393 1942 494 1989 usque
511 1942 552 1979 ad
564 1943 771 1986 Rescriptum
792 1943 970 1988 Principis,
998 1945 1119 1981 Voluit

234 1992 403 2034 utriusque
421 1992 519 2034 partis
532 1991 614 2029 Acta
639 2002 771 2026 manere
785 1993 932 2036 suspensa
944 2007 956 2027 .·
983 1994 1120 2037 Suspen-

234 2042 303 2076 sam
326 2051 464 2077 omnem
483 2040 660 2083 Synodum
686 2067 692 2074 .
723 2042 853 2076 Omnes
879 2043 950 2077 istic
968 2044 1119 2088 utiusque

235 2091 335 2135 partis
348 2091 528 2134 Episcopos
538 2089 655 2136 degere
674 2102 710 2125 ut
721 2092 862 2127 advenas
874 2118 884 2134 ,
911 2094 944 2128 &
956 2094 1051 2138 fungi
1071 2095 1120 2128 so-

237 2141 274 2176 lo
294 2141 418 2177 Clerici
439 2141 552 2175 officio
575 2165 586 2182 ,
614 2154 652 2177 ae
675 2143 698 2176 fi
720 2143 875 2185 synodus
888 2143 1119 2179 necdumeffet

236 2201 344 2234 aperta
359 2216 366 2223 .
391 2190 535 2238 Qanto
558 2192 682 2236 impetu
696 2193 822 2228 Comes
847 2193 931 2228 istud
944 2194 1123 2238 postulave-

237 2241 301 2282 rit,
326 2240 461 2280 edicunt
482 2239 551 2280 haec
571 2242 641 2284 ejus
662 2243 756 2277 verba
770 2257 781 2277 .·
808 2247 875 2288 Ego
889 2250 922 2277 in
937 2244 999 2288 ipso
1011 2245 1125 2278 sabba-

235 2291 290 2324 tho
306 2294 350 2323 ad
370 2290 524 2334 vesperam
536 2299 641 2336 rogavi
652 2317 663 2334 ,
690 2292 871 2336 &sequenti
884 2296 934 2328 die
945 2297 1038 2329 valde
1049 2295 1126 2329 dilu-

235 2342 300 2374 culo
308 2343 428 2376 vadens
442 2343 487 2374 ad
495 2344 759 2384 reverendtffimum
771 2343 950 2388 Episcopum
959 2347 1100 2384 Cyrillum
1111 2371 1121 2387 ,

238 2391 330 2432 idest,
361 2393 408 2425 die
432 2395 600 2431 Dominico,
626 2405 686 2426 non
706 2395 816 2437 ceffavi
826 2407 933 2439 rogare
956 2405 1046 2439 atque
1055 2405 1124 2438 pre-

238 2447 326 2479 cari,
353 2450 387 2472 ut
405 2452 477 2473 meae
495 2441 679 2480 postulationi
695 2446 881 2479 concederet,
909 2446 958 2477 1111·
981 2448 1054 2478 vero
1066 2456 1123 2481 non

239 2487 451 2531 acquieftentes
461 2495 619 2530 exierunt,
642 2491 1016 2535 collecvamquefecerunt.
1045 2497 1122 2526 Con-

237 2548 292 2572 tra
311 2550 384 2580 qups
400 2540 581 2573 contendere
600 2540 682 2571 ultra
703 2553 760 2573 non
783 2544 867 2575 valui
892 2567 900 2574 .
928 2543 979 2576 Ex
1005 2543 1123 2586 quibus

239 2599 328 2632 patet
352 2613 364 2629 ‚
390 2589 480 2632 quod
502 2588 643 2631 Joannes
671 2590 840 2623 Sabbatho
866 2593 906 2625 ad
937 2594 1124 2636 vesperam,

240 2639 395 2683 proximo
415 2638 470 2672 die
481 2638 550 2685 post
576 2639 667 2672 suum
680 2640 859 2675 adventum
882 2642 915 2675 &
927 2650 1121 2676 attentatam

240 2689 435 2724 sententiam
448 2711 458 2727 ‚
482 2687 640 2732 vigesimo
654 2691 790 2733 septimo
802 2691 891 2734 Junii
904 2717 915 2733 ‚
942 2693 1122 2727 Candidia-

241 2750 323 2773 num
334 2739 543 2776 advocaverit
555 2763 566 2778 ,
591 2740 624 2774 &
636 2739 692 2773 has
703 2741 742 2774 ad
756 2742 860 2784 ipsum
871 2743 985 2776 fecerit
999 2754 1122 2786 preces.

242 2789 286 2824 Et
307 2789 397 2832 quod
416 2788 643 2825 Candidianus
666 2790 774 2824 statim
796 2792 893 2826 fuerit
912 2793 983 2835 ipsis
994 2793 1123 2828 obsecu-

241 2851 295 2873 tus
321 2865 327 2870 .
353 2839 523 2877 Sententia
550 2840 654 2874 fuerat
683 2842 849 2876 matutino
885 2842 1030 2886 ejusdem
1057 2843 1124 2878 diei

239 2900 389 2932 ternpore
410 2889 637 2934 promulgata,
664 2891 804 2935 ideoque
827 2893 971 2938 Joannes
994 2893 1125 2928 dubita·

242 2940 320 2980 bat,
345 2952 387 2973 an
407 2940 538 2973 forsitan
562 2941 601 2974 ad
614 2941 731 2984 Cyrilli
753 2944 786 2976 &
800 2943 1014 2988 Collegarum
1033 2954 1124 2978 aures

203 2991 205 2993 '
242 2990 449 3032 pervenisset.
474 2990 555 3036 Qo
578 2990 630 3024 die
652 2991 734 3027 faeta
756 2993 853 3027 fuerit
877 2993 944 3028 baec
966 2994 1100 3029 Relatio
1114 3018 1124 3034 ,

245 3049 313 3072 non
324 3040 469 3075 constat,
501 3040 601 3074 Haud
612 3041 710 3076 dubie
732 3044 813 3077 faeta
836 3044 900 3078 fuit
922 3044 1030 3078 statim
1050 3045 1120 3088 post

1175 1052 1240 1085 que
1262 1041 1433 1084 Synodum
1458 1040 1613 1075 clamavit
1635 1040 1820 1085 prolapsam
1834 1042 1868 1076 in
1882 1047 2060 1086 praevarica-

1175 1092 1303 1133 tionem
1314 1093 1421 1135 quarti
1435 1090 1644 1133 Antiocheni
1653 1092 1792 1127 canonis
1814 1117 1821 1124 .

1331 1316 1689 1366 CAPUT
1758 1320 1924 1367 XIII.

1181 1459 1351 1505 Dominis
1407 1457 1636 1517 Reverendis
1668 1494 1682 1518 ‚
1730 1463 1791 1506 (9⁴
1837 1458 2075 1507 Honorandis

1251 1528 1478 1593 Presbyteris
1511 1565 1523 1589 ‚
1560 1533 1619 1574 (θ’
1654 1531 1833 1575 Diaconis
1862 1565 1875 1588 ‚
1924 1534 1983 1575 Θ
2018 1549 2075 1577 re-

1251 1597 1360 1663 liquis
1407 1597 1558 1646 Clericis
1588 1635 1602 1658 ‚
1655 1602 1717 1643 (9⁴
1751 1602 1885 1650 Amico
1933 1597 2078 1645 Christi

1251 1667 1393 1736 Populo
1439 1673 1478 1716 in
1532 1665 1733 1736 Hierapoli
1779 1670 2037 1738 Euphraufiae
2063 1705 2076 1729 ,

1253 1743 1284 1785 S
1285 1737 1399 1786 αηὲἶα
1424 1739 1593 1804 ,Synodus
1619 1738 1868 1786 Orientalium
1891 1776 1905 1800 ,
1942 1745 2001 1786 <²9
2023 1761 2079 1787 eo-

1252 1829 1339 1862 rum
1375 1814 1438 1875 qui
1472 1830 1522 1858 ex
1557 1809 1714 1873 diversis
1749 1812 1974 1876 Regionibus
2015 1827 2079 1856 at-

1252 1898 1318 1945 que
1353 1884 1565 1926 Provinciis
1594 1895 1662 1946 per
1691 1885 1869 1945 gratiam
1901 1886 1976 1927 Dei
2009 1885 2082 1928 im„

1253 1946 1446 2014 Ephesum
1493 1966 1738 2001 converterunt
1771 1985 1786 2008 ,
1834 1954 1873 1996 in
1921 1956 2080 2003 Domino

1250 2016 1413 2085 gaudere
1432 2052 1445 2064 ο

1285 2190 1441 2227 Uoniam
1451 2201 1515 2225 con
1521 2190 1656 2234 sequens
1668 2190 1797 2226 videtur
1806 2191 1945 2227 existere
1956 2217 1966 2233 ,
1990 2193 2082 2237 quod

1311 2241 1367 2282 hi,
1394 2241 1589 2285 quisursum
1610 2241 1760 2276 universa
1782 2241 1930 2277 fecerunt
1949 2241 1990 2276 ad
2014 2254 2082 2286 per-

1336 2291 1541 2335 emptionem
1572 2293 1663 2326 resta’,
1693 2290 1771 2326 fidei
1794 2316 1805 2332 ‚
1831 2294 1866 2327 ὅ(
1890 2293 2082 2326 confusione

1185 2353 1222 2377 ac
1241 2339 1539 2385 perturbationibus
1565 2352 1664 2386 atque
1684 2342 1917 2386 iniquitatibus
1939 2354 1988 2378 res
2022 2344 2085 2377 Ec-

1186 2391 1374 2426 clesiasticas
1384 2392 1654 2436 compleverunt,
1684 2392 1822 2431 salutem
1835 2395 2001 2437 propriam
2013 2393 2083 2428 des·

1188 2450 1334 2484 perantes
1347 2464 1358 2481 ‚
1382 2442 1505 2484 dirigat
1516 2441 1558 2475 ad
1573 2453 1653 2483 vos,
1681 2454 1718 2477 ut
1742 2444 1843 2479 etiam
1863 2445 2002 2478 vestram
2015 2443 2083 2477 Re-

1189 2489 1367 2524 verentiam
1386 2489 1573 2533 perturbent
1604 2490 1728 2525 illicitis
1763 2493 1799 2525 <Sc
1820 2493 1944 2535 iniquis
1965 2493 2081 2527 litteris

1187 2540 1270 2580 suis,
1296 2538 1420 2573 idcirco
1431 2539 1602 2582 agnoscite
1615 2564 1626 2580 ,
1654 2540 1746 2583 quod
1755 2541 1859 2584 aliqui
1878 2553 1993 2576 eorum
2010 2553 2080 2586 pro-

1187 2600 1256 2633 pter
1269 2588 1452 2622 haereticam
1467 2588 1587 2631 Cyrilli
1601 2589 1797 2624 sententiam
1811 2614 1822 2630 ,
1848 2602 1948 2634 quarn
1960 2592 2083 2627 confir-

1169 2651 1275 2703 ‘mare
1297 2639 1562 2683 praesumpserunt
1588 2639 1883 2683 subscriptionibus
1922 2643 1987 2676 suis
2007 2668 2017 2684 ‚
2043 2644 2078 2677 &

1186 2700 1315 2734 propter
1334 2689 1413 2724 alias
1437 2689 1656 2735 perversitates
1670 2691 1740 2724 suas
1751 2690 1960 2734 depositisint
1973 2716 1984 2732 ,
2011 2692 2080 2727 reli-

1186 2741 1244 2783 qui
1257 2738 1331 2774 νει-ὀ
1341 2739 1479 2774 universi
1491 2740 1850 2778 excommunicationis
1861 2742 1952 2779 nodo
1964 2743 2079 2787 suppo-

1186 2791 1252 2829 siti,
1283 2791 1318 2825 <Sc
1332 2790 1457 2824 nullam
1468 2789 1540 2825 ,vim
1558 2790 1742 2825 sacerdotii
1753 2792 1897 2826 retinent
1909 2792 1950 2827 ad
1971 2794 2078 2837 ligan-

1185 2841 1265 2875 dum
1290 2841 1352 2875 sive
1364 2840 1579 2882 solvendum,
1606 2841 1656 2875 vel
1671 2841 1797 2886 aliquid
1808 2841 1897 2876 aliud
1915 2842 1958 2877 ad
1969 2843 2078 2878 Sacer-

1186 2891 1279 2927 dotes
1293 2890 1382 2933 quod
1396 2891 1535 2935 pertinet
1546 2892 1750 2935 operandum
1764 2918 1770 2925 .
1799 2892 1881 2927 Non
1896 2893 1998 2938 igitur
2011 2905 2077 2937 per-

1185 2941 1293 2976 turbet
1306 2942 1539 2976 Reverentiam
1552 2942 1712 2982 vestram,
1737 2943 1839 2987 siqua:
1862 2942 1903 2977 ab
1920 2943 1966 2977 eis
1990 2943 2078 2978 litte·

1186 3004 1223 3026 rae
1234 2992 1434 3037 dirigantur.
1462 2992 1597 3027 Infirma
1608 2994 1698 3027 enim
1710 2994 1802 3033 sunt,
1828 2993 1998 3028 &araneis
2021 2992 2079 3028 de-

1186 3042 1302 3077 biliora
1317 3067 1328 3082 ,
1354 3054 1425 3086 quae
1447 3041 1465 3075 a
1488 3043 1652 3086 Depositis
1679 3052 1777 3087 atque
1799 3044 2077 3079 Excommunica·

244 3089 333 3122 diem
345 3091 578 3124 Dominicum'.
606 3090 752 3127 Forsitan
774 3096 849 3128 feria
862 3093 1019 3129 secunda.
1049 3094 1122 3128 Nisi
1145 3095 1165 3112 “
1186 3094 1227 3127 tis
1248 3093 1332 3127 fiunt
1346 3117 1353 3124 .
1381 3094 1521 3136 Oportet
1533 3092 1610 3127 vero
1631 3092 1893 3138 Religiositatem
1915 3095 2074 3133 vestram,

244 3138 435 3194 Principum
462 3141 696 3184 Apostolorum
724 3143 879 3179 festivitas
904 3145 1066 3185 distulerit
1086 3146 1120 3179 in

241 3192 357 3228 feriam
375 3189 520 3225 tertiam.

293 3238 471 3286 Qidquid
492 3240 549 3280 sit,
576 3242 683 3278 audita
697 3244 874 3283 Relatione
886 3247 1029 3290 Joannes
1044 3256 1122 3280 con-

243 3289 335 3324 clusit
345 3289 510 3332 Cyrillum
538 3301 614 3325 cum
635 3294 697 3327 suis
711 3296 970 3331 Affeclisdenud
980 3296 1121 3340 praevari-

239 3351 375 3376 catum.-
403 3339 587 3383 Deliquisse
605 3342 638 3375 in
649 3355 800 3388 quartum
824 3358 987 3381 canonem
1003 3347 1121 3381 Antio·

238 3391 387 3429 chenum
399 3414 411 3431 ,
437 3390 577 3435 ideoque
590 3393 651 3428 esse
662 3394 870 3432 obfirmatum
893 3398 927 3432 in
941 3398 995 3433 s'ua
1010 3398 1121 3443 degra-

1185 3143 1341 3182 scientem
1351 3142 1510 3186 quoniam
1531 3143 1573 3177 de
1585 3143 1677 3178 nulla
1708 3155 1742 3183 re
1755 3154 1927 3188 tantopere
1947 3145 2075 3191 cogita-

1186 3204 1274 3234 mus,
1301 3204 1463 3236 quantum
1484 3193 1526 3228 de
1537 3194 1590 3236 pia
1613 3193 1702 3235 fide,
1727 3205 1825 3239 quam
1839 3194 1980 3238 praedisti
2003 3205 2071 3230 ten-

1185 3255 1335 3279 taverunt
1358 3245 1422 3277 suis
1443 3254 1562 3279 vocum
1586 3244 1974 3287 novitatibusamovere,
2001 3257 2071 3280 non

1186 3295 1290 3329 solum
1304 3305 1362 3338 pro
1376 3292 1472 3328 nobis
1481 3294 1601 3336 oretis,
1628 3294 1683 3329 sed
1707 3295 1883 3331 &fortiter
1902 3307 1982 3330 voto
2005 3294 2073 3330 ani-

1187 3347 1231 3379 mi
1243 3345 1477 3389 propugnetiS‚
1504 3355 1540 3379 ut
1552 3344 1862 3381 communicatores
1881 3344 2074 3381 efficiamini

1189 3407 1245 3440 pto
1257 3395 1377 3439 pietate
1389 3393 1576 3431 sudantium
1589 3420 1600 3437 ‚
1623 3397 1657 3431 δε
1675 3396 1826 3433 laborum
1840 3395 2072 3476 retriblptiones

1955 3454 2025 3490 ujus
