2320 3730
364 173 469 218 ,Μ

301 241 435 285 ‚ciendum
455 237 626 282 censuerunt
640 263 647 271 .
675 240 736 281 Sed
760 251 853 283 neque
872 241 991 276 morbus
1004 237 1193 272 invehendus

297 291 402 332 fuerat
415 314 426 330 ‚
453 301 546 333 neque
571 291 609 326 de
632 287 803 331 fallacibus·
817 290 878 330 istis
902 291 1040 323 remediis
1060 293 1195 330 cogitan—

300 342 373 382 dum
385 364 392 372 -
421 345 509 375 Nam
532 339 727 384 absurdarum
739 348 964 374 commentorum
977 349 1020 377 ‚ne
1028 348 1120 370 unum
1131 343 1193 379 qui·

298 391 367 431 dem
380 398 508 433 reperire
521 390 559 430 est
572 415 582 431 ,
609 394 689 433 quod
697 394 819 423 veritati
827 387 862 429 sit
873 399 1040 431 congruum,
1046 386 1104 429 sed
1114 389 1192 421 idem

296 442 374 477 illud
389 442 492 475 multis
508 439 565 482 fibi
587 440 643 483 ipsi
659 441 753 475 modis
780 437 982 481 adversatur:
1012 443 1077 471 Nec
1102 437 1191 473 babet

295 492 383 535 apud
397 492 480 526 reae
497 489 658 534 sentientes
685 490 736 522 ubi
763 488 910 529 conſjstat.
940 491 1008 520 Nec
1021 491 1101 522 Deus
1116 492 1190 523 Vere

295 541 367 576 bum
379 545 479 575 Carne
499 540 639 582 pafflbilis
658 539 694 578 est
706 565 717 580 ,
744 551 795 573 nec
807 550 872 573 caro
881 538 1061 579 impaffibilis
1078 539 1166 572 verbo
1177 565 1187 580 ‚

290 589 350 634 sed
361 600 394 625 ut
404 603 472 627 caro
479 589 641 633 sitiendum
653 596 808 632 propriam
820 597 960 621 naturam
976 590 1112 622 admittit
1118 589 1187 633 pas—

288 639 395 682 fionem
416 647 459 673 ita
482 638 691 683 inseparabilis
713 641 836 682 effentiae
859 638 944 672 verbi
963 645 1136 681 proprietas
1148 640 1186 679 est

291 692 506 733 impassibilitas
519 715 526 722 .
554 690 681 724 Verbum
696 694 784 731 igitur
788 686 819 729 st
827 699 915 722 carne
922 690 1036 733 passum
1049 691 1084 722 de
1095 701 1184 725 carne

287 734 438 784 quidnam
459 740 647 773 dixerimus?
674 742 830 773 Nimirum
851 739 944 773 Verbo
966 749 1019 773 aut
1039 746 1180 782 patitur,

281 800 342 830 put
355 802 412 822 non
421 795 541 830 patitur
555 801 561 820 ε
588 789 620 820 51·
632 798 689 821 non
694 794 818 830 patitur
835 790 1013 831 impaffibilis
1020 790 1110 832 fabia
1121 791 1158 831 est
1171 804 1179 834 3

282 840 313 882 fi
327 845 448 880 patitur
460 860 471 877 ‚
495 836 648 880 utriusque
670 840 826 880 pafflonem
848 842 1040 881 comprobant
1053 865 1063 881 ,
1089 853 1181 883 quan-

285 891 324 927 do
337 914 347 929 ,
373 898 406 924 ut
419 890 509 929 ajunt
521 913 531 929 ,
557 889 591 923 ὢ·
603 889 729 923 Verbum
744 901 831 924 carne
845 892 878 924 (se
890 895 968 923 Caro
979 897 1100 933 patitur
1110 896 1180 926 Ver-

283 940 320 979 bo
340 945 373 970 in
388 943 514 980 propria
538 947 666 972 natura.
697 941 759 974 sed
773 939 858 982 forti?
872 942 973 974 dicunt
991 954 998 974 z
1026 944 1179 985 ,Quomodo

280 994 373 1032 agitur
398 987 542 1031 Apostolus
565 995 664 1032 inquit
679 1013 689 1030 ,
718 990 770 1024 Ex
781 991 901 1034 quibus
912 991 956 1026 est
972 990 1122 1026 Christus
1138 994 1179 1026 se-

281 1037 428 1074 cundum
440 1050 573 1074 carnem
587 1040 603 1072 ἓ
631 1043 688 1073 Dic
701 1040 850 1081 Christum
869 1043 985 1085 passum
994 1067 1005 1083 ,
1032 1044 1066 1076 Ka·
1080 1044 1178 1076 eodem

279 1098 407 1124 recurret
432 1102 537 1125 nomen
560 1095 683 1123 carnis.
713 1093 779 1134 ¹Qui
803 1093 876 1125 dicit
890 1095 986 1126 Deum
998 1092 1127 1125 Verbum
1139 1092 1178 1135 es-

276 1138 408 1183 sentiam
420 1139 577 1182 simplicem
589 1137 721 1184 designat
735 1164 746 1181 ,
772 1147 824 1183 qui
835 1143 907 1175 verb
920 1144 994 1175 dicit
1004 1142 1154 1182 Christum
1168 1166 1178 1182 ,

275 1195 307 1229 ‘is
333 1192 459 1224 duarum
483 1200 660 1225 naturarum
686 1191 918 1233 conjuneiionem
945 1192 1096 1227 declarat.
1127 1198 1176 1227 At-

277 1252 333 1282 que
345 1240 394 1275 boc
409 1248 524 1277 nomine
541 1243 646 1276 dextre
657 1243 802 1289 explicari
814 1241 877 1276 haec
887 1244 1027 1286 loquendi
1035 1243 1173 1285 formula

271 1292 386 1334 potest,
414 1292 564 1327 Christus
584 1292 628 1328 est
654 1294 780 1336 passus:
809 1295 1083 1337 ‚Quiapraedicatio
1109 1294 1176 1329 haec

274 1342 532 1385 utrumquefimul
540 1342 707 1387 fignificat,
736 1344 948 1386 &impafflbile
966 1345 1114 1387 Verbum,
1142 1348 1175 1380 Gir

272 1393 436 1434 paffibilem
459 1404 598 1434 carnem,
624 1405 691 1437 quae
717 1396 750 1428 (τ
777 1405 898 1429 mortem
916 1395 1073 1440 gustavit.

272 1439 276 1444 ’
327 1443 478 1488 Largiter
499 1444 667 1486 ostendit,
694 1445 784 1488 quod
809 1445 1003 1490 Prophetae,
1033 1446 1176 1490 Aposto-

271 1491 299 1527 li
316 1515 327 1532 ,
353 1504 390 1531 ac
402 1494 617 1539 Evangelistae
630 1518 641 1534 ‚
669 1495 848 1538 passionem
861 1497 895 1530 &
908 1504 1048 1530 mortem
1064 1520 1074 1536 ‚
1099 1497 1176 1530 alia·

273 1553 338 1586 que
355 1544 470 1578 omnia
493 1545 660 1588 assumptae
684 1544 883 1580 infirmitatis
906 1547 1067 1581 idiomata
1091 1558 1174 1580 nun-

275 1603 378 1636 quam
393 1594 527 1630 vocibus
540 1598 622 1629 Deus
636 1596 766 1629 Verbum
779 1620 789 1636 ,
816 1596 870 1630 sed
888 1599 959 1631 voci
974 1621 984 1637 ‚
1012 1597 1146 1638 cbristus
1161 1622 1170 1637 ,

275 1643 404 1687 semper
416 1644 640 1688 adscripserint
653 1670 663 1685 ,
691 1647 723 1679 δε
734 1646 905 1680 concludit
917 1658 1051 1681 omnem
1062 1647 1104 1683 ab
1116 1648 1172 1681 ista

276 1692 382 1738 phrasi
406 1696 561 1729 recessum
586 1696 647 1730 effe
663 1695 886 1730 damnabilem
898 1708 934 1731 ac
946 1698 1174 1740 praevaricato*

274 1744 362 1778 tium
375 1770 382 1777 .
412 1744 518 1779 Addit
529 1756 590 1780 nec
603 1744 774 1780 Nicaenam
784 1746 957 1789 synodum
973 1773 984 1789 ‚
996 1760 1055 1782 nec
1070 1748 1172 1782 ullum

275 1793 429 1828 Ecclefiae
442 1794 571 1829 Patrem
582 1794 623 1828 ab
638 1796 667 1829 A
673 1796 832 1838 postolica
844 1795 947 1840 phrasi
970 1809 1115 1841 unquam
1130 1809 1174 1831 re-

277 1844 442 1883 ceffiffe‚&
454 1845 670 1889 prosequitur:
682 1848 743 1878 Hac
751 1850 864 1879 ratione
875 1847 909 1879 (⁰5
920 1850 1052 1879 Deitatis
1065 1846 1174 1889 impas-

276 1892 598 1937 fibilitas‚&paffi0nis
609 1897 776 1935 veritas‚&
786 1902 946 1930 communis
958 1896 1108 1930 bominum
1119 1904 1173 1930 uti-

278 1946 352 1981 litas
365 1945 587 1984 demonstratur.
614 1939 710 1987 thue
721 1944 869 1988 bicsermo
881 1946 918 1985 est
930 1952 1047 1981 veritas
1058 1947 1172 1989 perspi-

277 2004 332 2028 cua
347 2017 357 2032 ,
375 1994 612 2034 fundamentum
624 1995 767 2028 doarinae
779 1996 970 2038 inconcuffum
980 2021 990 2036 ,
1004 1998 1174 2040 magnitudo

279 2043 406 2083 Mysterii
417 2043 551 2083 illustris,
562 2044 725 2077 admiratio
738 2050 930 2084 antiquitatis
938 2044 998 2084 fide
1009 2047 1114 2087 digna,
1125 2047 1171 2076 de-

276 2104 327 2130 cus
349 2092 540 2126 orthodoxiae
552 2099 754 2134 incorruptum
765 2116 775 2132 ‚
789 2091 971 2135 consentiens
983 2095 1108 2135 denique
1117 2104 1172 2125 om-

274 2149 363 2180 nium
385 2145 560 2178 sannorum
577 2145 773 2185 praedicatio.
802 2145 841 2174 At
865 2153 975 2175 novam
998 2144 1032 2176 (θ’
1055 2144 1173 2176 inaudi-

280 2204 348 2228 ram
366 2191 500 2235 phrafim
517 2192 675 2234 proferre,
703 2190 846 2233 Dirisque
863 2193 1011 2227 devovere
1030 2204 1095 2232 eos,
1122 2199 1172 2235 qui

276 2247 371 2281 Deum
384 2253 472 2276 carne
484 2250 590 2285 negent
600 2241 763 2284 paffiim,id
774 2243 845 2275 verb
856 2240 894 2280 est
905 2252 962 2274 non
976 2241 1077 2282 nostrae
1088 2243 1172 2275 dum-

276 2302 369 2331 taxat
394 2297 495 2327 aetatis
518 2290 647 2324 homines
668 2292 843 2333 petulanter
861 2297 1021 2333 impetere,
1045 2293 1103 2334 sed
1113 2304 1170 2325 om-

265 2339 328 2379 ‘rtes
345 2349 476 2378 omnium
502 2351 628 2376 aetatum
641 2342 777 2376 Doc‘iores
797 2342 951 2381 evidenter
961 2343 1171 2379 condemnare.

275 2395 373 2430 Crede
394 2400 426 2426 in
451 2397 611 2428 Dominum
617 2391 730 2437 Jesum
757 2391 908 2431 Christum
926 2415 937 2430 ‚
963 2393 998 2426 (⁸2⁶
1018 2392 1151 2425 beaberis
1164 2418 1171 2426 .

274 2449 313 2481 In
337 2443 387 2478 boc
405 2448 523 2479 nomine
546 2441 766 2486 pulchrum,est
788 2440 898 2485 salutis
917 2440 1001 2484 spem
1025 2442 1169 2486 defigere.

275 2500 385 2537 Neque
405 2500 485 2530 enim
504 2492 543 2534 est
566 2494 654 2527 aliud
671 2491 724 2535 sub
738 2493 817 2526 coelo
831 2503 932 2527 nomen
943 2493 1030 2536 apud
1039 2492 1170 2528 homines

275 2548 383 2580 datum
396 2569 406 2585 ,
430 2553 485 2586 per
497 2546 578 2587 quod
583 2543 732 2587 servandi
738 2541 843 2584 sumus
859 2566 866 2574 .

327 2595 410 2628 Haec
432 2593 550 2628 adduci
572 2593 697 2637 placuit
721 2602 757 2625 ut
772 2591 920 2634 Capituli
934 2593 1170 2628 &mentem&

275 2644 565 2689 impugnationem
603 2641 697 2686 plene
726 2641 891 2685 intelligas
912 2667 923 2683 ,
948 2643 982 2678 δε
1007 2652 1043 2676 ut
1065 2644 1170 2678 videas

276 2693 479 2732 Eutheriutn
504 2692 618 2733 fuisse,
646 2692 720 2728 licet
734 2691 889 2733 devium,
918 2692 1025 2729 virum
1049 2694 1171 2728 eximie

276 2744 443 2780 eruditum
467 2768 475 2776 .
505 2743 658 2780 Affirmat
680 2742 788 2786 plura.
818 2741 932 2777 Primo
951 2767 963 2783 ,
990 2743 1080 2787 quod
1105 2743 1170 2787 Cy-

275 2794 370 2835 xillus
392 2818 404 2835 ,
430 2795 508 2829 Deo
531 2792 645 2828 Verbo
665 2792 903 2836 passibilitatem
928 2803 966 2827 ac
991 2794 1169 2837 paffionem

277 2843 423 2887 omnino
445 2842 627 2884 adscribat,
653 2842 795 2885 ideoque
818 2842 988 2877 labaturin
1002 2843 1170 2880 detestabi-

277 2896 343 2934 lem
360 2893 595 2938 blasphemiam
610 2918 616 2925 .
643 2893 747 2942 Qod
767 2893 827 2927 ista
839 2893 1062 2938 adscribatipfi
1077 2894 1171 2928 Divi-

277 2957 327 2980 nae
351 2955 490 2979 naturae.
519 2942 670 2979 Secundo
688 2943 779 2986 quod
790 2944 848 2982 ista
866 2945 983 2987 apertis
995 2945 1100 2981 verbis
1111 2955 1169 2979 tra-

277 2994 352 3030 dere
372 2995 577 3034 formidarit,
607 3004 757 3029 metuens
778 2993 884 3029 fidelis
904 2993 1024 3038 Populi
1037 2995 1106 3039 pias
1116 3006 1171 3029 au-

277 3056 328 3078 res
346 3046 510 3080 offendere
522 3071 530 3078 .
561 3043 683 3081 Tertio
695 3070 706 3086 ,
732 3045 821 3088 quod
843 3045 884 3079 ad
907 3045 1077 3082 velandam
1092 3044 1170 3082 blas-

280 3092 444 3136 phemiam
459 3121 470 3136 ,
495 3108 534 3130 ac
559 3095 634 3130 istas
659 3107 749 3130 aures
760 3095 1071 3130 circumscribendas
1083 3095 1170 3129 addi-

282 3141 364 3176 derit
388 3155 502 3180 vocem
533 3149 653 3179 Carne.
683 3146 728 3180 Et
747 3146 787 3179 ad
809 3146 894 3179 istud
906 3146 1168 3179 additamentum

280 3192 368 3225 varia
381 3204 563 3236 argutatur.
591 3194 675 3238 Agit
688 3206 799 3230 verum
822 3195 1052 3238 Cappadocem
1065 3219 1072 3226 .
1100 3196 1170 3228 Sin-

281 3240 436 3285 gulariter
458 3245 616 3283 aversatur
637 3267 648 3283 ,
676 3246 765 3287 quod
792 3247 926 3279 Sanetus
949 3243 1095 3286 Cyrillus
1120 3246 1166 3279 sui

282 3290 430 3334 Capituli
445 3290 645 3326 Adversariis
663 3293 818 3327 inflixerit
830 3294 1016 3328 Anathema
1027 3318 1034 3325 .
1063 3293 1167 3329 Porro

282 3338 372 3397 quod
393 3339 482 3382 dicat
498 3340 673 3390 passionem
694 3340 714 3379 ὲ
737 3343 840 3384 Sacris
858 3344 975 3387 litteris
985 3345 1165 3389 numquam

715 157 1054 215 &samonum
1091 155 1340 200 PATRUM
1376 153 1709 216 Epis-Tomis,

1257 235 1394 292 adscribi
1418 237 1573 290 vocibus?
1596 242 1679 278 Deus
1701 240 1851 285 Verbum,
1876 244 2018 289 graviter
2033 239 2143 283 hallu·

1257 295 1404 320 ematur.

1306 335 1499 371 Dorotheus
1510 338 1848 383 Marcianopolitanus
1863 344 2044 389 Episcopus
2053 368 2064 385 ‚
2075 344 2140 378 Ea·

1257 384 1356 420 therii
1369 387 1566 423 firmiffimus
1576 389 1745 424 adversum
1755 391 1861 426 Sancti
1870 394 1993 439 cyrini
2005 395 2141 439 Capitu-

1254 437 1285 470 la
1307 437 1431 479 socius,
1461 440 1496 471 in
1508 440 1646 474 solemni
1657 441 1784 482 Synaxi
1796 443 1930 484 coram,
1954 446 1989 480 ’δι
2009 444 2067 487 sub
2079 446 2142 480 Pa-

1256 487 1398 523 triarcha
1420 488 1579 523 Nestorio
1600 490 1640 524 ad
1663 501 1800 525 omnem
1821 488 1958 528 Clerum
1981 495 2140 540 &Popu-

1253 538 1320 573 lum
1340 539 1489 573 dixerat:
1518 542 1550 573 5i
1570 546 1640 582 quis
1659 544 1792 574 Mariam
1816 545 1979 585 Deiparam
2001 546 2115 580 dixerit
2127 572 2138 588 ,

1249 588 1411 628 anathema
1414 588 1471 630 fit.
1499 590 1543 624 Et
1558 590 1593 624 in
1607 591 1702 626 istam
1717 590 1941 635 blasphemam
1965 594 2137 633 audaciam

1250 639 1383 676 Sanctus
1396 639 1544 683 Cyrillus
1557 642 1745 687 frequenter
1754 641 1932 678 ,declaravit
1956 645 1992 678 ὅ(
2003 645 2137 689 scripsit,

1251 689 1339 731 quod
1354 690 1546 726 Dorotheus
1557 702 1673 727 omnes
1684 717 1694 733 ‚
1722 693 1756 727 δε
1768 694 1859 727 vivos
1885 694 1918 727 &
1937 694 2110 730 defunctos
2124 720 2136 736 ‚
2153 740 2155 742 q

1247 739 1379 774 SanEtos
1392 740 1503 776 Patres
1513 766 1524 782 ,
1554 743 1626 776 imo
1652 744 1686 777 <Sc
1698 755 1833 778 omnem
1845 743 1902 778 sub
1914 744 2012 780 Coelo
2025 746 2137 781 Eccle-

1246 790 1322 824 siam
1351 789 1653 827 anathematizasset
1677 818 1688 833 ,
1714 793 1856 838 ideoque
1880 795 2040 841 indignus
2058 798 2136 837 esset

1252 839 1446 875 Christiano
1467 843 1605 878 nomine
1627 868 1634 875 .
1663 844 1707 877 Et
1728 847 1839 880 omnis
1863 845 2005 879 Ecclesia
2017 845 2136 881 Sansto

1245 891 1375 932 Cyrillo
1398 893 1555 927 credidit.
1585 894 1666 927 Hoc
1689 893 1872 930 haerebatin
1901 894 2050 929 Eutherii
2071 907 2136 930 rne-

1244 941 1346 976 moria
1358 965 1367 980 ‚
1394 942 1606 987 ideoquejam
1619 943 1830 980 Dorotheum
1842 944 1989 981 vindicat
2003 970 2013 986 ,
2023 946 2056 980 &
2066 945 2136 980 red-

1244 990 1292 1024 dit
1306 992 1436 1034 Cyrillo
1452 995 1611 1028 talionem
1625 1007 1633 1027 t
1660 999 1788 1030 Novam
1815 998 2030 1031 &inauditam
2038 995 2134 1038 phra-

1237 1039 1294 1081 fim
1301 1042 1439 1083 proferre
1450 1066 1460 1082 ,
1489 1042 1626 1086 Dirisque
1640 1046 1789 1079 devovere
1798 1057 1867 1086 eos,
1893 1052 1944 1088 qui
1956 1051 2053 1080 Deum
2071 1058 2135 1079 car-

1243 1101 1280 1128 ne
1302 1089 1426 1134 negant'
1437 1096 1551 1136 passum
1565 1117 1575 1133 ,
1601 1095 1638 1129 id
1648 1098 1718 1128 vero
1729 1095 1769 1135 est
1781 1107 1840 1129 non
1853 1095 1957 1137 nostrae
1968 1097 2132 1130 dumtaxat

1242 1147 1346 1174 aetatis
1371 1141 1504 1179 homines
1512 1143 1684 1184 petulanter
1712 1150 1850 1186 impetere
1862 1169 1873 1184 ,
1895 1145 1953 1188 sed
1963 1157 2062 1179 omnes
2071 1158 2133 1180 om-

1241 1198 1324 1224 nium
1335 1201 1460 1227 aetatum
1472 1193 1613 1230 Docfiores
1622 1193 1763 1227 audae‘ler
1774 1196 1976 1229 condemnare.
2004 1195 2131 1235 Verum

1241 1243 1376 1276 Sanetus
1390 1243 1540 1287 Cyrillus
1558 1241 1696 1286 phrasim
1715 1243 1809 1280 istam
1822 1270 1832 1287 ,
1859 1245 2048 1281 nullatenus
2071 1258 2133 1281 no-

1241 1303 1313 1327 vam
1340 1305 1378 1327 ac
1405 1294 1588 1328 inauditam
1606 1318 1617 1335 ,
1649 1294 1768 1328 didicit
1793 1296 1811 1329 a
1839 1296 1903 1330 suis
1925 1296 2076 1341 gloriosis
2095 1297 2131 1331 in

1243 1342 1474 1379 Alexandrina
1498 1342 1663 1378 Cathedra
1678 1343 1944 1379 Antecefforibus
1958 1371 1968 1386 ‚
1996 1347 2131 1389 Diony-

1242 1393 1288 1427 sio
1315 1405 1353 1427 ac
1365 1393 1551 1428 Athanasio
1564 1418 1575 1434 ,
1602 1394 1818 1428 refutantibus
1832 1395 1975 1429 Paulum
1987 1396 2133 1431 samnia.-

1240 1444 1386 1477 tensem.
1412 1443 1560 1488 Cyrillus
1571 1444 1673 1489 ipsam
1690 1445 1839 1487 extendit
1863 1445 1898 1485 in
1924 1444 2018 1481 Pauli
2029 1445 2133 1483 Sessa-

1239 1502 1346 1530 torem
1359 1494 1553 1530 Nestorium
1567 1519 1574 1528 .
2115 1522 2122 1529 «

1289 1544 1462 1579 Probanda
1476 1554 1584 1580 tamen
1610 1545 1821 1582 &laudanda
1833 1548 1909 1583 sunt
1929 1546 1998 1582 haec
2010 1545 2132 1583 Euthe-

1239 1593 1279 1627 rii
1296 1594 1412 1630 verba:
1441 1597 1558 1636 Iniuria
1566 1594 1632 1639 sola
1640 1603 1774 1638 patienti
1794 1604 1907 1639 corpori
1924 1599 2012 1631 illata
2022 1599 2131 1631 relati·-

1238 1646 1277 1681 ve
1298 1649 1330 1677 in
1352 1650 1471 1680 unitum
1491 1651 1574 1679 carni
1597 1646 1724 1679 Verbum
1745 1648 1852 1680 recidit
1865 1673 1872 1680 .
1900 1647 2039 1682 Etenim
2053 1648 2130 1690 licet

1240 1706 1308 1728 non
1330 1696 1437 1729 carnis
1462 1696 1583 1739 paffio,
1611 1696 1680 1738 ejus
1704 1706 1813 1730 tamen
1839 1696 1956 1739 injuria
1986 1696 2130 1731 omnino

1238 1744 1381 1783 transivit
1406 1747 1441 1778 in
1462 1747 1572 1781 Deum
1599 1744 1767 1780 Verbum.
1793 1747 2008 1790 Semetips'um
2032 1747 2129 1783 latius

1238 1795 1374 1837 exponit
1392 1796 1425 1828 in
1439 1796 1506 1829 alio
1519 1796 1569 1829 sui
1579 1796 1687 1839 operis
1699 1796 1825 1841 capite,
1851 1797 1906 1831 cui
1920 1795 1977 1832 hio
1990 1798 2126 1832 titulus:

1239 1845 1411 1880 Adversum
1421 1856 1468 1879 eos
1482 1869 1493 1884 ‚
1519 1850 1568 1888 qui
1580 1855 1720 1888 quaerunt
1742 1849 1860 1889 qualem
1876 1856 2000 1889 poenam
2010 1849 2128 1893 Judaei

1237 1896 1343 1928 daturi
1356 1894 1435 1936 fini,
1458 1895 1487 1936 fi
1507 1908 1565 1929 non
1588 1898 1753 1931 occiderunt
1765 1900 1882 1930 Deum.
1910 1897 2129 1934 Demonstrat

1237 1956 1351 1980 omnes
1364 1946 1586 1981 materialibus
1602 1946 1748 1981 Bafilicis
1760 1957 1909 1991 erogatas
1922 1947 2056 1990 injurias
2074 1958 2128 1987 rev·

1236 1995 1383 2032 dundare
1397 1996 1430 2029 in
1445 1996 1604 2030 Divinam
1617 1997 1843 2039 Majestatem.
1872 1997 1980 2032 Addit
2001 1997 2127 2032 Christi

1237 2044 1379 2075 Domini
1403 2044 1648 2080 humanitatem
1661 2046 1755 2080 fuisse
1768 2058 1879 2080 verum
1907 2059 1945 2081 ac
1956 2049 2069 2082 vivum
2089 2047 2126 2082 il-

1239 2091 1302 2124 lius
1315 2092 1473 2133 templum
1491 2118 1501 2134 ,
1527 2094 1562 2132 ὃς
1576 2095 1767 2127 concludit:
1796 2098 1890 2138 ,Quod
1903 2098 1981 2129 idem
2003 2099 2125 2138 quidem

1236 2140 1342 2182 injuste
1362 2142 1479 2184 paffum
1502 2142 1564 2182 est,
1584 2141 1696 2186 sedita
1719 2149 1795 2177 utin
1808 2146 1910 2186 templi
1925 2144 2126 2179 habitatorem

1238 2194 1356 2232 Deum,
1384 2197 1435 2232 qui
1455 2193 1562 2234 templo
1585 2198 1710 2232 unitus,
1738 2195 1853 2234 injuria
1868 2196 2000 2230 recidat.
2030 2196 2126 2230 Hinc

1237 2242 1377 2276 affirmat
1389 2240 1537 2284 Iudaeos,
1562 2241 1640 2276 licet
1664 2243 1834 2278 Divinitas
1854 2242 1894 2278 ab
1915 2244 1962 2279 eis
1980 2243 2067 2279 nihil
2088 2245 2130 2282 fit

1238 2291 1345 2333 passa,
1372 2292 1464 2327 fuisse
1477 2292 1729 2328 inexcusabiles.
1758 2293 1862 2341 Qod
1885 2294 1992 2337 ipsum
2012 2295 2125 2331 scribit

1236 2342 1386 2376 laudatus
1411 2354 1449 2377 ac
1460 2343 1606 2381 eruditus
1621 2342 1822 2389 Anonymus
1833 2345 1867 2377 in
1881 2344 1997 2379 litteris
2015 2345 2055 2379 ad
2071 2356 2124 2382 no-

1237 2391 1302 2425 scio
1313 2403 1410 2433 quem
1422 2392 1587 2430 illustrem
1601 2407 1611 2433 ,¹
1638 2394 1824 2436 cupientem
1837 2393 1917 2427 seire
1930 2394 2099 2429 Articulos
2110 2419 2125 2437 ,

1236 2442 1268 2475 in
1293 2442 1412 2485 quibus
1435 2442 1588 2479 deviasset
1615 2441 1804 2486 Eutyches:
1830 2443 2015 2485 Impaffibilis
2040 2448 2142 2480 Deus.

1233 2498 1265 2526 in
1273 2491 1405 2536 suscepto
1421 2492 1552 2534 bomine,
1581 2496 1726 2535 quamvis
1731 2494 1890 2535 paffionem
1901 2505 1959 2527 non
1974 2492 2120 2536 sustinue-

1235 2548 1298 2583 rit,
1329 2551 1431 2576 tamen
1445 2545 1592 2583 injuriam
1604 2543 1705 2584 passus
1715 2542 1770 2582 est:
1797 2547 1885 2575 Nam
1888 2543 1961 2584 ficut
1975 2548 2026 2586 qui
2036 2545 2122 2578 indu·

1233 2601 1365 2626 mentum
1386 2590 1546 2633 conscindit
1559 2615 1568 2631 ‚
1597 2592 1702 2623 induto
1715 2591 1800 2632 facit
1820 2594 1984 2634 injuriam,
2014 2595 2059 2626 ita
2084 2597 2120 2628 ὦ·

1231 2648 1284 2684 qui
1297 2652 1416 2674 carnem
1430 2642 1492 2680 ejus
1504 2640 1713 2681 crucifixerunt
1723 2665 1734 2681 ,
1762 2645 1932 2676 Divinitati
1949 2645 2017 2683 ejus
2040 2646 2121 2686 injus

1231 2697 1309 2725 riam
1323 2692 1500 2724 intulerunt.
1528 2690 1710 2733 Desumpta
1722 2691 1797 2725 sunt
1810 2692 1869 2726 ista
1891 2693 2119 2735 exoratione,

1231 2753 1295 2786 qua
1307 2739 1714 2784 ApollinariiGregalibus
1740 2741 1953 2786 rogantibus,
1980 2746 2046 2787 ,Qui
2064 2750 2120 2788 ige<

1233 2802 1282 2826 tur
1295 2792 1562 2834 Dominumgloriae
1571 2791 1779 2833 crucifixerunt
1791 2816 1813 2832 ,‚
1828 2801 1862 2825 ut
1884 2804 1942 2826 non
1964 2797 2027 2827 una
2046 2798 2122 2828 Ver·

1233 2844 1300 2876 bum
1311 2841 1507 2883 crucifixerint
1518 2863 1528 2880 ,
1556 2840 1719 2883 respondit
1734 2842 1880 2886 Magnus
1892 2842 2088 2879 Athanasius
2104 2858 2116 2878 .-

1236 2892 1329 2935 Aufer
1354 2890 1428 2927 mibi
1439 2890 1511 2932 ista.
1540 2890 1666 2932 Verbum
1693 2893 1813 2935 quidem
1833 2898 1997 2937 ignominia
2007 2891 2116 2933 affere·-⁴

1231 2951 1322 2983 runt,
1346 2943 1418 2975 dum
1442 2940 1530 2975 Verbi
1553 2950 1655 2983 eorpus
1671 2944 1743 2984 palo
1766 2943 1890 2986 affigunt
1911 2956 1918 2975 :
1945 2945 1977 2976 Si
1997 2945 2117 2986 quidem

1232 2996 1332 3032 Dens,
1359 2997 1411 3034 qui
1421 2991 1602 3034 afficiebatur
1617 2996 1778 3036 ignominia
1790 3017 1797 3024 .
1824 2997 1879 3026 Eu·
1896 2993 1951 3037 asse
1970 3002 2071 3028 tamen
2082 2996 2118 3028 Θ

1230 3054 1266 3077 ex
1271 3041 1363 3086 solido
1370 3042 1458 3084 paffio
1469 3043 1522 3076 illa
1531 3047 1631 3076 caruis
1657 3044 1691 3079 Θ
1702 3049 1811 3077 animae
1818 3043 1902 3085 fuit.
1930 3044 1975 3078 Et
1987 3056 2029 3078 ex
2041 3046 2118 3080 Sam

1230 3095 1281 3127 ἂο
1293 3093 1420 3136 Ioanne
1430 3090 1671 3135 Chrysostomo
1682 3117 1694 3134 ,
1720 3094 1877 3132 ier—variis
1890 3095 1971 3128 locis
1981 3119 1989 3127 .
2017 3096 2061 3129 Et
2073 3106 2117 3129 ex

1230 3143 1358 3188 Magno
1369 3143 1485 3176 Leone
1500 3146 1532 3176 in
1546 3143 1749 3178 sermonibus
1759 3143 1799 3178 de
1808 3144 1991 3179 Dominica
2005 3144 2119 3188 paffioe

1230 3205 1272 3227 ne
1287 3207 1299 3227 .-
1323 3193 1416 3235 ,Quod
1424 3193 1550 3226 Verbum
1560 3204 1647 3228 car-ne
1653 3194 1831 3236 patiebatur
1844 3220 1855 3236 ,
1881 3206 1940 3228 non
1951 3194 2040 3228 Verbi
2055 3203 2116 3238 por-

1228 3252 1369 3283 uixerat,
1389 3240 1448 3285 sed
1456 3249 1573 3283 carnis,
1600 3246 1838 3286 qu‘usinjuriae,
1868 3243 2113 3297 atquesuppliciae

1227 3298 1320 3327 etiam
1333 3294 1377 3326 ad
1385 3294 1582 3335 impaffibilem
1593 3295 1822 3334 redundabant,
1848 3302 1882 3327 ut
1899 3298 2003 3328 merit&
2024 3300 2051 3328 ei
2066 3293 2112 3325 di„

1226 3350 1333 3385 cantur
1346 3344 1454 3386 illata,
1479 3350 1587 3387 quaein
1598 3344 1686 3393 ipfius
1695 3342 1770 3389 fient
1784 3352 1888 3388 corpur
1899 3343 2022 3393 admiffa
2032 3365 2041 3374 ι
2067 3342 2115 3384 Ec

1488 3393 1490 3396 ’
1699 3395 1702 3397 ·
1832 3391 1835 3396 “
2022 3398 2062 3430 ex
