2320 3730
394 227 488 263 16'2

735 217 1078 262 Vaaronum
1114 211 1369 254 PATRUM
1402 208 1723 269 EmsvrotAE‘,

1267 293 1419 334 tropoles.
1448 292 1492 325 Et
1505 292 1570 326 hoc
1582 303 1691 337 praeter
1700 305 1824 331 morem
1836 321 1843 330 .
1857 293 2044 332 Patriarcb'a
2052 298 2143 334 enim

1267 345 1355 378 suam
1369 343 1572 387 Synodicam
1586 354 1654 378 non
1667 344 1727 377 nifi
1737 345 1777 378 ad
1787 346 1867 381 alios
1883 347 2086 383 patriarchas
2096 349 2144 384 so·

1251 410 1255 440 g
1267 393 1353 428 lebat
1388 394 1606 428 transmittere
1627 406 1636 427 ι
1664 394 1714 439 Hi
1744 394 1787 428 ad
1807 396 1879 430 suos
1890 398 2121 443 Metropolitas
2130 422 2144 440 ,

502 433 545 479 C
558 433 601 480 A
614 432 648 478 P
663 432 709 478 U
722 428 763 477 T
799 428 1004 476 XLVIII·
1057 456 1100 466 --
1110 443 1126 475 1
1144 437 1206 487 36
1251 442 1385 482 'horum
1407 444 1542 490 quisque
1564 442 1751 480 traducebat
1761 444 1803 481 ad
1819 445 1893 482 suos
1901 448 2143 495 Suffraganeos.

313 628 481 703 Epistola
530 630 689 681 Joanm's
748 623 967 678 Antiochen}
1026 625 1204 699 Episcopi

383 700 436 750 ad
484 698 711 749 Helladium
762 695 910 764 Tharfi
947 698 1202 768 Episcopum,

384 767 529 837 quando
564 765 694 816 allata
727 767 806 836 fibi
841 774 1092 821 Maximiani
1126 776 1158 817 S
1145 790 1201 833 y-

381 840 511 889 modica
526 875 540 903 ‚
577 839 692 887 noluit
725 839 802 906 ejus
835 858 961 891 nomen
987 845 1025 891 in
1052 847 1200 912 Dyptz..

378 908 451 958 cha
484 914 662 981 recipere.
957 912 960 914 ’

304 1114 309 1121 ‚
393 1099 593 1134 Ondelestor
614 1109 676 1137 tuae
689 1101 913 1146 Religiositati
928 1124 939 1140 ,
966 1111 1037 1143 quae
1058 1101 1099 1133 sic
1111 1099 1196 1135 clare

418 1153 596 1194 pugnavit.
626 1150 666 1183 ln
682 1150 822 1184 circuitu
839 1161 984 1195 namque
999 1149 1193 1185 ambulanti-

299 1199 361 1236 bus
375 1201 482 1242 impiis
505 1199 605 1236 vestra
614 1199 731 1234 effulsit
747 1200 884 1234 Ecclesia
898 1224 905 1232 .
934 1199 1016 1234 Non
1038 1201 1128 1235 enim
1141 1212 1193 1245 pa-

299 1251 395 1285 cifice
418 1261 545 1284 ramum
573 1249 746 1298 portabant
769 1250 875 1287 Olivae
898 1275 908 1291 ‚
935 1250 993 1294 qui
1015 1262 1188 1292 venerant,

299 1301 353 1334 sed
377 1301 571 1344 sanguinem
603 1300 637 1334 &
660 1309 802 1335 mortem
826 1301 1026 1338 insatiabiles
1050 1301 1189 1345 require-

299 1349 395 1385 bant.
426 1350 532 1387 Unde
550 1349 761 1387 defendentes
782 1352 817 1389 in
841 1363 977 1386 omnem
1003 1352 1187 1398 praedicabi·

297 1399 522 1435 miniOrbem
536 1411 648 1442 terrae,
673 1401 900 1440 &claritatem
922 1401 1017 1437 vobis
1035 1402 1184 1435 universa

296 1451 410 1484 saecula
434 1462 501 1485 non
526 1450 690 1486 deducent
704 1476 712 1484 .
739 1452 844 1486 Tales
854 1453 944 1490 enim
956 1453 1033 1489 sunt
1053 1452 1183 1497 piorum

294 1500 395 1535 fortes
421 1500 525 1535 animi
546 1524 557 1540 ,
593 1511 630 1536 ut
658 1501 788 1536 facilius
809 1504 960 1538 universa
985 1503 1156 1547 deponant
1172 1527 1181 1543 ,

295 1552 395 1592 quam
421 1552 478 1594 piae
499 1551 575 1585 fidei
600 1553 826 1595 possessionem
841 1578 848 1585 .
878 1553 976 1588 Circa
995 1564 1093 1597 quam
1105 1553 1183 1597 qui·-

295 1610 439 1641 cumque
460 1601 671 1635 damnificati
684 1603 829 1645 fuerint,
859 1603 945 1639 nihil
966 1604 1014 1637 eis
1031 1603 1158 1651 prodest
1172 1627 1182 1643 ,

296 1650 420 1684 etiamsi
434 1660 542 1684 totum
556 1650 725 1685 Mundum
742 1653 907 1696 lucrentur
918 1677 928 1693 ,
959 1652 1051 1695 juxta
1064 1653 1183 1687 Domi-

292 1701 330 1735 ni
345 1711 479 1735 vocem.
508 1700 799 1748 inerolucrati
823 1702 887 1737 hoc
915 1703 1063 1744 fuerint,
1089 1702 1185 1737 haere·

291 1751 350 1785 des
359 1751 495 1794 quidem
509 1760 633 1784 aeternae
645 1753 718 1784 sunt
740 1754 834 1793 vitae,
861 1752 1051 1788 obtinentes
1065 1755 1181 1796 posses·

290 1799 417 1835 fionetn
430 1825 440 1841 ‚
466 1811 530 1843 qua
547 1800 630 1833 nihil
643 1800 784 1844 dignum
795 1804 840 1835 est
852 1813 967 1835 eorum
987 1824 998 1840 ‚
1022 1814 1091 1846 quae
1112 1814 1182 1845 prae-

290 1851 395 1886 sentia
412 1851 486 1884 sunt
499 1875 509 1890 ,
537 1850 594 1883 nisi
617 1851 725 1884 sutura
750 1851 903 1885 tanturn:
933 1852 977 1885 Et
990 1862 1059 1895 quae
1076 1863 1183 1895 parata

290 1901 367 1934 sunt
378 1900 439 1945 piis
455 1924 465 1940 ,
492 1898 543 1933 his
555 1901 612 1943 qui
638 1911 735 1942 parvo
752 1902 887 1945 quidem
902 1912 1049 1947 tempore
1062 1901 1182 1937 habent

291 1963 350 1995 pro
362 1952 415 1992 pia
429 1949 606 1993 Religione
619 1951 774 1983 fiduciam
790 1975 800 1990 ,
829 1953 862 1984 in
878 1951 970 1985 illum
999 1952 1074 1985 vero
1089 1978 1100 1994 ‚
1128 1954 1182 1996 qui

290 1998 412 2043 absque
432 1999 556 2033 senesta
583 1999 617 2033 ὃς
643 1999 710 2034 fine
735 1999 780 2034 est
795 2024 806 2041 ‚
832 2001 984 2035 ordinem
1006 2003 1182 2037 mutabun-

294 2057 364 2086 tur.

482 2202 988 2249 Scirorron.

392 2349 461 2384 Uis
470 2348 504 2382 &
517 2347 622 2392 qualis
633 2347 727 2385 fuerit
741 2346 796 2381 hic
810 2347 996 2388 Helladius,
1009 2347 1107 2383 docet
1119 2358 1182 2384 nos

296 2351 652 2462 QTheodoretus
673 2399 707 2434 in
731 2398 902 2442 Religiosa
921 2397 1088 2432 Historia.
1118 2399 1179 2431 Ex·

446 2449 540 2492 ponit
551 2448 658 2482 sanai
671 2446 853 2484 Theodosii
865 2447 948 2491 apud
965 2447 1182 2482 Antiochiam

296 2499 592 2536 Archi-Mandritae
609 2509 750 2533 mortem
775 2509 812 2531 ac
826 2498 1019 2541 sepulturam
1034 2522 1044 2537 ,
1072 2499 1105 2531 δε
1119 2510 1188 2541 pro·

299 2552 466 2594 sequitur:
494 2552 599 2590 Gregis
622 2550 694 2580 verb
718 2547 934 2588 Praefec‘luram
949 2545 1078 2588 suscepit
1090 2551 1187 2581 admi-

300 2603 418 2635 randus
441 2600 620 2636 Helladius,
647 2602 698 2640 qui
717 2603 772 2638 per
797 2607 890 2628 annos
907 2594 1071 2639 sexaginta
1082 2598 1187 2631 labori-

302 2652 356 2684 bus
377 2651 436 2683 illis
457 2646 616 2689 defunc‘Jus
629 2668 640 2685 ,
667 2646 792 2679 Cilicum
806 2645 903 2687 postea
918 2648 1078 2679 Divinitus
1091 2646 1127 2685 est
1134 2646 1190 2688 fa-

304 2700 370 2734 e‘lus
385 2697 507 2738 Antx'stes
521 2720 531 2736 ‚
554 2694 710 2738 pristinam
722 2707 779 2728 non
800 2694 933 2738 deserens
946 2694 1167 2739 Philosophiam
1181 2722 1192 2738 ,

300 2749 359 2794 sed
378 2747 527 2783 laboribus
537 2745 613 2792 ⁴suis
639 2745 833 2790 Pontificaln·
843 2747 971 2791 quotidie
978 2744 1100 2788 sudores
1113 2748 1192 2788 adji-

303 2806 405 2834 ciens.
433 2782 578 2834 Proiu‘de
601 2795 642 2831 ad
667 2796 900 2840 Episcopatum
925 2797 1073 2839 pervenit
1098 2796 1192 2831 valde

304 2850 403 2884 senex
416 2874 423 2880 .
451 2848 495 2882 Et
518 2846 598 2883 hinc
614 2846 682 2891 ejus
710 2846 816 2890 lapsus
837 2846 883 2880 est
906 2847 1012 2891 magis
1024 2846 1192 2890 deploran-

305 2898 381 2933 dus.
410 2899 500 2933 Nam
512 2898 546 2934 δε
557 2897 623 2940 ipse
633 2897 678 2931 est
691 2907 775 2932 unus
788 2896 922 2932 istorum
936 2906 1075 2941 quatuor
1086 2921 1096 2938 ,
1113 2907 1194 2940 quos

307 2948 679 2993 Constantinopolitana
705 2947 906 2983 Maximiani
921 2946 1073 2990 Episcopi
1088 2948 1192 2992 Syno-

307 2998 368 3033 dus
390 2999 475 3042 juffit
500 2998 703 3045 singulariter
716 2996 814 3040 ejici,
839 2997 873 3031 &
887 3008 968 3041 quos
978 2998 1112 3033 Sanctus
1125 2996 1192 3042 Cy-

310 3050 399 3083 rillus
418 3049 551 3082 exclusit
580 3049 598 3081 ὲ
619 3059 717 3091 pace.
744 3048 826 3081 Haec
851 3047 997 3090 Epistola
1021 3057 1081 3080 nos
1098 3046 1194 3080 docet

311 3098 396 3132 duo.
425 3098 559 3139 Primo,
585 3097 673 3139 quod
688 3097 894 3133 Venerabilis
904 3096 1129 3132 Maximianus
1141 3097 1195 3139 sue

316 3148 570 3193 consecrationis
592 3159 629 3180 ac
652 3145 941 3183 inthronizationis
953 3146 1193 3188 Synodicaslit-

315 3204 400 3229 teras
413 3207 479 3228 non
498 3197 706 3232 solummodo
725 3208 780 3240 per
791 3207 852 3231 tres
863 3206 964 3239 nuper
987 3195 1196 3239 Autocepha·

317 3244 387 3284 las,
415 3244 523 3286 &jam
546 3245 949 3290 aConstantinopolitanis
962 3245 1129 3287 Episcopis
1148 3247 1197 3279 in-

318 3294 394 3327 vadi
415 3303 534 3335 coeptas
547 3294 711 3327 Dioeceses
722 3317 732 3333 ‚
758 3297 810 3329 sed
827 3295 926 3330 etiam
947 3304 1000 3337 per
1011 3305 1125 3329 omnes
1137 3294 1197 3329 Pa-

319 3339 509 3378 tr-iarchatus
530 3343 650 3377 miserit
662 3355 673 3375 .·
701 3343 875 3378 Praesertim
886 3345 926 3378 ad
939 3343 1195 3380 Patriarchatum

321 3389 589 3429 Antiochenurn.
618 3390 675 3427 Ad
695 3402 810 3428 omnes
831 3393 1016 3439 &singulas
1026 3393 1112 3430 illius
1123 3396 1194 3430 Me-

1266 494 1397 529 Morem
1422 496 1537 531 inverti
1561 495 1723 538 compulit
1735 496 1874 542 Joannis
1895 495 2086 534 Patri-:cha
2106 508 2146 533 ac

1263 544 1370 581 torius
1396 545 1577 581 orientalis
1599 545 1754 581 Dioecefis
1779 545 1929 582 adversus
1953 544 2144 591 Ephefinam

1264 595 1436 639 synodum
1458 620 1469 636 ,
1508 608 1546 632 ac
1569 597 1742 640 praesertim
1762 597 1915 632 adversus
1941 596 2143 634 Maximiani

1264 647 1511 688 promotionem
1521 647 1688 682 durissima
1701 645 1837 683 rebellio
1851 674 1859 682 .
1884 649 1936 685 Hi
1949 657 2067 683 omnes
2077 645 2144 683 Ne-

1263 695 1398 731 storium
1410 709 1468 743 pro
1479 698 1594 742 inique
1610 699 1767 735 damnato
1779 723 1789 739 ,
1817 698 2063 734 Maximianum
2087 697 2141 734 ha·

1264 745 1384 782 bebant
1407 758 1465 791 pro
1488 749 1613 783 intruso
1635 761 1672 783 ac
1694 749 1940 792 superordinato
1963 771 1974 789 ‚
1998 748 2142 791 ideoque

1262 796 1330 839 ejus
1341 797 1517 840 Synodicis
1530 799 1621 833 nulla
1641 810 1709 833 erat
1725 801 1792 843 spes
1806 799 2009 834 admissionis
2026 823 2033 831 .
2061 798 2143 833 Por-

1260 849 1298 882 ro
1320 847 1548 886 Maximianus
1569 848 1697 884 volebat
1724 849 1858 885 istorum
1883 850 2140 893 Episcoporum,

1262 909 1299 931 ac
1322 899 1493 940 praesertim
1518 898 1667 934 Helladii
1683 925 1694 941 ‚
1718 909 1834 943 utpote
1855 898 1910 934 fibi
1938 898 2141 944 singulariter

1258 948 1455 983 adversantis
1476 973 1486 990 ‚
1513 959 1638 984 tentare
1665 948 1886 984 obedientiam
1911 974 1922 990 ‚
1948 960 2005 984 aut
2025 958 2141 983 eorum

1258 1000 1501 1035 contumaciam
1527 1001 1589 1035 toti
1610 999 1745 1035 Mundo
1783 999 1988 1035 manifestam
2015 1000 2138 1039 facere,

1259 1055 1355 1090 atque
1378 1049 1430 1095 ita·
1444 1048 1562 1084 habere
1584 1050 1674 1084 firma
1688 1047 1902 1085 fundamenta
1925 1049 1965 1084 ad
1979 1058 2141 1094 exequen-

1260 1097 1335 1132 dam
1350 1098 1384 1129 in
1398 1097 1482 1139 ipsos
1504 1100 1566 1131 suae
1577 1099 1705 1140 Synodi
1729 1100 1939 1133 sententiam.

1309 1145 1550 1183 Et,Helladius
1573 1147 1743 1190 permansit
1764 1149 1950 1182 duriffimus
1970 1158 1978 1179 t
2017 1146 2141 1182 Noluit

1258 1195 1438 1239 Synodicas
1449 1198 1636 1233 admittere.
1667 1197 1827 1233 Noranda
1840 1199 1913 1231 sunt
1936 1195 2004 1230 haec
2017 1197 2143 1240 Episto-

1257 1246 1294 1279 1ae
1306 1245 1425 1281 verba:
1453 1251 1490 1279 In
1498 1252 1618 1282 circuitu
1643 1259 1770 1290 namque
1793 1247 2016 1283 ambulantibus
2038 1251 2141 1289 impiis

1257 1295 1355 1336 vestra
1368 1295 1470 1337 effulfit
1491 1296 1632 1338 Ecclefia.
1661 1298 1840 1333 Affirmant
1860 1298 1948 1341 quod
1962 1297 2067 1341 plures
2086 1307 2142 1340 per

1257 1346 1395 1388 primam
1419 1346 1573 1381 Ciliciam
1592 1342 1747 1390 Episcopi
1770 1359 1809 1381 ac
1822 1347 1971 1382 Ecclefiae
1993 1347 2141 1380 cesserint

1257 1395 1447 1434 violentiis,
1473 1394 1709 1430 &admiserint
1731 1395 1953 1440 Synodicam:
1983 1395 2026 1430 Et
2051 1395 2140 1441 quod

1255 1456 1331 1479 cum
1351 1447 1445 1479 omni
1482 1446 1537 1481 sua
1563 1445 1702 1482 Ecclesia
1730 1445 1907 1481 Helladius
1933 1446 2142 1488 permanserit

1256 1496 1426 1539 pertinax.
1456 1496 1615 1531 Notanda
1628 1497 1704 1530 s'unt
1726 1497 1759 1531 δε
1773 1496 1861 1531 haec:
1887 1497 2142 1539 Nonenlinpavi-

1250 1545 1313 1589 ficae
1337 1557 1454 1579 ramum
1470 1546 1638 1587 portabant
1659 1548 1749 1580 olivae
1771 1571 1782 1588 ,
1808 1552 1860 1589 qui
1882 1554 2034 1580 venerant
2051 1566 2064 1586 ,
2083 1544 2140 1590 sta

1248 1594 1427 1640 sanguinem
1438 1597 1472 1631 (π
1482 1605 1605 1630 mortem
1617 1595 1801 1639 insatiabiles
1814 1596 2008 1640 requirebant
2024 1619 2032 1628 .
2058 1592 2140 1630 Edi-

1251 1658 1331 1681 cunt
1345 1647 1424 1682 tria.
1453 1646 1590 1689 Primo,
1613 1647 1707 1691 quod
1730 1647 1959 1683 Maximianus
1977 1654 2139 1680 armatam

1254 1697 1484 1743 Apparituram
1511 1698 1572 1731 suaa
1597 1692 1773 1740 S'ynodicae
1787 1696 1991 1741 adjunxerit.
2019 1696 2141 1731 Secun-

1250 1748 1294 1782 do
1308 1772 1319 1788 ,
1345 1747 1435 1790 quod
1457 1747 1490 1780 hi
1513 1746 1669 1785 terribiles
1690 1745 2003 1783 ExecutoresClero
2024 1757 2063 1782 ac
2074 1744 2140 1780 Po-

1250 1798 1352 1840 pulo,
1381 1796 1610 1837 siobedirent‚
1634 1808 1748 1843 pacem
1773 1796 2028 1842 spoponderint·
2054 1794 2142 1830 Ter·

1250 1846 1300 1881 tio
1314 1871 1325 1887 ‚
1353 1846 1443 1891 quod
1459 1847 1819 1882 recalcitrantibusfint
1838 1846 1956 1881 minati
1967 1852 2137 1886 extrema,

1251 1898 1351 1941 usque
1375 1897 1417 1930 ad
1439 1897 1630 1934 effusionem
1651 1898 1821 1944 sanguinis
1844 1922 1852 1930 .
1879 1894 2008 1930 Verum
2032 1890 2139 1929 Thur*

1251 1949 1350 1981 [enses
1363 1948 1551 1981 manserunt
1572 1947 1743 1983 firmissimi
1769 1948 1803 1980 in
1816 1949 1872 1982 sua
1885 1944 2114 1981 inobedientia
2128 1969 2136 1978 .

1249 1997 1342 2030 Hinc
1366 1996 1471 2040 pergit
1504 1996 1652 2040 Epistola
1677 2009 1688 2030 .·
1717 1997 1806 2030 Tales
1828 2002 1907 2030 enlm
1927 1994 2002 2040 sunt
2017 2000 2139 2038 plorum

1241 2044 1343 2085 fortes
1355 2051 1452 2076 animi
1466 2069 1477 2084 ‚
1502 2056 1536 2078 ut
1543 2046 1665 2085 facilitas
1678 2045 2014 2091 universancponanss
2043 2056 2137 2088 quam

1245 2092 1315 2136 fidei
1333 2095 1518 2137 poffeffionem
1537 2119 1543 2128 .
1576 2094 1722 2131 Proinde
1745 2097 1890 2138 Populus
1914 2096 2010 2139 ejecit
2031 2094 2137 2138 praefa-

1250 2154 1317 2178 tam
1339 2144 1593 2189 Appariturarn,
1619 2156 1697 2180 cum
1722 2145 1883 2180 Helladio
1910 2146 2093 2189 protestans
2105 2145 2137 2179 se

1250 2203 1396 2238 paratum
1418 2194 1459 2228 ad
1474 2204 1573 2227 omne
1583 2194 1817 2230 exterminium
1830 2219 1838 2226 .
1866 2196 1910 2229 Et
1922 2195 2137 2239 ista·Joannes

1251 2243 1437 2278 Patriarcha
1459 2245 1542 2278 fovit
1562 2256 1600 2279 ac
1610 2243 1765 2280 stabilivit
1786 2255 1839 2288 per
1861 2246 2048 2288 praesentem
2061 2244 2137 2287 Epi-

1250 2294 1385 2328 stolam.
1415 2294 1541 2330 Eadem
1563 2295 1795 2338 Imperatorem
1818 2293 2049 2329 Theodosium
2069 2305 2141 2337 per·

1250 2350 1424 2379 moverunt
1437 2345 1477 2378 ad
1495 2354 1646 2388 potenter
1653 2343 1899 2380 conciliandam
1910 2355 2022 2388 pacem
2039 2367 2047 2375 .

1300 2394 1443 2428 Praesens
1467 2394 1612 2437 Epistola
1636 2405 1696 2428 nos
1719 2391 1865 2433 secund&
1886 2393 1984 2427 docet
2007 2418 2018 2434 ,
2043 2392 2135 2437 quod

1250 2454 1366 2479 omnes
1376 2441 1663 2479 olimPatriarchae
1687 2444 1742 2479 sua
1764 2443 1908 2478 invicem
1928 2443 2065 2478 nomina
2086 2444 2139 2478 in·

1251 2493 1427 2528 scriberent
1441 2494 1543 2528 Sacris
1565 2495 1694 2527 suarum
1707 2493 1921 2529 Ecclesiarum
1930 2491 2135 2538 Dyptichis‚

1251 2545 1363 2587 &ipsa
1387 2543 1428 2576 ad
1441 2542 1708 2577 Sacro-sanetum
1731 2542 1933 2578 Sacrificium
1947 2553 2001 2587 per
2012 2542 2135 2577 Diaco-

1253 2604 1333 2627 num
1354 2592 1526 2624 recitarent
1538 2615 1545 2622 .
1575 2590 1618 2622 Et
1630 2590 1813 2626 viventium
1823 2593 2111 2629 ‚‘'&“tnortuorum
2122 2616 2131 2625 .

1253 2643 1296 2676 Et
1309 2641 1394 2675 inter
1416 2640 1503 2683 ipsos
1521 2640 1681 2675 numerari
1704 2640 1844 2676 asansti
1873 2641 2011 2685 Joannis
2029 2638 2135 2684 Chry-

1251 2691 1387 2726 sostomi
1410 2700 1557 2733 ternpore
1578 2700 1717 2732 coeperat
1741 2690 2135 2734 Constantinopolitanus

1255 2741 1434 2785 Episcopus
1442 2765 1450 2773 .
1481 2740 1615 2774 Etenim
1626 2738 1667 2773 de
1680 2741 1826 2775 extincto
1837 2751 1892 2784 per
1903 2739 2133 2776 Alexandrum

1255 2790 1445 2826 Antiochiae
1475 2789 1696 2824 Patriarcham
1721 2790 1915 2825 Eustatiano
1934 2790 2133 2832 schismate,

1255 2843 1397 2885 itemque
1419 2838 1587 2875 schismate
1612 2865 1623 2881 ,
1651 2840 1740 2885 quod
1759 2840 1805 2875 ob
1833 2841 1984 2884 injustam
2007 2841 2132 2876 laudati

1255 2892 1388 2935 ioannis
1398 2890 1646 2925 damnationem
1668 2892 1774 2927 fuerat
1797 2891 1882 2925 inter
1894 2891 2083 2926 Romanam
2093 2901 2131 2924 ac

1249 2948 1388 2977 ‘omnem
1399 2939 1603 2975 Orientalem
1620 2940 1796 2977 Ecclesiam
1807 2964 1817 2980 ‚
1842 2940 2058 2975 Innocentius
2070 2941 2132 2984 pri·

1254 2997 1326 3027 m'us
1343 2990 1503 3026 Pontifex
1530 2992 1571 3028 ad
1583 2992 1794 3027 Bonifacium
1815 2991 2048 3034 Presbyterum
2058 2991 2134 3025 seri-

1251 3043 1313 3086 -psit
1329 3063 1340 3080 ‚
1367 3041 1458 3086 quod
1482 3042 1632 3077 laudatus
1659 3040 1848 3077 Alexander
1869 3040 1910 3076 ad
1934 3042 2130 3076 firmandam

1255 3103 1365 3137 pacem
1378 3092 1598 3136 spopondisset
1614 3092 1748 3136 Joannis
1774 3102 1895 3126 nomen
1910 3091 2082 3126 inscribere
2091 3101 2130 3126 ac

1257 3143 1407 3178 recitare.
1435 3143 1540 3190 Qod
1564 3144 1669 3187 ipsum
1689 3142 1822 3177 tandem
1842 3141 1968 3178 admisit
1991 3141 2129 3175 Alexan·

1257 3193 1350 3228 drina
1364 3192 1503 3227 Ecclesia
1512 3192 1522 3224 ¹.
1550 3193 1686 3228 Exstant
1707 3192 1768 3229 hac
1789 3193 1830 3228 de
1848 3192 1996 3228 reSanC-ti
2009 3188 2129 3235 Cyrilli

1255 3243 1454 3287 ad⁴Joannis
1477 3245 1694 3279 Succeflorem
1721 3244 1891 3283 Atticum,
1919 3244 1952 3276 ἀ
1970 3241 2065 3286 hujus
2085 3238 2128 3273 ad

1257 3293 1350 3328 illum
1361 3293 1492 3328 erudirae
1504 3294 1654 3337 Epistola:
1667 3293 1809 3330 omnino
1831 3293 1975 3326 videndae
1988 3316 1995 3324 .
2022 3290 2065 3324 Et
2077 3299 2129 3323 ve-

1257 3343 1406 3377 nerabilis
1418 3342 1645 3387 Theophanes
1656 3369 1667 3384 ,
1693 3355 1772 3380 tunc
1793 3342 1966 3386 Presbyter
1978 3366 1990 3382 ,
2015 3340 2048 3374 &
2060 3338 2130 3373 Ab·

1255 3392 1310 3428 bas
1322 3393 1515 3428 Monasterii
1527 3394 1567 3430 ad
1579 3394 1672 3440 Bajas
1685 3418 1697 3438 ,
1715 3391 1889 3439 postmodo
1898 3388 2129 3474 Antiocgenus

2050 3450 2081 3474 a.
