2320 3730
367 155 466 210 228

292 239 362 280 hoe
371 240 416 275 est
429 264 440 280 ,
466 238 501 273 in
516 237 643 283 proptia
655 236 846 282 hypostasi.>
865 239 915 274 Ita
939 238 1045 280 palam
1069 236 1189 278 indute-

292 290 369 324 bant
389 297 517 333 partes,
541 289 799 334 &profitebantur
822 291 896 322 duos
914 287 1013 331 filios.
1042 284 1116 318 Nec
1140 294 1187 329 re-

291 340 354 374 fert
374 361 389 380 ‚
422 339 513 385 quod
540 339 678 385 unicum
702 340 892 382 Dominum
927 333 1187 379 constantissime

290 389 470 427 clamarent
481 412 492 428 ‚
503 382 506 386 ’
516 389 550 424 &
561 388 745 423 nullatenus
757 387 951 420 sustinerent
971 383 1055 429 duos
1069 382 1186 429 admit-

290 448 378 475 tere.
405 432 540 474 Etenim
553 431 772 483 loquebantur
786 436 823 469 in
835 435 935 470 dolo.
964 435 1008 468 Et
1026 445 1102 480 cum
1116 434 1185 468 Ne-

286 489 390 526 storio
411 514 418 522 .
451 488 687 533 Intelligebant
708 497 813 520 unum
836 508 847 525 ‚
885 496 953 530 non
975 495 1016 531 ex
1043 485 1184 530 naturali

286 534 468 575 secundum
493 537 689 585 hypostasim
711 536 838 570 unione
863 559 873 575 ,
900 534 953 568 sed
978 545 1035 578 per
1045 534 1186 581 conjun-

289 587 434 625 &ionem
445 588 589 632 eJusdem
604 585 762 636 honori&
786 585 978 641 dignitatis3
1003 583 1185 632 authori&

287 640 331 687 tis
343 637 365 683 ,‘
382 651 420 681 ac
437 637 601 689 nominis.
821 638 829 646 “

437 950 699 1009 CAPUT
737 950 990 1005 ιΧΧΧΙν,
1028 967 1168 1019 —2173

278 1142 556 1197 Testimonium
578 1159 629 1187 ex
642 1138 813 1208 Epssola
840 1139 979 1204 cyrilli
994 1138 1133 1209 Epsso
1159 1144 1174 1189 ἰ

347 1209 593 1265 ‚Alexandria
626 1210 678 1257 ad
705 1206 911 1274 Succcffinn
946 1157 1171 1277 Dio-CaefaD2

345 1282 473 1346 reenfis
507 1285 716 1343 Civitatis,
754 1284 964 1336 Provincia-3
991 1280 1169 1355 (spuria,

290 1357 292 1361 ’
344 1349 745 1420 Episcopumficunda
763 1387 776 1406 ‚

355 1544 406 1586 Tfi
425 1556 500 1578 unus
524 1548 640 1579 dicatur
663 1548 683 1579 ὰ
713 1545 795 1579 nobis
814 1548 988 1593 Unigenitus
1001 1547 1099 1580 Filius
1113 1548 1168 1579 Dei

380 1600 560 1628 incarnatus
585 1598 619 1629 ὁ*
641 1597 878 1638 inhumanatus,
905 1608 961 1630 non
985 1605 1086 1630 tamen
1095 1595 1168 1637 fer—

269 1652 429 1681 mentatus
455 1643 541 1691 eflab
563 1644 616 1678 bts
628 1669 639 1685 ,
660 1646 734 1688 ficut
746 1648 808 1679 illis
824 1648 965 1680 videtur.
992 1651 1100 1688 Neque
1111 1657 1168 1679 ve·-

271 1696 307 1731 γὸ
318 1697 520 1728 lucar-natura
533 1696 669 1739 mutaffet
683 1696 773 1729 Verbi
785 1706 927 1730 naturam
937 1721 948 1737 ‚
971 1695 1029 1738 sed
1037 1707 1089 1729 nec
1097 1707 1168 1729 car·-

273 1749 324 1780 nis
350 1749 383 1777 in
403 1743 512 1786 Verbi3
534 1743 593 1792 sed
599 1750 633 1778 in
637 1750 845 1791 proprietate,
872 1744 1104 1789 quaesecundt'cm
1115 1758 1168 1779 na·

271 1801 373 1830 turam
386 1816 397 1833 ‚
425 1802 546 1836 utroque
571 1805 716 1829 manente
742 1805 834 1840 atque
858 1798 1048 1840 intelligendo
1066 1794 1168 1838 secun-

271 1843 345 1879 dum
370 1844 510 1884 modum,
536 1854 625 1890 quem
649 1846 734 1877 mod«)
747 1846 900 1878 reddimus
915 1870 925 1885 ‚
951 1845 1144 1886 ineffabiliter
1157 1869 1167 1885 ‚

272 1894 307 1928 t&
330 1893 576 1928 inenarrabiliter
597 1899 700 1929 unitus
712 1920 723 1937 ,
749 1905 841 1928 unam
863 1896 947 1929 nobis
959 1895 1082 1935 ostendit
1094 1896 1168 1929 Filii

272 1951 418 1976 naturam
441 1968 448 1975 .
478 1947 691 1978 Verumtamen
713 1969 725 1986 ‚
760 1953 794 1978 ut
819 1947 887 1978 dixi
908 1970 919 1986 ,
956 1950 1164 1979 incarnatam.

269 1990 355 2027 Haec
367 1990 445 2025 false
459 1993 654 2038 intelligunt
665 2019 676 2035 ‚
703 1994 761 2038 qui
773 2005 890 2037 putant
911 2006 1012 2029 unam
1025 1996 1167 2029 incarna-

271 2050 340 2075 tam
355 2051 506 2076 naturam
526 2043 572 2076 ita
585 2044 727 2082 dietam,
752 2046 840 2085 quasi
863 2055 905 2078 ex
917 2044 1043 2078 duabus
1065 2054 1164 2076 unam

269 2102 329 2136 per
340 2092 504 2126 unitionis
514 2092 788 2135 compositionem
809 2094 928 2125 factam
941 2115 948 2122 .
976 2092 1056 2125 Hoc
1075 2093 1165 2126 enim

273 2141 480 2176 &continue
499 2140 666 2185 sequentia
687 2139 803 2182 verba,
830 2140 1033 2184 &adjefium
1057 2141 1098 2175 de
1111 2153 1167 2176 na·

272 2200 348 2225 tura
369 2191 520 2224 hominis
543 2190 723 2232 composita
751 2191 935 2225 monstrant
953 2191 1162 2234 exemplum.

272 2240 388 2274 Nullis
398 2239 488 2274 enim
512 2239 630 2273 mediis
650 2239 763 2282 adjicit
785 2238 917 2274 &hoecz
945 2244 1018 2273 Non
1038 2246 1118 2275 enim
1129 2242 1167 2274 de

269 2289 341 2335 solis
365 2289 546 2332 simplicibus
568 2288 732 2332 secundum
769 2297 911 2324 naturam
946 2291 1020 2324 vere
1054 2291 1165 2324 dicitur

269 2339 390 2380 unum,
411 2339 471 2383 sed
490 2341 571 2375 &de
586 2341 669 2382 illis,
695 2351 761 2383 quae
780 2349 838 2383 per
858 2340 1085 2383 compofitivnem
1103 2352 1166 2374 con-

272 2389 388 2436 scripta
396 2390 468 2433 funt
480 2415 491 2431 ‚
512 2389 578 2432 five
597 2396 630 2424 in
640 2392 721 2424 idem
732 2391 872 2425 condutta
887 2404 894 2424 :
922 2392 1036 2435 ,Qualis
1048 2393 1166 2433 quidem

274 2453 323 2476 res
336 2441 373 2480 est
388 2441 471 2475 bomo
480 2452 516 2473 ex
527 2446 630 2474 anima
656 2443 830 2484 &cor-pore.
860 2442 963 2475 Aliena
983 2448 1062 2475 enim
1070 2441 1166 2485 specie

272 2490 345 2536 sunt
356 2493 418 2524 alta
432 2514 442 2531 ,
468 2492 503 2525 (α’
513 2493 558 2524 ad
568 2496 695 2526 invicem
706 2503 763 2525 non
773 2491 1028 2537 confiebstantialia
1041 2504 1050 2534 3
1078 2498 1165 2525 unita

276 2545 348 2575 verb
368 2553 460 2574 unam
473 2541 665 2583 perfecerunt
684 2541 810 2574 bominis
831 2551 972 2575 naturam
994 2566 1000 2573 .
1027 2545 1109 2575 Licet
1130 2547 1163 2575 in

276 2591 442 2626 rationibus
463 2591 670 2633 compofitionis
691 2590 865 2631 diffiventia
897 2590 980 2631 instet
999 2589 1161 2633 secundum

276 2651 422 2676 naturam
443 2653 563 2682 eorum,
590 2652 658 2684 quae
680 2642 725 2672 ad
742 2645 886 2674 unitatem
906 2641 1048 2674 conducta
1066 2640 1161 2685 sunt.

279 2691 468 2727 Audiamus
488 2690 552 2732 jam
575 2702 687 2730 nunc,
714 2690 886 2736 quomodo
905 2691 994 2726 dicat
1012 2692 1075 2725 effe
1087 2703 1164 2725 con·

278 2740 415 2777 trarium
439 2740 547 2775 dicere
568 2739 647 2774 duas
663 2751 791 2776 naturas
803 2741 927 2777 Christi
951 2741 1023 2786 post
1045 2741 1164 2776 unitio-

278 2801 358 2826 nem
370 2816 380 2832 ,
408 2790 558 2825 &dicere
570 2801 671 2825 unam
684 2791 883 2827 incarnatam
894 2818 901 2826 .
930 2793 973 2826 Et
985 2792 1063 2835 quia
1075 2790 1144 2825 haee
1153 2817 1162 2832 ,

280 2851 319 2877 ut
332 2840 435 2882 dicit,
464 2841 659 2885 impugnent
681 2841 889 2881 seinvicem,
917 2841 1005 2877 unde
1025 2841 1166 2886 amplius

279 2891 408 2926 constet
420 2915 430 2931 ‚
457 2891 533 2935 quia
543 2902 643 2926 unam
653 2901 802 2926 naturam
815 2892 884 2936 post
896 2892 1083 2927 unitionem
1095 2892 1167 2927 vult

278 2941 347 2976 dici
370 2940 584 2986 compositam
598 2942 639 2976 ad
663 2942 873 2986 negationem
895 2943 1048 2977 duarum.
1075 2942 1166 2977 Nam

280 2992 353 3036 post
378 2988 557 3036 paucillum
578 2992 673 3036 ipsius
698 2993 850 3037 Epistolae
871 2993 913 3027 fic
936 2993 981 3027 ait
1006 3005 1013 3025 :
1040 2993 1120 3026 Addi
1136 3004 1167 3026 co

283 3050 384 3075 autem
397 3067 407 3083 ,
432 3043 514 3085 quod
526 3041 614 3086 super·
639 3041 690 3076 boc
711 3043 843 3077 &aliud
855 3042 894 3085 fit
906 3068 916 3084 ‚
943 3044 1023 3085 quod
1043 3048 1076 3075 in
1087 3055 1166 3086 quae·

281 3089 400 3130 stionem
423 3098 522 3125 venit.
555 3095 621 3136 ,Qui
642 3098 721 3126 enim
732 3095 804 3127 dicit
826 3105 915 3128 carne
928 3099 999 3135 pati
1009 3095 1168 3127 Dominum

286 3141 369 3172 nuda
383 3163 393 3179 ,
419 3144 621 3175 irrationalem
636 3142 737 3185 facit,
765 3145 866 3177 &non
881 3142 1077 3187 spontaneam
1095 3142 1166 3186 pas-

278 3187 388 3239 fionem
402 3214 409 3220 ·
437 3194 467 3225 52·
487 3195 558 3225 verb
584 3198 649 3233 quis
662 3195 743 3227 dica:
761 3205 825 3227 cum
847 3201 951 3227 anima
974 3194 1167 3227 intellelluali

284 3244 354 3287 pati
362 3249 446 3278 eum,
473 3248 503 3272 ut
509 3240 546 3280 fit
553 3239 720 3282 spontanea
726 3245 832 3285 pastio,
860 3243 1076 3285 nibilprohibet
1087 3244 1167 3276 dice-

285 3299 318 3322 re
334 3296 444 3320 natura
457 3288 655 3322 humanitatis
667 3302 732 3324 eum
748 3295 863 3336 paffum
874 3319 881 3327 .
909 3297 940 3327 si
948 3298 1038 3336 igitur
1051 3291 1103 3325 boc
1118 3305 1168 3328 ve-

286 3349 353 3381 rum
362 3336 421 3389 est3
448 3340 588 3380 quomod&
598 3350 656 3372 non
667 3340 804 3379 dabimus
815 3345 890 3381 duas
903 3352 1029 3381 naturas
1036 3340 1171 3386 subfister

716 154 1051 214 vmowm
1086 154 1333 209 PATRUM
1369 151 1712 217 Emstotffi,

1250 246 1284 269 re
1301 242 1359 277 per
1378 241 1542 291 unitionem
1563 240 1806 283 indioiftbiliter‘?
1828 246 1914 289 Ergo
1925 242 2062 290 quisquis
2076 245 2134 280 di-

1250 289 1290 319 cit
1302 308 1314 326 ‚
1342 281 1475 329 Christo
1495 287 1598 331 igitur
1610 292 1698 332 passo
1717 302 1778 339 pro
1789 293 1887 328 nobis
1908 306 2032 335 carne,
2054 294 2137 330 niba

1249 335 1338 369 aliud
1347 336 1439 384 dicit,
1472 336 1547 381 nisi,
1568 336 1841 382 obrutoprambas
1866 346 1946 388 paffa
1956 354 2133 379 naturane·-

1241 385 1326 429 stra.
1354 385 1435 430 Haec
1457 385 1574 430 verba,
1600 399 1671 431 quae
1692 389 1766 423 sunt
1788 392 1929 430 omnine
1944 393 2129 437 catholica,

1248 435 1304 470 hic
1315 436 1470 472 Sacerdos
1481 437 1540 472 fibi
1560 435 1621 482 pro
1632 437 1812 484 quaestione
1822 442 1927 486 magis
1937 455 2107 488 opponens
2120 471 2132 487 ,

1246 486 1379 532 &quasi
1389 487 1557 530 destruens
1566 500 1636 540 quat
1656 491 1762 530 fluerat
1782 501 1839 534 per
1851 489 2030 535 Epistulam
2041 495 2129 533 Paci-

1247 537 1344 573 ficam
1355 538 1454 582 paulo
1479 538 1558 579 ante
1570 541 1753 582 confessus,
1779 551 1860 575 mox
1872 551 1987 577 contra
2005 543 2070 579 hoc
2081 545 2131 582 in-

1244 587 1348 631 divise
1369 587 1559 633 hujusmodi
1582 590 1680 625 verba
1703 590 1878 635 produxit:
1904 595 2063 636 Repugnat
2078 600 2130 630 m·

1243 638 1310 671 rn‘cm
1334 639 1526 674 nibilominus
1567 640 1631 682 baee
1675 642 1832 683 Propofitio
1849 641 1897 675 bis
1913 667 1925 684 ,
1963 649 2014 690 qui
2029 645 2130 680 dicum·

1242 699 1336 725 unam
1361 699 1504 725 naturam
1522 693 1599 725 Filii
1620 693 1672 736 effe
1692 698 1905 733 incarnatam,
1931 693 2060 736 &quasi
2075 705 2129 728 va·

1242 741 1362 772 numid
1371 742 1505 776 volentes
1518 742 1661 789 ostendere
1671 744 1851 777 contendunt
1873 748 1975 785 utique
1984 745 2062 777 duas
2074 756 2130 778 na·

1241 798 1331 822 turas
1350 788 1530 833 subfistentes
1551 793 1714 833 ostendere.
1742 794 1804 827 Sed
1825 799 2039 837 ignoraverunt
2058 806 2128 837 quo·

1240 846 1324 872 niam
1349 853 1540 885 quaecumque
1563 854 1623 877 non
1637 842 1798 886 sectandum
1811 842 2046 887 speculationem
2064 845 2127 878 dict

1239 899 1344 923 amant
1356 915 1367 931 ‚
1393 891 1458 926 haec
1477 895 1594 927 omnine
1615 898 1648 927 in
1669 895 1871 935 alteritatem,
1897 906 1964 937 quae
1986 899 2020 927 in
2035 902 2128 937 parte

1232 938 1346 982 semota
1356 941 1394 982 est
1408 966 1419 983 ‚
1447 944 1481 977 (θ’
1492 942 1617 987 sepofita
1627 944 1664 985 est
1676 968 1687 984 ,
1715 945 1811 978 modis
1823 945 1956 977 omnibus
1967 943 2126 988 abscedunt

1238 990 1277 1023 ab
1303 996 1453 1026 invicem.
1480 996 1528 1027 sit
1550 1003 1650 1029 autem
1673 993 1756 1028 nobis
1777 995 1883 1028 rursus
1901 995 1947 1028 ad
1956 995 2126 1037 exemplum

1234 1038 1399 1083 fecundum
1423 1054 1475 1076 nos
1497 1043 1580 1077 bomo
1604 1068 1612 1076 .
1639 1047 1728 1077 Duas
1749 1049 1861 1078 etenim
1882 1050 1974 1078 etiam
1990 1043 2076 1088 super
2094 1054 2126 1078 eo

1239 1099 1365 1126 naturas
1393 1093 1586 1136 intelligimus
1605 1117 1616 1132 ‚
1641 1105 1734 1127 unam
1754 1095 1874 1136 quidem
1893 1100 2026 1135 animat,
2053 1096 2127 1128 alte-

1238 1152 1305 1174 ram
1319 1143 1390 1174 vera
1407 1139 1557 1183 corporis,
1580 1140 1731 1192 sedpuris
1753 1144 1924 1177 dividentes
1943 1144 2101 1178 inmitibus
2112 1169 2125 1186 ‚

1239 1193 1273 1225 <02
1284 1201 1436 1235 tanquam
1447 1198 1479 1224 in
1487 1192 1737 1236 speculationibus
1744 1191 1935 1236 subtiltffimis
1946 1217 1958 1234 ,
1981 1193 2034 1237 seu
2043 1206 2126 1229 men-

1235 1247 1278 1275 tis
1302 1241 1472 1285 p‘bantafits
1503 1241 1696 1286 fissiipientes
1723 1242 1928 1284 differentiam
1947 1267 1959 1284 ,
1992 1255 2051 1278 non
2064 1252 2126 1288 per

1229 1300 1333 1335 partes
1359 1299 1499 1338 ponimus
1521 1303 1646 1328 naturas
1669 1319 1680 1335 ‚
1707 1305 1798 1337 neque
1817 1296 1888 1329 ven)
1908 1293 2045 1336 abruptae
2062 1302 2124 1338 per

1233 1342 1378 1387 utrasque
1405 1343 1547 1386 incifiom's
1567 1349 1770 1386 permittimus
1794 1350 1838 1378 ire
1858 1348 2001 1378 virtutem
2021 1369 2032 1385 ,
2065 1343 2128 1387 sed

1232 1399 1320 1427 unius
1338 1396 1475 1429 videlicet
1486 1395 1538 1438 effi?
1550 1395 1742 1438 intelligimus
1756 1407 1767 1427 .-
1793 1398 1843 1427 Ita
1855 1401 1889 1427 ut
1911 1395 2053 1435 duaejam
2063 1405 2125 1427 non

1225 1443 1285 1486 fint
1305 1445 1373 1477 duae
1396 1469 1407 1486 ‚
1451 1447 1591 1480 videlicet
1615 1454 1772 1488 utrumque
1793 1445 1879 1487 apud
1906 1441 2122 1488 semetipsum,

1227 1503 1284 1539 per
1297 1495 1403 1529 ambas
1417 1499 1488 1529 verb
1500 1507 1590 1530 unum
1602 1495 1777 1538 perficiatur
1786 1494 1919 1529 animal.

1282 1544 1423 1589 Ubique
1434 1545 1545 1580 Deum
1573 1545 1832 1590 hiccomparans
1852 1545 1985 1586 animae,
2016 1542 2121 1580 &hu-

1230 1595 1422 1630 manitatem
1435 1596 1526 1629 catni
1539 1619 1550 1635 ,
1578 1596 1679 1639 usque
1691 1596 1731 1630 ad
1743 1593 1809 1629 hoe
1825 1595 1913 1629 venit
1926 1618 1938 1634 ,
1966 1603 2002 1628 ut
2013 1605 2119 1629 unum

1230 1655 1270 1679 ex
1284 1645 1360 1679 Deo
1374 1646 1407 1687 ὅ(
1419 1645 1555 1679 homine
1568 1647 1686 1679 fastum
1697 1644 1817 1679 diceret
1827 1643 1949 1679 animal
1959 1668 1967 1676 .
1994 1642 2120 1678 Unum

1232 1695 1307 1729 vero
1329 1695 1453 1730 animal
1475 1706 1579 1730 unum
1603 1705 1709 1739 genus
1733 1694 1802 1736 est,
1829 1705 1896 1729 una
1916 1692 2119 1735 substantia,

1231 1757 1296 1779 una
1319 1755 1456 1786 natura,
1483 1756 1549 1779 una
1571 1746 1671 1779 etiam
1693 1744 1830 1788 species.
1858 1743 1934 1778 Nos
1957 1742 2035 1778 vero
2047 1754 2119 1778 non

1231 1795 1409 1829 secuudum
1433 1794 1534 1829 solam
1558 1794 1815 1838 speculationem
1837 1794 1917 1830 duas
1927 1803 2058 1828 naturas
2070 1795 2120 1829 in·

1230 1844 1335 1891 telligi
1357 1844 1497 1879 dicimus
1518 1870 1529 1886 ,
1565 1855 1602 1879 ut
1624 1856 1667 1879 ex
1689 1845 1832 1889 utrisque
1866 1843 1934 1878 dici
1967 1843 2063 1887 posfit
2082 1843 2119 1878 δε

1230 1906 1295 1929 una
1322 1920 1330 1930 ,
1356 1894 1449 1929 Abfit
1474 1919 1481 1927 .
1512 1894 1586 1930 Nec
1605 1894 1731 1936 rursus,
1759 1905 1795 1929 ut
1821 1894 1891 1935 ait,
1916 1893 2059 1928 omnino
2081 1893 2119 1929 in

1229 1946 1425 1980 alteritatem
1437 1970 1448 1986 ,
1474 1946 1591 1988 quaein
1613 1956 1701 1989 parte
1713 1946 1835 1980 semota
1849 1944 1894 1979 est
1918 1943 2118 1988 &sepofita‚

1229 1995 1337 2030 modis
1363 1995 1520 2030 omnibus
1545 1996 1713 2034 abscedere
1736 1994 1778 2031 ab
1800 1995 1943 2030 invicem
1964 2018 1971 2028 .
2000 1994 2117 2029 Abiit.

1229 2044 1303 2077 Nec
1325 2045 1403 2078 vero
1425 2045 1568 2079 dicimus
1587 2070 1598 2084 ,
1638 2046 1715 2088 quia
1746 2047 1780 2079 in
1809 2045 1887 2080 solis
1905 2043 2119 2079 subtiliffimis

1228 2091 1348 2125 mentis
1372 2091 1544 2135 phantasiis
1564 2094 1756 2136 suscipimus
1777 2093 2011 2128 differentiam.
2043 2094 2119 2127 Nee

1228 2140 1346 2177 iterum
1363 2166 1374 2183 ,
1401 2142 1477 2185 quia
1504 2152 1559 2186 per
1580 2151 1686 2187 partes
1707 2142 1768 2177 smt
1790 2141 1951 2187 ponendae
1975 2152 2119 2176 natutae.

1228 2191 1347 2237 Neque
1370 2191 1512 2236 abruptae
1542 2203 1599 2236 per
1619 2202 1790 2238 utramque
1810 2191 1977 2227 incifionis
1988 2191 2118 2236 permit·

1228 2241 1330 2275 timus
1345 2241 1390 2275 ire
1402 2241 1557 2276 virtutem
1570 2266 1578 2273 .
1606 2241 1668 2276 Sed
1680 2242 1736 2276 illa
1747 2242 1871 2277 utimur
1881 2241 2029 2281 ratione,
2053 2251 2117 2285 qua

1229 2290 1349 2326 Beatus
1370 2291 1551 2337 Gregorius
1572 2291 1803 2326 Nazianzenus
1829 2291 2011 2336 Episcopus
2035 2292 2119 2326 scri«

1227 2341 1287 2385 psit
1300 2365 1311 2381 ‚
1336 2352 1501 2386 quamque
1511 2342 1578 2386 ipse
1589 2342 1736 2384 Cyrillus
1756 2340 1963 2377 Alexandriae
1975 2341 2116 2376 Patriar-

1226 2391 1288 2426 cha
1311 2394 1345 2426 in
1359 2390 1521 2435 Ephefina
1538 2392 1667 2434 synodo
1678 2392 1762 2426 inter
1781 2391 1970 2427 testimonia
1982 2390 2116 2427 Patrum

1227 2453 1304 2477 cum
1345 2441 1479 2484 reliquis
1510 2441 1702 2486 approbavit
1733 2441 1904 2486 Episcopis
1926 2466 1937 2482 ‚
1980 2441 2115 2476 diceus:

1228 2495 1313 2536 ,Quia
1331 2497 1364 2526 in
1376 2491 1511 2533 cbristo,
1538 2498 1590 2535 qui
1605 2490 1766 2534 secundum
1779 2495 1930 2526 Deitatem
1943 2491 2034 2534 suam
2053 2502 2116 2525 coa-

1227 2542 1353 2584 dimplet
1373 2553 1438 2575 cum
1459 2545 1555 2575 Patre
1592 2543 1626 2575 (¹5
1648 2541 1753 2574 Sanc‘lo
1772 2544 1888 2583 spititu
1912 2543 2114 2584 Trinitatem,

1225 2590 1390 2633 &conversis
1406 2589 1559 2633 sehabeat
1581 2601 1672 2633 quam
1695 2596 1727 2623 in
1748 2590 1816 2634 ipsa
1841 2591 1914 2625 vere
1935 2590 2114 2631 Sandiffima

1226 2646 1375 2676 Trinitate
1397 2664 1404 2671 .
1434 2639 1527 2674 Sicut
1547 2641 1637 2674 enirn
1660 2639 1694 2673 in
1727 2639 1897 2675 Trinitate
1917 2639 2112 2675 Divinitatis

1227 2689 1413 2725 humanitas
1435 2700 1503 2723 non
1515 2688 1698 2733 praejudicat
1724 2700 1861 2724 numero
1875 2689 2090 2724 Personarum
2101 2715 2114 2732 ,

1227 2743 1261 2776 &
1278 2741 1359 2775 ficut
1382 2738 1429 2774 ibi
1450 2740 1554 2773 rursus
1577 2739 1675 2773 trium
1698 2751 1852 2774 numerus
1875 2739 2115 2775 subsistentium

1227 2791 1439 2826 Personarum
1473 2788 1668 2824 Divinitatis
1691 2790 1947 2834 singularitatem
1977 2789 2114 2824 minimo

1227 2844 1330 2885 secat,
1356 2840 1400 2874 fic
1413 2837 1469 2873 hic
1480 2850 1669 2874 naturarum
1697 2839 1936 2875 subsistentium
1958 2851 2112 2876 numerus

1227 2890 1479 2937 singularitatem
1501 2889 1696 2925 subsistentis
1715 2892 1855 2934 personae
1874 2890 2019 2926 incidere
2041 2901 2111 2925 non

1227 2941 1329 2987 potest
1342 2964 1350 2972 .
1378 2939 1430 2974 Ac
1442 2951 1497 2984 per
1517 2938 1582 2974 hoc
1594 2938 1672 2975 sicut
1686 2940 1730 2974 ibi
1743 2952 1807 2977 una
1828 2943 1925 2975 trium
1946 2938 2112 2975 subsisten-

1227 2993 1346 3028 tiarum
1359 2989 1483 3024 nonest
1495 2992 1650 3034 persona,
1677 2991 1728 3025 sed
1744 3001 1879 3034 natura;
1906 2991 1950 3024 fic
1967 2988 2022 3024 hic
2044 3001 2112 3026 una

1228 3042 1364 3078 duarum
1385 3050 1571 3074 naturarum
1596 3053 1667 3076 non
1682 3050 1797 3076 natura
1807 3041 1871 3082 est,
1898 3040 1952 3075 sed
1975 3041 2111 3084 persona

1229 3091 1402 3128 subfistens.
1428 3090 1598 3126 Subfistere
1607 3090 1681 3126 vero
1691 3091 1781 3132 dico,
1790 3090 1878 3135 quod
1893 3103 1952 3126 nec
1960 3090 2112 3126 accidens

1229 3144 1265 3177 fit
1278 3168 1289 3184 ‚
1309 3142 1395 3175 ficut
1418 3140 1537 3175 dicitur
1558 3153 1629 3185 pars
1650 3142 1793 3177 civitatis
1813 3143 1847 3177 &
1867 3141 1988 3185 Populi
2010 3163 2022 3181 ,
2045 3152 2111 3176 nec

1230 3191 1442 3231 translatitia,
1467 3192 1549 3226 ficut
1560 3192 1664 3226 vicem
1685 3193 1860 3236 suscipiens
1884 3191 2017 3226 alterius
2028 3192 2110 3226 alter

1230 3243 1300 3288 agit
1331 3241 1489 3275 utilitates
1522 3242 1555 3276 &
1577 3245 1705 3278 causam
1730 3243 1860 3277 alterius
1882 3266 1890 3274 .
1919 3242 2009 3276 Nam
2032 3240 2107 3284 quia

1231 3303 1331 3328 unam
1354 3300 1501 3326 naturam
1523 3291 1644 3327 Christi
1665 3305 1708 3328 ex
1729 3292 1854 3327 duabus
1876 3293 1990 3326 fastam
2015 3290 2107 3323 fuisso

1231 3341 1504 3390 permixtionem,
1532 3340 1728 3390 usqueadeo
1739 3353 1808 3378 non
1820 3342 1897 3381 licet
1916 3342 2043 3379 dicere,
2068 3348 2105 3375 ut

1975 3391 2059 3427 iutet
