2320 3730
624 188 936 242 Scironis,
972 200 1035 229 ετ
1071 183 1264 230 Norrs
1302 197 1694 234 1LLusrRArae.

231 281 349 307 vocem
360 294 372 313 ‚
395 266 580 304 Emmanuel
586 294 595 310 ,
622 271 684 305 effe
694 270 940 315 fignificativam
951 268 1118 312 utriusque

228 330 367 361 naturae,
379 319 520 364 ideoque
533 321 711 365 aliquando
724 332 785 366 pro
799 331 935 365 utraque
946 344 957 360 ,
968 319 1116 363 aliquan-

227 372 273 406 do
283 370 454 405 dumtaxat
464 382 522 415 pro
532 371 630 406 altera
644 372 732 416 posse
749 372 785 407 δε
797 371 897 406 solere
909 369 1080 413 usurpari?

275 420 413 455 Tertius
424 421 591 457 Articulus
602 422 647 457 est
661 446 672 462 ,
699 421 732 455 in
748 432 816 467 quo
825 422 954 455 Sanctus
967 418 1116 462 Cyrillus

225 470 308 505 duas
330 471 471 505 Domini
492 473 635 507 Naturas
662 472 850 516 &personae
867 470 1028 504 unitatem
1044 467 1115 502 infi-

224 521 335 565 gniter
354 522 546 565 profitetur,
572 523 606 557 δε
630 519 802 556 concludit
820 532 831 556 ε
857 523 1014 562 Tanquam
1036 528 1112 551 unus

220 572 290 613 jam
300 572 505 616 intelligendus
514 583 578 606 cum
588 577 712 616 propria
722 582 810 605 came
823 595 832 604 .
862 568 954 605 Audi
966 566 1114 604 Scholia-

224 621 294 655 ssen
308 634 316 654 ε
343 621 488 665 Cyrillus
499 621 545 655 bis
553 622 657 657 occulte
664 626 862 665 proprietates
875 629 1055 654 naturarum
1066 624 1110 652 in·

219 671 287 713 star
300 671 446 714 fermenti
468 672 630 716 commiscet
642 697 649 704 .
677 675 725 704 Et
744 681 856 705 cavens
866 671 986 713 quidem
998 667 1113 712 consue-

224 730 289 755 tum
304 720 360 762 fibi
383 728 471 755 unius
483 732 601 757 natum
625 720 820 762 vocabulum,
843 719 1001 765 nifignum
1013 726 1112 754 notum

224 771 264 815 fit
274 770 466 815 blasphemia
474 798 485 814 ,
493 780 583 815 prout
592 773 702 806 diceret
713 796 724 811 ,
748 782 810 807 una
823 779 936 805 natura
949 795 961 812 ,
986 774 1112 812 interpo-

223 820 288 864 suit
309 834 316 854 :
344 825 500 866 Tanquam
520 833 599 856 unus
627 846 635 855 .
661 825 743 856 Dicit
762 846 775 862 ‚
800 832 878 856 unus
900 820 1111 866 intelligendus

226 882 292 906 cum
299 878 423 914 propria
432 883 519 906 carne
529 897 536 905 .
551 876 598 906 Et
610 874 689 915 quid
695 883 772 906 unus
786 882 845 906 non
855 872 967 912 adiecit
977 894 987 903 .
1011 868 1112 903 Affir-

226 931 296 959 mat
315 921 405 966 quod
428 922 514 957 istud
535 923 611 966 quid
621 920 812 958 dolosenon
822 920 990 964 adjecerit.
1017 918 1113 965 Qo-

227 972 319 1006 niam
337 971 525 1007 Dominum
545 972 625 1007 velit
643 973 707 1006 effe
727 981 798 1005 non
810 969 971 1013 hypostasi
986 979 1112 1008 unum,

226 1021 282 1055 sed
294 1031 427 1055 natura.
454 1020 553 1055 Foede
562 1020 800 1055 calumniatur.
828 1019 963 1054 Etenim
978 1019 1113 1054 Saucius

223 1069 375 1112 Cyrillus
393 1079 563 1113 nunquam
582 1069 668 1104 dixit
690 1068 896 1105 esse'unIcam
909 1069 944 1105 in
957 1069 1112 1103 Domino

225 1129 399 1158 naturam,
425 1129 481 1153 aut
501 1119 598 1154 illum
622 1120 685 1153 esse
697 1120 796 1154 unius
809 1128 946 1154 naturae.
973 1117 1114 1153 Adeoil·

225 1167 285 1204 lud
296 1179 366 1203 non
378 1168 546 1203 consuevit
559 1194 567 1202 .
594 1168 774 1203 Consuevit
785 1168 918 1211 quidem
928 1168 1036 1204 dicere
1046 1169 1116 1203 Do·

226 1218 310 1254 mini
321 1218 384 1252 esse
396 1218 528 1253 unicam
540 1219 606 1254 Dei
618 1218 721 1253 Verbi
736 1227 887 1253 naturam
900 1220 1115 1260 incarnatam,

226 1267 290 1303 Ast
312 1267 398 1301 istud
420 1267 552 1303 verbum
569 1268 756 1314 longiffimee
777 1268 878 1303 distat
903 1268 1015 1303 abillo
1026 1267 1114 1302 alio.

226 1316 423 1354 Scholiastes
434 1319 534 1355 etiam
547 1318 631 1354 foede
642 1329 723 1354 errat
735 1344 743 1352 .
772 1318 904 1354 Etenim
919 1330 986 1353 non
998 1317 1117 1352 intelli-

226 1368 278 1413 git
290 1368 382 1402 latiffi
388 1379 478 1403 mum
488 1369 665 1404 discrimen
677 1370 762 1404 inter
772 1368 835 1404 hos
842 1369 1006 1404 articulos:
1019 1372 1116 1402 Domi-

227 1429 285 1452 nus
297 1428 361 1451 cum
369 1417 428 1461 sua
439 1430 525 1452 carne
550 1419 589 1460 est
599 1431 676 1453 unus
690 1432 698 1451 :
726 1423 872 1453 Dominus
890 1430 954 1453 cum
960 1418 1019 1462 sua
1029 1431 1118 1453 carne

226 1468 266 1508 est
284 1478 396 1501 unum.
423 1467 587 1503 Posterior
610 1478 749 1509 naturae,
766 1470 854 1513 prior
867 1470 1046 1513 propositio
1058 1470 1117 1503 im·

226 1527 336 1562 portat
358 1518 519 1554 unitatem
539 1520 682 1562 personae
704 1545 711 1552 .
738 1520 782 1553 Et
804 1519 890 1563 apud
918 1520 1058 1553 Latinos
1085 1519 1119 1552 δε

226 1568 314 1611 apud
329 1567 460 1602 Graecos
472 1593 480 1600 .
507 1570 602 1602 Hinc
613 1571 747 1603 Sanstus
760 1569 909 1611 Cyrinus
920 1567 1034 1602 addere
1048 1578 1117 1602 non

225 1617 342 1652 debuit
354 1629 366 1651 .·
392 1619 484 1661 ,Quid
491 1629 587 1651 unus.

276 1668 424 1716 Qartus
432 1667 642 1713 articulusest
659 1681 666 1701 ε
695 1669 850 1712 Perfidus
861 1669 991 1711 existens
1005 1673 1038 1702 in
1050 1671 1119 1702 Dei-

227 1726 291 1754 tate
315 1742 326 1759 ,
347 1717 499 1760 perfecqus
520 1720 601 1752 idem
622 1718 684 1762 ipse
709 1725 743 1752 in
778 1720 968 1755 humanitate
990 1732 998 1752 ι
1026 1717 1117 1754 Audi

226 1768 431 1804 Scholiasten
454 1782 465 1803 ,·
491 1769 615 1808 cyrillus
638 1781 695 1802 non
721 1770 796 1803 dicit
817 1795 828 1811 ‚
850 1770 1005 1813 perfec‘Jus
1038 1774 1119 1803 Deus

226 1818 352 1859 existens
364 1825 396 1852 in
406 1818 521 1853 homine
527 1819 658 1862 perfec‘lo
669 1845 679 1860 ‚
703 1818 761 1862 sed
783 1821 933 1863 perfeHus
944 1819 1073 1860 existens
1087 1824 1120 1851 in

229 1873 352 1903 Deitate
364 1893 371 1901 .
398 1869 443 1903 Et
464 1871 580 1904 iterum
596 1882 603 1902 ι
632 1869 788 1911 Perfec‘lus
807 1871 886 1904 idem
900 1869 1004 1913 ipsein
1016 1869 1120 1903 buma-

230 1925 328 1953 nirate
339 1944 347 1951 .
374 1923 415 1952 Ut
435 1918 517 1962 ipsas
542 1928 670 1953 naturas
681 1927 827 1963 tanquam
833 1929 940 1963 partes
947 1928 1063 1962 ponens
1076 1925 1122 1952 in·

229 1974 326 2003 vicem
344 1970 555 2011 complebimus
569 1994 581 2011 ,
608 1970 681 2003 bene
695 1969 855 2014 sonantem
865 1980 1043 2005 naturarum
1055 1979 1121 2003 con-

225 2018 366 2062 fufionem
387 2020 508 2053 auribus
531 2025 713 2053 intromittat
727 2044 734 2053 .
763 2023 890 2063 Propter
900 2022 981 2064 quod
991 2022 1026 2054 ὰ
1038 2019 1078 2051 ab
1089 2029 1122 2051 eo

229 2069 286 2109 id,
312 2071 394 2112 quod
401 2069 536 2110 estidem
551 2070 619 2112 ipse
630 2093 641 2108 ‚
663 2068 839 2112 supponitur
848 2072 895 2103 ad
901 2068 1121 2110 occultfifallen-

227 2119 302 2151 dum
313 2143 322 2151 .
349 2119 491 2153 Accusat
505 2118 671 2162 Cyrillum
684 2119 726 2152 de
737 2119 829 2153 vario
841 2118 923 2154 dolo
946 2129 985 2153 ac
994 2125 1102 2152 errore
1111 2141 1118 2148 .

227 2165 364 2207 Primo,
389 2168 479 2210 quod
490 2169 570 2204 duas
592 2177 721 2202 naturas
735 2163 850 2203 dolose
868 2169 1017 2212 praedicet
1032 2193 1040 2201 .
1066 2167 1120 2201 Ac

230 2218 349 2252 iterum
359 2217 508 2252 erronee:
537 2217 642 2263 Qod
652 2228 704 2250 eas
715 2218 864 2259 praedicet
881 2228 948 2251 non
960 2225 1119 2260 tanquam

229 2268 484 2311 qualescumque
502 2267 645 2310 ejusdem
657 2266 803 2300 Personae
826 2276 949 2309 partes,
977 2265 1033 2299 sed
1049 2274 1122 2298 tan-

229 2328 330 2360 quam
357 2327 461 2361 partes
480 2317 623 2350 invicem
635 2316 849 2359 completivas
860 2339 872 2356 ,
897 2315 1037 2358 ideoque
1048 2325 1118 2348 non

229 2367 365 2401 unicam
377 2367 547 2401 dumtaxat
558 2366 756 2410 hypostasim
775 2365 1014 2401 constituentes
1025 2388 1037 2405 ,
1064 2361 1119 2398 sed

231 2417 360 2458 insuper
371 2417 505 2450 unicam
526 2416 737 2459 compositam
751 2425 900 2449 naturam
912 2441 920 2448 .
948 2412 1120 2452 Secundo,

231 2464 322 2509 quod
345 2464 378 2499 id
388 2464 485 2500 faciat
495 2467 644 2499 eructans
654 2465 807 2499 odiosum
825 2476 864 2499 ac
876 2462 1047 2499 manifeste
1058 2461 1117 2498 hae·

231 2515 368 2549 reticum
385 2514 586 2549 confusionis
595 2514 791 2550 vocabulum
802 2528 814 2548 .-
841 2513 898 2550 Ut
915 2514 1119 2549 confusionis

231 2564 468 2608 blasphemiam
479 2565 578 2599 faciat
587 2563 669 2598 reste
680 2565 794 2599 sonare
804 2588 816 2604 ‚
840 2574 939 2608 atque
947 2564 995 2599 ita
1016 2564 1118 2609 ipsam

230 2614 422 2648 introducat
434 2615 470 2649 in
481 2614 641 2658 simplices
652 2613 758 2649 fidelis
770 2613 883 2658 populi
893 2625 985 2648 aures
994 2639 1002 2647 .
1036 2614 1117 2649 Ter·

230 2664 282 2699 tio
294 2688 305 2705 ,
330 2662 419 2708 quod
428 2662 542 2700 eadem
553 2674 620 2698 arte
630 2664 664 2698 δι
674 2663 716 2698 ad
727 2663 870 2698 eundem
881 2663 983 2699 finem
1004 2673 1115 2699 utatur

230 2713 285 2749 his
295 2714 451 2749 vocibus.-
478 2715 562 2748 Idem
575 2711 654 2757 ipse.
685 2713 886 2758 Respondeo
906 2714 971 2748 esse
993 2714 1118 2749 calum·

232 2764 443 2800 niouffimam
463 2763 864 2807 suspicionem.›Etenim
886 2773 1007 2805 voces,
1034 2765 1117 2799 Idem

232 2813 315 2858 ipse,
341 2822 456 2859 utpote
466 2812 571 2849 ambae
580 2813 753 2849 masculini
770 2814 897 2861 generis
919 2815 1027 2859 palam
1049 2815 1117 2849 im-

228 2874 365 2909 portant
384 2874 592 2909 nequaqnam
620 2874 741 2899 naturae
750 2865 977 2904 identitatem,
1004 2864 1058 2900 sed
1069 2866 1115 2899 so·

230 2915 298 2950 lius
309 2914 486 2959 hypostasis
500 2940 508 2948 .
534 2915 579 2949 Et
590 2913 679 2958 quod
690 2915 823 2950 Sanetus
832 2915 978 2960 Cyrillus
999 2915 1117 2950 Domi·

231 2965 269 2999 ni
289 2975 419 3000 naturas
439 2976 647 3009 nequaquam
667 2962 788 2999 dixerit
805 2966 852 3000 sui
874 2966 1014 3000 invicem
1027 2976 1113 3000 com-

232 3013 373 3058 pletivas
390 3039 401 3055 ,
425 3015 473 3049 est
493 3014 672 3050 meridiana
693 3015 766 3049 luce
789 3015 907 3051 clarius
931 3028 939 3048 ε
979 3014 1114 3050 Affidue

232 3063 354 3098 clamat
374 3064 407 3098 δε
427 3064 572 3099 inculcat
592 3063 703 3099 ambas
723 3066 786 3100 esse
811 3067 963 3110 pei-festas
976 3091 984 3098 .
1011 3064 1115 3100 Porro

232 3112 305 3148 haec
326 3114 521 3157 propositio,
547 3113 701 3156 Perfidus
721 3118 806 3149 Deus
827 3115 924 3157 exime
945 3122 979 3150 in
997 3115 1115 3149 bomine

228 3162 362 3206 perfeHo
375 3187 386 3204 ‚
411 3162 459 3198 est
477 3162 612 3198 dolosus
629 3165 774 3206 calceus,
799 3166 977 3209 aptiffimus
999 3165 1116 3200 Nesto-

233 3214 275 3248 rii
296 3212 450 3256 pedibus.
477 3213 667 3248 Plenissime
691 3216 781 3249 enim
807 3216 992 3251 verificatur
1013 3214 1054 3251 ab
1067 3215 1115 3249 in-

232 3262 404 3298 existentia
416 3275 472 3308 per
484 3262 586 3298 solam
598 3261 846 3300 inhabitationis
854 3266 992 3310 gratiam
1006 3290 1013 3298 .

284 3313 435 3360 Qintus
454 3313 610 3348 articulus
630 3313 677 3348 est
689 3337 701 3354 ,
726 3324 795 3358 quo
813 3314 947 3351 Sanstus
968 3315 1115 3360 Cyrillus

1886 191 1981 249 283

1177 277 1229 302 cat
1240 267 1323 303 duas
1333 278 1463 304 naturas
1473 293 1484 310 ,
1501 280 1540 302 ex
1552 270 1657 312 quibus
1666 273 1754 312 falla
1759 275 1795 316 fit
1806 275 1965 317 ineffabilis
1976 283 2055 312 unio.

1178 317 1373 354 Scholiastes
1387 319 1457 354 vult
1476 318 1653 355 dicendum
1676 321 1786 356 fuiffe:
1813 329 1952 368 ,Quarum
1968 326 2055 371 falla

1178 367 1216 408 est
1225 368 1385 411 ineffabilis
1399 374 1485 405 unio„
1509 368 1621 414 Hujus
1633 369 1805 405 calumniae
1825 376 1964 412 radicem
1985 389 2056 422 ape·

1177 420 1358 454 rueruntin
1378 419 1754 464 Constantinopolitana
1770 421 1960 457 Collatione
1980 428 2058 471 Epi-

1177 470 1264 512 scopi
1276 470 1520 505 Severianorum
1535 484 1546 503 .-
1574 474 1630 504 Ex
1640 470 1755 506 duabus
1769 478 1888 505 naturis
1899 477 2058 509 Dominum

1175 519 1287 560 dicere,
1307 518 1451 564 fignificat
1472 531 1564 554 unam
1586 524 1644 554 Dei
1655 521 1742 555 Verbi
1762 530 1905 556 naturam
1923 528 2060 558 incarna-

1176 578 1241 602 tam
1250 592 1260 609 ,
1279 568 1444 613 secundum
1456 573 1585 605 Beatum
1599 573 1740 611 cjrillum
1752 583 1786 607 ac
1796 572 1919 606 sameas
1936 575 2058 618 Patren

1175 624 1209 651 in
1219 620 1334 653 duabus
1342 631 1446 655 autem
1456 627 1573 655 naturis
1585 645 1596 662 ,
1616 620 1763 666 fignificat
1789 623 1865 656 duas
1890 621 2035 666 Personas
2049 648 2061 664 ,

1175 669 1209 701 Θ
1220 668 1502 712 duassubfistentias
1514 696 1522 704 .
1550 670 1796 716 Apollinaristae
1820 684 1859 708 ac
1871 670 2065 717 ‚Eutychia-

1177 718 1212 752 ni
1223 730 1320 754 voces
1329 744 1339 760 ,
1365 732 1404 754 ex
1416 722 1534 755 duabus
1545 728 1666 756 naturis
1678 746 1690 763 ,
1717 724 1841 767 semper
1852 722 2061 765 dilexerunt3

1177 779 1293 808 voces,
1316 774 1349 803 in
1381 770 1498 803 duabus
1520 778 1659 812 naturis,
1684 773 1800 808 acerbe
1819 773 1980 808 aversati.-
2007 774 2062 809 Ex

1177 818 1309 853 adverso
1318 829 1428 853 autem
1447 819 1568 854 Paulus
1580 822 1811 858 Samosatenfis
1824 847 1836 864 ,
1861 822 2062 858 Theodorus

1176 867 1427 912 Mopsuestenus
1437 893 1449 910 ‚
1475 869 1647 905 Nestorius
1657 893 1668 910 ‚
1693 881 1863 908 ac'eorum
1877 872 2061 916 symmista

1177 919 1300 962 semper
1322 918 1506 955 dilexerunt
1524 919 1583 954 has
1601 945 1612 961 ,
1650 920 1725 956 istas
1750 924 1897 958 detestati
1924 948 1932 956 .
1968 923 2063 957 Hinc

1176 969 1265 1002 enim
1277 969 1414 1003 Severus
1426 993 1438 1009 ,
1464 971 1617 1004 omnium
1628 970 1913 1014 Eutychianorum
1935 973 2064 1017 nequis-

1177 1019 1273 1053 simus
1294 1043 1305 1059 ,
1332 1019 1454 1063 scripsit
1477 1030 1485 1051 :
1513 1019 1800 1055 Anathematizandi
1821 1020 1893 1063 sunt
1917 1046 1928 1062 ‚
1953 1031 2007 1066 qut
2029 1029 2064 1057 m

1177 1069 1295 1103 duabus
1309 1074 1428 1103 naturIs
1439 1068 1586 1111 definiunt
1610 1079 1702 1103 unum
1715 1070 1867 1110 Christum
1878 1096 1885 1103 .
1911 1072 2065 1115 Epistolae

1179 1121 1402 1165 fragmentum
1412 1118 1515 1153 exstat
1526 1119 1562 1153 in
1580 1119 1673 1154 sexto
1687 1118 1847 1155 Concilio
1859 1145 1867 1152 .
1895 1120 1940 1154 Et
1951 1132 1991 1154 ex
2001 1123 2064 1156 isto

1179 1169 1340 1213 principio
1352 1168 1463 1203 omnis
1473 1168 1534 1203 ista
1541 1169 1569 1202 F
1570 1169 1658 1204 astio
1668 1168 1858 1205 Anathema
1868 1170 1954 1204 dixit
1965 1171 2067 1205 etiam

1179 1220 1390 1264 Dogmaticae
1409 1219 1534 1254 Sanstis
1550 1218 1678 1254 Leonis
1699 1218 1844 1264 epistolae
1863 1243 1875 1259 ,
1902 1220 2006 1254 immo
2031 1221 2067 1255 δε

1181 1267 1443 1303 Chalcedonensi
1454 1267 1613 1304 Concilio
1624 1296 1632 1303 .
1660 1268 1801 1305 Praesens
1813 1269 2010 1306 Scholiastes
2019 1269 2067 1305 est

1180 1320 1336 1363 professus
1350 1319 1590 1354 Nestorianus:
1617 1320 1711 1355 Hinc
1734 1330 1864 1365 propter
1883 1331 1979 1355 voces
1995 1345 2006 1362 ‚
2028 1332 2068 1354 ex

1180 1370 1299 1404 duabus
1321 1375 1439 1404 naturis
1460 1394 1472 1411 ,
1505 1370 1642 1405 damnat
1665 1370 1930 1407 Pacificatoriam
1959 1371 2070 1406 Sansti

1182 1420 1303 1462 Cyrilli
1327 1421 1517 1465 epistolam.
1544 1423 1670 1456 Omnes
1689 1421 1776 1457 male
1791 1446 1799 1455 .
1825 1422 1964 1457 Etenim
1985 1431 2069 1456 utra-

1182 1481 1245 1514 que
1267 1482 1334 1504 vox
1346 1471 1392 1505 est
1414 1473 1519 1506 resta.
1547 1472 1592 1506 Et
1615 1471 1781 1507 rectiffime
1799 1472 2069 1517 conjunguntur.

1182 1519 1232 1554 Ita
1243 1521 1333 1554 enim
1346 1521 1444 1555 altera
1456 1521 1590 1555 alteram
1602 1521 1746 1556 elucidat
1755 1547 1766 1563 ‚
1793 1532 1830 1556 ac
1842 1522 1973 1556 divertit
1997 1531 2068 1565 pra-

1185 1582 1229 1603 vae
1243 1570 1435 1613 suspicionis
1446 1571 1586 1613 pericula
1598 1596 1605 1602 .
1635 1571 1679 1604 Et
1692 1570 1771 1604 hinc
1781 1581 1954 1612 utramque
1973 1570 2068 1604 fimul

1184 1618 1459 1655 Chalcedonensis
1482 1620 1635 1663 Synodus
1668 1621 1775 1662 posuit
1800 1620 1835 1653 in
1852 1624 1854 1627 '
1873 1618 2069 1654 definitione

1182 1671 1244 1704 suae
1255 1669 1332 1704 fidei
1344 1696 1351 1703 .
1380 1669 1498 1704 Ambae
1508 1671 1582 1704 sunt
1593 1668 1848 1711 frequentissime
1859 1668 1945 1714 apud
1957 1669 2070 1704 Patres

1182 1720 1349 1764 utriusque
1371 1719 1538 1755 Ecclesiae.

1234 1771 1353 1805 Sextus
1366 1770 1522 1805 articulus
1535 1771 1610 1805 sunt
1623 1769 1737 1805 verba:
1766 1775 1843 1804 Cum
1858 1775 1985 1814 propria
2003 1781 2069 1804 car-

1183 1831 1219 1853 ne
1239 1844 1246 1853 .
1285 1818 1480 1854 Scholiastes
1502 1820 1669 1864 praesertim
1692 1818 1765 1855 odit
1786 1845 1799 1862 ‚
1825 1821 1916 1865 quod
1937 1821 2070 1854 Sanctus

1182 1869 1330 1914 Cyrillus
1339 1880 1380 1903 ex
1389 1869 1592 1913 appropriata
1604 1870 1645 1904 ad
1656 1869 1759 1904 Verbi
1780 1869 1982 1914 Hypostasin
2005 1881 2067 1904 car·

1184 1931 1226 1954 ne
1240 1919 1357 1953 inferat
1370 1930 1408 1954 ac
1418 1918 1564 1954 verificet
1579 1916 1664 1954 hanc
1689 1920 1966 1964 propositionem:
1988 1923 2070 1954 Deus

1184 1970 1313 2004 Verbum
1326 1968 1365 2009 est
1371 1970 1476 2013 passus
1487 1992 1498 2009 ,
1513 1968 1671 2011 crucifixus
1681 1991 1693 2008 ,
1711 1977 1842 2002 mortuus
1856 1993 1863 2001 .
1890 1971 1988 2003 Hinc
1997 1971 2071 2003 feri-

1184 2019 1232 2052 bit
1247 2032 1254 2051 :
1281 2023 1372 2052 Taceo
1382 2020 1462 2061 quod
1476 2021 1511 2052 ὦ·
1522 2024 1620 2052 carnis
1626 2026 1685 2060 per
1699 2028 1812 2053 crucem
1821 2017 1933 2051 obitum
1938 2025 1996 2060 per
2002 2027 2071 2061 pro-

1179 2068 1409 2110 priificationem
1423 2070 1613 2101 Divinitatis
1626 2075 1747 2101 naturae
1758 2068 1877 2109 deputet
1888 2092 1899 2109 ,
1927 2066 2005 2109 &sic
2015 2072 2069 2101 Di-

1185 2115 1510 2161 vinamsubfistemiam
1530 2117 1643 2150 inducit
1666 2116 1886 2161 effepaffibilem
1898 2144 1905 2152 .
1932 2120 1977 2150 Et
1998 2124 2068 2163 quia

1184 2167 1273 2201 Verbi
1287 2165 1407 2209 dorsm
1418 2168 1463 2199 ad
1470 2166 1599 2200 verbera
1610 2167 1810 2209 datumfaiffe
1824 2170 1977 2209 praedicat
1988 2193 1997 2202 .
2024 2173 2070 2203 Et

1183 2227 1237 2249 nec
1248 2215 1300 2248 hoc
1313 2215 1478 2257 intelligere
1486 2214 1580 2255 potest
1590 2237 1601 2253 ‚
1626 2219 1698 2254 quia
1709 2216 1830 2254 injuriae
1844 2218 1889 2249 ad
1908 2217 1963 2258 id,
1988 2220 2070 2260 quod

1183 2267 1334 2297 Divinum
1346 2261 1385 2304 est
1395 2286 1408 2303 ,
1430 2270 1486 2304 per
1497 2261 1880 2307 propriificationemfada
1893 2267 1997 2300 relatio
2008 2268 2046 2309 est
2054 2293 2066 2309 ,

1182 2325 1242 2347 non
1252 2322 1354 2347 autem
1361 2314 1522 2354 paffionum
1534 2335 1546 2353 ,
1572 2323 1641 2355 quae
1654 2315 1834 2350 naturaliter
1849 2322 1950 2350 carnis
1967 2316 2043 2360 sunt
2056 2343 2068 2358 ,

1175 2364 1267 2406 falla
1276 2363 1314 2405 est
1326 2366 1496 2397 Divinum
1500 2367 1672 2406 proprietas
1682 2388 1690 2396 .
1716 2364 1879 2401 Admittit
1894 2368 2069 2411 proprieta-

1182 2424 1248 2449 tem
1260 2439 1271 2455 ,
1291 2414 1344 2448 seu
1356 2412 1669 2457 propriificationem
1681 2415 1787 2450 carnis
1796 2414 1837 2450 ad
1850 2416 1998 2452 Verbum
2011 2442 2023 2458 ‚
2034 2419 2069 2453 δε

1180 2463 1354 2509 distinguit
1366 2463 1504 2497 inflistas
1527 2463 1634 2498 carnis
1645 2465 1803 2508 paffiones
1823 2478 1862 2501 ac
1883 2466 1932 2500 illi
1947 2468 2068 2513 irroga-

1181 2524 1231 2549 tas
1241 2514 1372 2557 injurias
1383 2527 1392 2547 ι
1418 2513 1492 2548 Has
1502 2513 1585 2548 solas
1594 2538 1606 2556 ,
1617 2525 1825 2560 nequaquam
1841 2515 1916 2551 istas
1927 2518 2071 2563 affirmat

1181 2576 1237 2609 per
1260 2564 1573 2608 propriificationem
1589 2566 1698 2599 referri
1712 2566 1748 2600 in
1762 2566 1910 2602 Verbum
1923 2592 1932 2600 .
1958 2568 2067 2612 Cyril-

1180 2616 1250 2650 lum
1260 2614 1403 2659 graviter
1412 2612 1541 2658 arguit,
1570 2612 1662 2657 quod
1672 2615 1782 2651 ambas
1798 2618 1834 2651 in
1848 2616 1999 2652 Verbum
2020 2629 2067 2654 re-

1179 2664 1296 2700 fundat
1314 2689 1325 2705 ‚
1363 2662 1506 2705 ideoque
1532 2662 1686 2699 sustineat
1714 2664 1773 2700 has
1796 2666 2032 2710 propositiones
2053 2681 2066 2702 .-

1179 2716 1272 2750 Deus
1286 2713 1432 2749 Verbum
1444 2712 1490 2748 est
1500 2713 1679 2750 crucifixus
1691 2738 1702 2755 ,
1713 2717 1818 2759 passus
1829 2740 1841 2757 ,
1851 2717 1886 2751 δε
1896 2726 2046 2752 mortuus
2053 2742 2062 2750 .

1180 2765 1332 2800 Affirmat
1343 2775 1398 2798 eas
1413 2762 1571 2798 verificari
1586 2776 1654 2799 non
1664 2767 1753 2810 posse
1764 2790 1776 2807 ,
1803 2767 1861 2801 nisi
1875 2778 1931 2811 per
1951 2767 2066 2802 intrin-

1179 2817 1284 2852 secam
1306 2813 1438 2849 Divina
1461 2813 1655 2850 Substantiae
1677 2816 1916 2860 passibilitatem
1939 2841 1947 2849 .
1981 2816 2064 2863 Qae

1177 2866 1292 2900 omnia
1311 2864 1426 2900 docuit
1445 2864 1547 2899 etiam
1571 2865 1745 2900 Eutherius
1761 2863 1972 2907 Thyanensis
1988 2866 2065 2910 Epi-

1178 2917 1295 2960 scopus
1304 2939 1314 2956 ,
1327 2925 1396 2950 tam
1409 2915 1442 2948 in
1455 2914 1599 2959 superius
1610 2915 1754 2950 adductis
1763 2915 1804 2950 ad
1815 2915 1978 2959 Joannem
1992 2916 2062 2951 An-

1177 2965 1370 3001 tiochenum
1392 2963 1614 3000 patriarcham
1639 2966 1756 2999 litteris
1769 2989 1780 3006 ,
1805 2976 1903 3009 quam
1917 2966 1949 3000 in
1963 2977 2062 3011 opere

1177 3017 1238 3052 illo
1250 3040 1262 3057 ‚
1288 3014 1376 3059 quod
1387 3015 1491 3050 exstat
1503 3015 1587 3048 inter
1596 3026 1693 3059 opera
1706 3015 1813 3049 Sancti
1822 3015 1992 3050 Athanasii
2002 3041 2011 3049 .

1229 3066 1377 3101 Eandem
1392 3066 1477 3110 pacis
1486 3064 1656 3108 epistolam
1668 3077 1736 3100 non
1753 3065 1838 3100 solus
1857 3065 1996 3101 lrenaeus
2021 3077 2062 3101 ac

1177 3117 1245 3161 ejus
1255 3116 1437 3160 Symmistae
1455 3115 1648 3158 culparunt,
1675 3115 1729 3150 sed
1750 3116 1852 3151 etiam
1865 3116 2003 3161 quidam
2015 3116 2064 3150 Λ-

1178 3167 1407 3212 pollinaristae,
1434 3174 1490 3199 aut
1512 3166 1620 3208 potius
1633 3164 1855 3210 Eutychiani,
1881 3167 1923 3202 de
1943 3166 2061 3212 quibus

1177 3218 1213 3252 in
1224 3214 1595 3259 Constantinopolitana
1607 3214 1802 3251 Collatione
1810 3217 1896 3251 dixit
1917 3217 1959 3251 ad
1970 3218 2061 3252 Seve·

1177 3267 1285 3304 rianos
1310 3266 1484 3303 Antistites
1506 3264 1674 3310 Hypatius
1690 3291 1701 3308 ,
1729 3265 1907 3312 Ephesinus
1928 3267 2061 3312 Episco-

1179 3328 1238 3362 pus
1254 3332 1265 3352 .·
1292 3323 1350 3354 Vos
1361 3327 1418 3350 non
1437 3314 1642 3359 suspicamur,
1660 3316 1724 3361 sed
1737 3324 1879 3361 antiquos
1899 3322 2060 3351 Haereticos

232 3361 315 3399 dicit
327 3362 513 3399 Dominum
522 3364 575 3408 esse
588 3375 627 3401 ex
639 3363 757 3400 duabus
778 3370 916 3400 naturis.
942 3365 1047 3416 Qod
1069 3365 1119 3401 di·
1182 3367 1403 3412 apollinaristas
1415 3390 1428 3409 ,
1452 3369 1656 3410 qotcyrillum
1664 3367 1884 3412 reprehendunt
1904 3374 1938 3402 in
1960 3364 2061 3408 epist*

1957 3416 2013 3457 Ia,
