2320 3730
357 162 452 209 118

285 244 470 290 pterillud.
497 241 749 278 Adoraturcum
762 243 838 278 illo.
866 243 1163 278 Glorificaturcum

286 296 364 329 illo.
387 295 431 327 Et
443 294 521 328 hinc
533 294 759 338 Conjunstum
771 293 1023 336 inseparabiliter
1033 314 1043 330 2
1061 289 1164 330 ipsum

283 355 406 379 naturae
418 345 532 379 nostrae
554 345 712 379 Primitiae
724 345 932 378 nominatur.
960 342 1040 374 Haec
1061 337 1166 372 custo-

280 395 372 437 dite,
396 396 432 430 ἀ
455 396 545 430 Deus
566 396 654 440 pacis
680 395 741 428 erit
759 393 931 428 vobiscum
950 413 960 429 ‚
985 387 1165 422 defendens

280 456 355 484 vos,
384 456 451 490 quo
462 444 528 490 ipse
540 446 634 480 novit
648 444 748 480 modo
761 469 769 477 .
797 442 857 493 Ipsi
872 441 979 481 honor
1004 439 1038 477 &
1055 439 1163 488 gloria

280 495 314 530 in
326 495 457 533 saecula.
482 496 613 532 Amen.

468 695 972 740 ScHoLION.

353 847 456 882 Tiam
480 845 534 879 hic
555 845 669 879 Sermo
690 843 793 879 exstat
816 843 850 877 in
872 842 965 878 Attis
979 840 1160 885 synodali-

326 935 331 937 ·
377 898 436 930 bus
458 920 466 927 .
493 892 654 929 Attamen
693 894 886 929 Caffinenfis
920 892 1089 927 translatio
1114 891 1159 925 est

269 948 408 985 melior,
433 944 468 978 ἀ
490 944 560 988 ejus
581 944 697 978 titulus
719 943 818 978 habet
832 944 954 988 aliquid
976 942 1156 987 singulare.

264 994 480 1030 Demonstrat
519 994 694 1039 antiquum
739 993 965 1029 concionandi
1001 994 1157 1028 modum.

264 1046 359 1087 Dum
381 1044 645 1084 concionabatur
667 1044 861 1088 Presbyter,
887 1044 927 1082 ad
942 1044 1011 1088 ejus
1025 1042 1156 1077 verbum

263 1095 372 1140 aliqua
394 1094 577 1139 Episcopus
600 1121 610 1137 ,
639 1096 673 1129 &
693 1094 733 1130 ad
760 1094 855 1137 hujus
887 1094 1022 1129 verbum
1048 1092 1156 1134 aliqua

264 1145 482 1191 subjungebat
496 1143 684 1180 Patriarcha
697 1170 703 1177 .
731 1146 824 1179 Dum
840 1143 956 1186 nempe
968 1141 1008 1175 ad
1022 1142 1157 1175 Patriar·

263 1195 391 1230 chalem
404 1219 414 1235 ‚
441 1195 495 1230 cui
507 1196 613 1240 plures
627 1196 724 1229 etiam
739 1194 895 1237 Episcopi
915 1193 1047 1226 aderant
1060 1215 1072 1232 ,
1098 1192 1154 1235 Sy-

263 1248 376 1287 naxim
400 1246 499 1281 fiebat
522 1247 659 1281 concio.
686 1245 780 1279 Hinc
812 1243 897 1288 apud
910 1242 1056 1277 Marium
1069 1242 1155 1279 Mer-

262 1307 404 1336 catorem
426 1296 640 1338 Haeresiarcha
669 1295 843 1331 Nestorius
881 1303 1033 1337 quartum
1061 1293 1153 1327 suurn

261 1356 375 1381 contra
397 1347 593 1392 Pelagianos
627 1348 812 1381 sermonem
849 1345 894 1380 ita
919 1343 1056 1378 inchoat
1077 1358 1088 1378 .-
1115 1348 1151 1377 1n

261 1399 354 1431 alium
369 1396 534 1440 sermonem
562 1399 664 1441 lingua
690 1405 871 1440 perurgente
907 1395 1150 1437 repromiffionum

260 1459 393 1481 mearum
410 1449 584 1490 praecedens
607 1447 749 1492 Magister
759 1459 868 1482 memor
888 1446 998 1479 lucram
1015 1456 1060 1478 me
1070 1445 1153 1478 vobis

260 1499 445 1530 Dominlcam
468 1497 574 1532 debere
592 1496 762 1539 sicbmonuit
773 1522 784 1539 ,
811 1500 846 1532 (9³
865 1498 910 1531 ad
920 1496 1009 1539 hujus
1023 1495 1154 1529 redhibi-

259 1553 368 1581 tionem
390 1546 538 1586 coardlat,
566 1547 728 1593 Magister
749 1549 806 1583 ille
825 1558 893 1583 erat
921 1546 1153 1582 unusillorum

261 1598 472 1636 Dostorum,
498 1607 581 1638 quos
604 1598 637 1630 in
660 1598 722 1631 1V.
746 1599 914 1645 Qinario
937 1597 1050 1634 laudat
1070 1596 1154 1630 anti-

260 1657 324 1689 qua
347 1647 467 1693 notitia
491 1646 708 1690 Dignitatum
731 1659 769 1682 ac
792 1648 991 1681 officiorum
1027 1657 1153 1690 magna:

260 1696 647 1740 Constantinopolitanae
669 1696 818 1731 Ecclesiae
839 1710 846 1728 :
875 1696 981 1730 Doelor
1007 1700 1152 1740 Evange-

258 1748 316 1786 lii,
342 1746 448 1780 Doc'lor
469 1745 607 1789 Apostoli,
643 1747 751 1780 Doc‘lor
775 1745 932 1790 Psalterii.
964 1747 1014 1781 Hi
1040 1757 1152 1780 coram

259 1797 427 1840 Episcopo
445 1796 746 1831 concionabantur.
774 1798 824 1832 lta
836 1798 866 1831 S.
888 1798 1027 1839 Joannes
1047 1796 1155 1839 Chry·

259 1847 421 1880 sostomus
443 1871 454 1888 ‚
480 1855 518 1879 ac
543 1846 611 1888 ipse
634 1846 813 1888 postmodo
837 1846 1013 1880 Nestorius
1034 1844 1153 1878 Antio-

259 1895 339 1930 chiae.
349 1907 460 1931 coram
471 1895 632 1930 Flaviano
644 1907 681 1929 ac
693 1894 882 1931 Theodoto
893 1920 904 1936 ,
917 1895 1151 1929 Constantino*

258 1947 328 1990 poli
341 1946 531 1980 Anastasius
544 1957 653 1979 coram
669 1945 1002 1987 Nestorio,Hippone
1022 1946 1154 1979 sanctus

260 1995 469 2041 Augustinus
495 2005 606 2029 coram
628 1996 660 2028 S.
674 1994 812 2028 Valerio
827 2018 837 2034 ‚
865 1993 1074 2029 Alexandriae
1086 1993 1153 2028 Pie-

260 2047 326 2083 rius
345 2057 457 2081 coram
480 2043 628 2079 Theona
654 2044 843 2087 Episcopo,
868 2042 947 2077 alibi
976 2042 1153 2076 aliicoram

260 2098 334 2133 aliis
359 2098 433 2131 sunt
455 2094 667 2131 concionati.
696 2093 740 2127 Er
787 2104 799 2126 t
824 2092 937 2136 paffim
952 2090 1148 2134 Presbyteri.

263 2148 478 2195 Quandoque
490 2155 598 2180 tamen
610 2143 709 2178 etiam
723 2143 877 2187 Episcopi
891 2168 898 2175 .
927 2142 977 2179 Ita
995 2140 1157 2176 Theodo-

262 2210 317 2234 rus
339 2197 593 2242 Mopsuestenus
620 2196 654 2229 ἀ
674 2192 909 2228 Theodoretus
931 2193 1083 2236 Cyrenfis
1095 2194 1156 2227 fre-

262 2257 401 2294 quenter
426 2244 635 2284 Antiochiae,
660 2245 795 2278 sanstus
818 2241 1026 2286 Epiphanius
1039 2243 1155 2276 Hiero-

262 2300 399 2343 solymae
411 2322 421 2339 ,
450 2294 642 2332 Dorotheus
654 2292 1011 2329 Martiano-Politanus
1023 2293 1155 2336 Episco-

262 2361 325 2395 pus
349 2344 646 2389 Constantinopoli
676 2356 786 2380 coram
814 2344 972 2379 Nestorio
993 2367 1005 2383 ,
1030 2343 1153 2377 ibidem

263 2411 378 2435 coram
402 2399 524 2433 Sancto
543 2398 669 2441 Joanne
694 2393 935 2438 Chrysostomo
963 2394 1155 2427 Severianus

265 2449 470 2484 Gabalorurn
481 2447 680 2491 Episcopus,
708 2446 841 2479 sanctus
856 2442 1064 2488 Augustinus
1078 2443 1156 2477 Car·

265 2499 404 2545 rhagine
426 2509 540 2532 coram
566 2496 706 2530 Aurelio
739 2497 929 2530 tractarunt.
957 2494 1052 2540 Qin
1073 2494 1106 2527 ὅ(
1124 2494 1155 2528 8.

268 2550 406 2586 Proclus
418 2548 604 2591 Cyzicenus
622 2547 803 2588 Episcopus
814 2543 1107 2586 Constantinopoli
1121 2543 1155 2576 in

270 2601 460 2646 praesentem
478 2596 668 2633 Nestorium
681 2618 691 2634 ,
718 2593 752 2626 ὅ(
770 2595 800 2627 S.
814 2591 1020 2635 Epiphanius
1039 2592 1156 2627 Hiero·

270 2650 411 2693 solymis
431 2647 517 2680 dixit
535 2646 569 2678 in
583 2645 770 2687 praesentem
791 2642 951 2685 Joannem
965 2666 973 2674 .
1000 2642 1156 2684 Ejusdem

273 2700 376 2735 moris
396 2695 570 2742 Nestorjus
592 2693 744 2729 meminit
765 2694 798 2726 in
825 2702 940 2736 quarto
960 2693 1106 2726 sermone
1118 2693 1158 2726 de

274 2747 458 2783 Dominica
481 2745 735 2784 Incarnatione‚
763 2754 860 2787 quem
881 2742 1008 2777 Marius
1034 2742 1157 2777 Merca-

276 2809 330 2834 tor
351 2796 460 2832 scribit
472 2795 566 2830 fuisse
577 2794 717 2838 primum
728 2794 764 2829 δε
784 2793 1039 2836 extemporalem
1052 2793 1160 2826 adver-

277 2848 331 2885 sus
353 2849 383 2882 S.
396 2846 508 2881 Procli
530 2846 714 2880 orationem
738 2844 978 2888 Panegyricam
1003 2844 1037 2877 in
1051 2843 1159 2887 Virgi-

278 2910 357 2934 nem
369 2897 568 2932 Dei-Param
580 2908 587 2927 :
615 2894 794 2936 Divifionem
802 2894 891 2938 super
902 2893 951 2927 hoc
958 2894 1159 2936 praecedentis

280 2947 415 2993 Magistri
438 2948 528 2982 valde
547 2945 615 2990 sum
637 2946 828 2979 admiratus.
859 2944 946 2977 Etin
961 2943 1161 2978 duodecimo

279 3002 452 3040 sermone,
477 2996 592 3032 habito
613 2997 686 3040 post
708 3004 856 3039 acceptas
882 2995 990 3028 Sanni
1004 2993 1163 3028 Celestini

280 3049 456 3084 Pontificis
473 3048 615 3082 Litteras
627 3060 638 3080 .·
666 3047 787 3079 Dulcem
810 3044 893 3078 nobis
907 3046 1083 3085 praecedens
1107 3047 1163 3076 Do-

284 3099 342 3132 Hor
362 3098 493 3142 mensam
511 3097 671 3131 charitatis
691 3094 844 3139 appoficit.
870 3093 1022 3127 Eundem
1038 3104 1162 3128 morem

285 3147 393 3182 laudat
415 3150 549 3183 Sanetus
573 3146 720 3189 Cyrillus
739 3172 751 3188 ,
787 3146 859 3190 post
881 3143 976 3178 Pauli
1010 3145 1161 3178 Emeseni

283 3197 440 3240 Episcopi
462 3198 661 3232 concionem
685 3197 883 3241 subjungens
902 3207 910 3227 t
937 3193 1091 3235 Haufimus
1114 3206 1165 3227 vo-

286 3247 333 3282 bis
344 3257 454 3288 aquam
466 3258 501 3279 ex
513 3251 599 3281 Sacro
603 3245 691 3288 fonte
706 3247 851 3287 oneraris,
861 3250 911 3288 qui
929 3253 1000 3277 ante
1016 3255 1066 3276 nos
1079 3244 1163 3287 disse-

287 3301 367 3332 ruit.
396 3295 599 3330 Attamenin
621 3295 673 3329 his
687 3295 839 3330 omnibus
858 3294 987 3329 nullum
1008 3294 1164 3328 habemus

288 3345 475 3392 exemplum
497 3369 508 3389 ,
533 3346 568 3380 in
591 3356 658 3390 quo
681 3346 753 3390 post
775 3345 1007 3390 Presbyterum
1034 3345 1169 3390 Episco-

701 159 1041 204 VARaoRUM
1077 154 1329 200 Paruum
1363 151 1689 214 EPISTOLAE,

1229 248 1311 280 pus,
1340 239 1412 280 post
1435 238 1634 286 Episcopum
1657 238 1844 277 Patriarcha
1863 242 1911 276 est
1933 241 2111 277 concionass

1228 296 1294 321 tus.
1321 286 1533 334 Qapropter
1552 293 1685 333 praesens
1710 291 1904 329 Caffinenfis
1928 291 2043 326 titulus
2064 293 2103 326 es

1228 337 1409 374 admodum
1420 337 1589 382 fingularis
1600 363 1607 370 .
2090 354 2094 358 -

1278 387 1432 422 Eundem
1456 400 1583 423 morem
1600 387 1712 424 laudat
1731 389 1767 424 ὃ(
1786 393 1939 427 omnibus
1953 392 2107 427 Ecclesiis

1227 438 1373 482 imponit
1395 438 1528 473 Author
1553 439 1606 473 seu
1621 439 1830 484 Compilator
1841 442 2107 486 Apostolicatum

1230 486 1518 523 Constitution'um
1532 504 1543 523 .·
1570 491 1685 524 Deinde
1696 490 1849 524 hortentur
1869 494 2010 534 Populicm
2021 491 2108 536 Pres-

1229 539 1333 578 byteri.
1359 543 1433 575 Non
1444 552 1542 574 omnes
1556 539 1647 584 fimul
1653 566 1664 583 ,
1673 539 1903 585 sedfingulatim
1918 566 1925 574 .
1949 544 1994 590 ξι
2001 543 2111 585 postre-

1229 600 1295 622 mus
1315 595 1443 623 omnium
1463 590 1629 634 Epist-opus
1645 616 1656 632 ,
1683 590 1843 634 quifimilis
1861 591 2108 636 estGujbernatort
2126 600 2155 630 s..
2166 607 2224 630 με.
2237 607 2281 636 57.

1229 645 1320 673 navis
1333 666 1341 673 .
1366 641 1548 686 Desumpta
1561 640 1627 676 haec
1638 643 1713 677 sunt
1729 653 1770 676 ex
1781 643 1879 686 priori
1891 642 2000 678 Sanffi
2012 641 2107 678 Pauli

1228 689 1269 723 ad
1282 690 1479 726 Corinthios
1491 693 1636 736 Epistola
1650 706 1657 726 :
1686 692 1844 736 Prophetae
1855 695 1911 727 duo
1921 702 1975 727 aut
1991 703 2054 727 tres
2064 693 2109 726 de,-

1227 749 1298 773 cant
1312 765 1323 780 ‚
1349 743 1383 775 (ν
1406 748 1504 775 caeteri
1524 744 1690 783 dijudicent
1701 769 1708 777 .
1737 745 1831 788 ,Quod
1831 742 1862 785 fi
1867 745 2031 779 revelatum
2035 742 2108 785 fue·

1227 795 1269 824 rit
1285 789 1423 834 sedenti,
1447 798 1531 833 prior
1553 801 1668 827 taceat.
1698 794 1820 834 Potestis
1836 799 2036 828 enimomnes
2049 801 2107 836 per

1225 840 1349 884 fingulos
1358 841 1539 884 prophetare
1548 865 1558 881 ‚
1583 852 1616 875 ut
1625 855 1724 878 omnes
1738 843 1856 887 discant
1866 870 1876 886 ,
1903 847 2043 879 &omnes
2055 855 2106 877 ex-

1227 890 1378 927 hortentur
1404 917 1411 923 .
1438 896 1485 927 Et
1504 895 1636 935 spiritus
1666 895 1884 937 Prophetarum
1907 920 1918 936 ,
1945 892 2106 937 Prophetis

1221 940 1348 984 subjec‘ii
1367 941 1457 986 sunt.
1485 943 1569 978 Haec
1589 945 1722 979 fuerunt
1746 946 1847 989 prima
1860 946 2006 980 Ecclefiae
2018 948 2106 990 plan-

1228 993 1351 1027 tamina
1364 1017 1374 1034 ‚
1402 993 1545 1039 ideoque
1566 994 1637 1037 post
1651 996 1750 1038 ipsam
1773 997 1952 1040 plantatam
1964 1007 2002 1029 ac
2014 996 2107 1031 firme
2123 997 2196 1034 Cap.
2215 1004 2261 1031 14·

1224 1042 1398 1078 radicatam
1424 1043 1484 1078 ista
1502 1069 1514 1085 ,
1542 1045 1591 1078 uti
1617 1045 1650 1078 ὅτ.
1677 1046 1828 1090 pleraque
1849 1045 1912 1080 alia
1940 1046 2107 1089 primitiva

1223 1091 1455 1134 charismata,
1482 1102 1599 1136 utpote
1623 1095 1758 1138 expleto
1785 1097 1897 1132 officio
1915 1123 1927 1140 ,
1965 1099 2108 1132 cessave-

1223 1150 1315 1175 runt.
1329 1142 1408 1175 Hoc
1419 1142 1603 1177 lamentans
1613 1145 1709 1177 variis
1722 1145 1757 1178 in
1770 1147 1852 1180 locis
1863 1149 1998 1182 Sanetus
2010 1147 2108 1189 Joan-

1223 1202 1280 1227 nes
1303 1189 1558 1235 Chrysostomus
1579 1194 1718 1229 affirmat
1745 1196 1794 1229 sui
1815 1199 1972 1240 temporis
1995 1198 2107 1231 Eccle-

1222 1241 1300 1275 siam
1321 1242 1414 1276 fuisse
1434 1243 1572 1277 similem
1596 1241 1819 1287 depauperatae
1832 1248 2009 1287 Dominae,
2036 1258 2108 1290 quae

1222 1293 1275 1327 sua
1288 1302 1482 1327 ornamenta
1495 1293 1639 1327 amiserit
1654 1318 1667 1335 ‚
1693 1294 1864 1331 retinuerit
1876 1307 1985 1333 tamen
1996 1307 2086 1331 arcas
2098 1322 2106 1330 .

1223 1341 1358 1377 Etenim
1379 1341 1556 1377 Catholica
1582 1343 1726 1379 Ecclesia
1748 1346 1978 1382 deficientibus
1990 1346 2111 1381 charis-

1220 1390 1361 1426 matibus
1383 1392 1519 1428 retinuit
1539 1401 1596 1427 aut
1622 1394 1750 1428 suffecit
1775 1395 1890 1431 Sacros
1912 1397 1992 1431 ritus
2013 1421 2024 1437 ,
2049 1396 2107 1440 qui

1220 1442 1353 1476 illorum
1374 1442 1477 1478 essent
1501 1442 1685 1487 imagines,
1712 1446 1881 1482 memoriae
1896 1470 1907 1487 ‚
1930 1456 1988 1482 aut
2006 1446 2108 1480 etiam

1220 1554 1290 1577 rum
1301 1554 1356 1586 per
1366 1542 1523 1586 spii-itum
1536 1543 1742 1579 sermonibus
1762 1545 1895 1582 induxit
1903 1572 1915 1589 ,
1941 1558 1977 1583 ut
1991 1559 2047 1591 per
2056 1557 2109 1581 or-

1219 1593 1332 1627 dinem
1348 1592 1531 1636 Presbyteri
1553 1593 1700 1628 dicerent
1710 1595 1751 1629 ad
1766 1594 1932 1642 Populum
1946 1624 1957 1640 ,
1986 1597 2108 1634 deinde

1221 1644 1401 1686 Episcopus
1418 1654 1425 1675 :
1453 1642 1510 1678 Ut
1529 1643 1636 1688 primo
1654 1644 1830 1688 Presbyter
1846 1674 1855 1689 ‚
1882 1648 2003 1684 deinde
2029 1648 2109 1692 Epi-

1221 1694 1360 1737 scopus,
1387 1692 1506 1727 ultimo
1528 1694 1651 1730 diceret
1663 1695 1875 1739 Patriarcha,
1901 1699 1992 1743 juxta
2009 1699 2110 1734 varie·

1220 1753 1321 1779 tatem
1345 1742 1516 1780 Collectae.
1543 1743 1592 1779 Ita
1616 1745 1671 1779 fibi
1696 1747 1901 1783 conservavit
1925 1749 2111 1794 imaginem

1219 1805 1257 1827 ac
1271 1794 1463 1828 memoriam
1479 1795 1606 1838 antiqui
1617 1794 1998 1834 charismatis&ordinis
2010 1821 2022 1838 ,
2046 1799 2110 1843 qui·

1222 1842 1461 1885 Prophetarum
1488 1845 1648 1886 Spiritum
1686 1846 1878 1889 subjiciebat
1912 1848 2105 1892 Prophetis·

1220 1891 1380 1926 Attamen
1409 1890 1504 1934 hujus
1538 1894 1642 1928 moris
1667 1896 1800 1930 nullum
1837 1896 1921 1931 mihi
1960 1898 2110 1933 occurrit-

1220 1942 1409 1985 exemplum
1423 1966 1434 1982 ,
1462 1942 1518 1975 nifi
1542 1944 1703 1985 praesentis
1724 1945 1834 1979 tituli.
1863 1947 2016 1982 Omnino
2036 1949 2108 1982 exi·

1220 1992 1318 2025 stimo
1341 1991 1446 2035 ipsum
1471 2002 1540 2025 non
1568 1992 1660 2026 fuisse
1690 1992 1903 2038 hetroclyton
1927 2020 1939 2036 ,
1962 1998 2107 2041 ideoque

1221 2042 1337 2073 factum
1361 2042 1452 2082 juxta
1476 2040 1634 2076 vetustam
1656 2043 1838 2079 Orientalis
1862 2047 2014 2082 Ecclefiae
2025 2058 2107 2082 con·

1220 2088 1422 2125 suetudinem
1435 2114 1443 2122 .

1270 2139 1373 2174 Porro
1394 2139 1466 2183 quis
1489 2140 1587 2177 fuerit
1612 2142 1669 2178 ille
1694 2143 1869 2190 Presbyter
1890 2147 2106 2193 Aphtonius,

1221 2190 1363 2235 ignoro.-
1389 2191 1562 2225 centesima
1585 2193 1737 2236 vigefima
1760 2199 1874 2240 quinta
1896 2199 2108 2234 Theodoreti

1227 2240 1377 2283 Epistola
1404 2240 1449 2273 est
1478 2241 1519 2274 ad
1546 2241 1758 2286 Aphtonium
1787 2271 1799 2287 ,
1825 2246 2106 2289 Theodoretum,

1219 2291 1356 2324 alterum
1389 2289 1605 2334 Aphronium
1627 2318 1639 2334 ,
1664 2295 1814 2339 aliosque
1825 2309 1975 2342 gerentes
1997 2298 2111 2343 Magi·

1218 2341 1354 2375 stratum
1385 2341 1579 2386 Zeugmatis
1603 2367 1610 2375 .
1636 2343 1684 2378 At
1717 2345 1766 2379 illi
1788 2346 1946 2392 gerebant
1973 2348 2106 2383 civilem

1220 2391 1452 2435 Magistratum
1472 2415 1483 2431 ,
1513 2391 1654 2433 ideoque
1677 2394 1730 2428 hic
1753 2395 1924 2440 Presbyter
1951 2409 2021 2432 non
2043 2398 2107 2432 suit

1220 2451 1260 2473 ex
1273 2439 1344 2482 ipfis
1358 2465 1366 2472 .
1395 2439 1472 2472 Fuit
1485 2440 1635 2475 Clericus
1654 2453 1692 2476 ac
1706 2444 1860 2480 Minister
1883 2447 2021 2492 alicujus
2035 2459 2110 2492 prae-

1221 2490 1322 2523 sentis
1346 2490 1521 2533 Episcopi.
1550 2490 1653 2525 Porro
1674 2493 1817 2536 Joannes
1837 2496 2025 2533 Patriarcha
2049 2509 2107 2542 per

1222 2539 1310 2574 hunc
1325 2540 1507 2572 sermonem
1520 2540 1584 2573 suis
1598 2541 1638 2575 ad
1650 2545 1778 2583 propria
1801 2546 2012 2581 redeuntibus
2027 2547 2106 2589 Epi-

1223 2589 1327 2632 scopis
1349 2587 1529 2627 valedixit,
1554 2599 1612 2621 eos
1632 2590 1819 2627 zelosiffime
1831 2593 1981 2630 hortatus
1999 2596 2039 2631 ad
2053 2597 2104 2631 fir-

1222 2648 1308 2671 mam
1321 2635 1354 2668 in
1367 2635 1567 2670 Orthodoxa
1580 2637 1644 2671 fide
1665 2640 1698 2674 &
1712 2642 1850 2677 fraterna
1868 2646 1996 2680 unitate
2017 2657 2103 2680 con-

1221 2686 1385 2721 cordiam.
1413 2684 1476 2719 Per
1498 2685 1596 2720 fidem
1619 2689 1780 2736 intelligit
1800 2693 1910 2729 devias
1930 2696 2103 2731 adversum

1222 2735 1465 2779 SanctiCyrilli
1485 2735 1638 2780 Capitula
1659 2740 1858 2777 calumnias.
1892 2746 1986 2781 Hinc
2003 2747 2104 2790 &per

1222 2788 1394 2821 fraternam
1418 2786 1578 2821 unitatem
1611 2788 1769 2836 intelligit
1802 2794 1930 2830 firmam
1962 2796 1998 2830 in
2019 2797 2102 2831 inita

1223 2847 1338 2872 contra
1361 2836 1420 2870 ista
1439 2836 1590 2880 Capitula
1613 2840 1843 2883 conjuratione
1866 2847 2079 2889 pertinaciam
2093 2871 2102 2879 .

1225 2889 1268 2921 Et
1288 2888 1333 2921 ita
1345 2885 1424 2919 fatsta
1444 2886 1490 2922 est
1506 2888 1727 2925 Orientalium
1750 2892 1948 2939 Legatorum
1962 2897 2100 2937 divifio,

1224 2951 1261 2972 ac
1281 2936 1436 2981 profeffio
1459 2937 1500 2971 ad
1522 2939 1647 2982 propria
1663 2966 1670 2972 .
1698 2942 1791 2976 Hinc
1805 2946 1910 2980 brevis
1924 2970 1935 2986 ,
1961 2946 2104 2989 superius

1225 2988 1353 3024 laudata
1366 3011 1376 3027 ‚
1387 2986 1503 3021 relatio
1515 2989 1673 3025 veriffime
1683 2991 1793 3026 scribit
1811 3007 1818 3027 :
1844 2995 2105 3041 RemanfitJoan-

1224 3049 1274 3072 nes
1299 3036 1497 3071 Antiochenus
1518 3063 1528 3080 ‚
1557 3046 1701 3083 ceterique
1723 3043 1891 3087 Episcopi,
1919 3053 1971 3089 qm·
1996 3055 2104 3088 partes

1225 3091 1303 3123 illius
1339 3087 1498 3121 tuebantur
1534 3113 1544 3130 ‚
1583 3096 1616 3123 in
1646 3090 1835 3134 separatione
1870 3104 2078 3137 permanentes
2091 3120 2100 3128 .

1227 3136 1371 3174 Proinde
1406 3137 1461 3171 hic
1496 3138 1601 3174 sermo
1629 3142 1691 3176 fuit
1717 3143 1820 3178 dictus
1846 3146 1917 3190 post
1944 3148 2104 3191 pennam

1228 3189 1427 3223 Maximiani
1452 3188 1708 3226 Ordinationem
1730 3218 1740 3235 ‚
1776 3195 1809 3229 ὃς
1836 3197 1906 3239 post
1938 3197 2104 3242 vulgatam

1229 3242 1356 3274 tertiam
1383 3249 1420 3271 ac
1447 3239 1621 3281 ultimam,
1648 3254 1711 3286 qua
1737 3245 1801 3278 fuit
1826 3245 1976 3281 dissoluta
2003 3248 2105 3289 syno-

1228 3289 1309 3328 dus,
1335 3289 1539 3331 Imperatoris
1550 3290 1735 3326 Theodosii
1754 3296 1900 3330 sacram.
1927 3296 2005 3332 Post
2018 3295 2106 3330 diem

1229 3338 1414 3385 vigefimam
1452 3338 1600 3384 quintam
1627 3342 1797 3382 ottobris.

1955 3394 2057 3445 Qod
