2320 3730
699 113 1038 178 VAR10Ru'M
1074 130 1332 176 PATRUM
1367 129 1468 177 E1³1
1492 146 1702 191 sroLAE,

1236 212 1302 270 lem
1317 213 1381 249 Dei
1395 215 1502 251 Verbi
1512 219 1701 265 translatam
1725 228 1893 258 naturam.
1921 223 2127 260 Inconverti-

1236 262 1311 298 bilis
1337 265 1429 301 enim
1449 265 1494 300 est
1503 286 1516 308 ,·
1539 267 1576 303 ’δε
1597 269 1816 309 immutabilis
1841 273 2007 315 omnino,
2035 274 2123 311 idem

1234 313 1301 362 ipse
1314 314 1438 358 semper
1450 326 1642 361 permanens
1655 321 1834 359 secundum
1844 324 2026 368 Scripturas
2035 346 2045 356 .

1286 363 1374 399 Cum
1396 365 1559 401 videretur
1578 377 1688 410 autem
1713 372 1749 408 ὃς
1767 382 1866 415 puer,
1886 375 1920 410 δε
1941 374 1976 408 in
2001 375 2118 418 pannis

359 147 420 198 14

284 217 336 258 siti
364 242 376 259 ,
403 227 469 252 tam
491 215 598 261 Laicis
623 227 723 262 quam
750 217 908 259 Clericis,
938 217 1174 252 Communica-

283 278 369 302 tores
388 268 495 302 sumus
513 277 631 302 omnes
643 292 650 299 .
679 268 754 303 Nec
771 269 862 302 enim
881 279 1010 312 acquum
1031 268 1077 301 est
1092 268 1171 300 recta

280 320 387 361 sapere
397 319 638 362 cognoscentes
648 315 798 358 tuislaedi
813 318 1007 359 sententiis,
1033 318 1109 360 quia
1133 315 1172 349 ti·

277 367 311 402 bi
323 367 560 402 benefacientes
592 368 880 403 contradixerunt.
912 367 992 401 Hoc
1015 365 1104 401 enim
1125 365 1170 409 ip·

276 418 346 452 sum
362 417 514 457 indicasti
526 418 562 452 in
573 417 709 461 epistola
724 445 734 462 ,
762 431 833 464 quae
857 419 971 462 scripta
982 417 1025 450 est
1046 415 1064 448 ὲ
1078 425 1111 450 te
1127 414 1168 454 ad
1232 415 1376 453 existens
1387 441 1398 456 ,
1425 417 1460 456 ὅ(
1472 418 1506 451 ὶη
1520 417 1590 452 finu
1603 420 1707 460 enixae
1717 419 1888 468 Virginis,
1913 436 2050 460 omnem
2060 427 2118 459 im·

273 468 411 513 Magnae‘
435 467 556 510 Romae
574 468 814 511 Sandiiffimu'm
842 469 1083 518 Coepiscopum
1110 477 1175 506 no·.
1228 464 1340 514 plebat
1353 465 1546 504 Creaturam
1558 479 1594 501 ut
1606 469 1717 510 Deus,
1743 470 1964 510 &Confeffor
1974 480 2042 511 erae
2052 476 2116 509 Ge.

269 517 374 586 sssum
405 519 612 559 Gelestjnum
630 544 638 551 ‚
1230 515 1350 549 nitori.
1379 517 1549 552 Divinitas
1572 519 1696 554 etenim
1717 521 1786 554 fine
1797 523 1981 565 quantitate
2005 526 2115 560 &ma-

278 569 296 605 ’,
320 568 403 603 Non
428 567 567 605 sufficiet
578 579 689 606 autem
711 579 775 604 tuae
787 566 991 610 Reverentia
1011 566 1163 607 confiteri
1218 565 1489 612 *gnitudineem
1510 570 1548 605 a&
1559 570 1952 611 circumterminationem
1973 585 2044 608 non
2065 576 2114 611 su-

270 613 482 660 solumFidei
496 613 718 667 Symbolum,
739 618 833 663 ,quod
847 619 881 652 in
894 626 1041 659 ternpore
1062 628 1163 661 expo÷
1227 614 1342 650 stinet.
1370 617 1476 653 Uniri
1489 629 1600 654 autem
1623 619 1726 655 Carni
1745 622 1924 663 secundum
1947 623 2114 659 subsisten-

277 668 372 706 fitum
394 671 439 707 est
452 682 504 716 per
517 672 671 707 Sanctum
693 666 879 714 Spirituma
897 668 1013 709 ,Sancta
1040 668 1075 702 <Sc
1088 668 1161 702 Ma·
1226 665 1307 700 tiam
1329 669 1528 704 confitentes
1545 669 1717 712 Verbum,
1744 682 1847 707 unum
1868 672 2041 711 adoramus
2061 676 2112 710 Fi-

267 729 334 765 gna
346 722 506 765 synodo,
532 722 664 756 tuncin
678 722 1031 766 temporecongregata
1051 718 1088 752 in
1100 717 1160 758 Ni·
1226 716 1308 750 lium
1333 719 1366 752 δε
1394 719 1584 761 Dominum
1611 721 1718 769 Jesum
1747 722 1918 759 Christum
1943 738 1952 764 ,ε
1990 726 2110 770 Neque

266 781 329 810 caea
357 771 371 803 .'
391 768 587 817 Intellexisti
607 772 694 805 enim
720 768 755 802 ὅ(
777 767 1007 811 interpretatus
1031 780 1066 803 es
1091 765 1157 804 hoc
1224 767 1353 806 seorsim
1367 781 1551 814 ponentes,
1578 772 1880 814 &determinantes
1891 775 2061 811 hominem
2074 777 2109 811 ὅς

263 831 334 853 non
347 817 452 864 recte,
479 821 614 863 distorte
626 825 737 861 autern
750 818 879 862 magis,
907 819 1059 865 quamvis
1078 832 1156 854 con·
1224 816 1335 853 Deum
1349 844 1359 860 ,
1387 821 1476 864 quasi
1496 822 1692 867 conjunstos
1714 824 1909 864 adinvicem
1934 827 2108 872 dignitatis

263 870 385 911 fitearis
396 879 512 912 vocem
525 873 695 912 sermone,
720 866 774 902 sed
796 867 865 906 hoc
887 870 1089 915 consequens
1108 871 1152 905 est
1220 864 1255 908 ,ἃ
1275 868 1485 905 authoritatis
1504 868 1679 910 unitione.
1706 874 1849 910 Novitas
1870 878 1960 914 enim
1985 888 2106 911 vocum

262 920 345 962 utin
358 923 477 963 scripto
484 922 630 965 ,decurn
640 918 852 969 jurejurando
862 920 1061 960 confitearis,
1075 922 1152 965 quia
1218 919 1262 953 cst
1275 918 1352 963 hoc,
1365 921 1400 957 &
1413 922 1503 958 aliud
1522 922 1606 963 nihil
1619 950 1626 956 .
1655 924 1775 969 Neque
1786 926 1919 970 quidem
1933 926 2104 967 Christum

260 969 295 1010 §c
305 969 560 1009 anathematizas
570 978 627 1004 tua
636 981 735 1015 prava
746 970 780 1004 &
790 969 959 1015 prophana
969 972 1149 1016 Dogmata,
1218 970 1398 1014 specialiter
1410 973 1619 1013 nominantes
1632 986 1673 1008 ex
1682 976 1759 1010 Deo
1772 974 1920 1015 Verbum
1936 1002 1946 1018 ‚
1974 979 2007 1012 ’δε
2020 977 2107 1011 ssmi-

258 1020 385 1063 sapiens
395 1029 506 1055 autem
532 1019 711 1062 &docebis
733 1032 803 1065 quae
827 1022 861 1056 ὅ(
879 1032 941 1056 nos
953 1033 1090 1064 omnm,
1116 1024 1149 1059 ὅς
1215 1020 1291 1056 liter
1303 1023 1509 1068 specialiter,
1536 1026 1627 1064 velut
1649 1025 2000 1068 Christumalterum,
2026 1039 2104 1062 eum

257 1069 313 1112 qui
332 1069 368 1110 in
390 1070 603 1113 Occidente,
629 1071 674 1119 ⁴&-
687 1071 724 1105 in
745 1071 885 1117 Oriente
908 1072 1090 1118 Episcopi,
1114 1071 1149 1117 ὃς
1214 1073 1272 1122 qui
1287 1085 1329 1108 ex
1340 1074 1498 1122 muliere,
1525 1076 1579 1115 sed
1595 1084 1696 1111 unum
1724 1076 1831 1112 solum
1858 1078 1995 1116 scientes
2007 1076 2103 1112 Chri-

255 1119 420 1155 Doctores
432 1143 442 1160 ‚
467 1120 501 1155 &
510 1121 640 1165 populis
651 1121 828 1166 Prapofitjf
850 1120 1026 1163 consensit
1037 1135 1146 1161 autem
1212 1120 1299 1162 stum
1310 1135 1352 1157 ex
1364 1123 1442 1164 Deo
1455 1120 1550 1161 fiatte
1564 1118 1718 1165 “Verbum
1725 1138 1801 1161 cum
1813 1129 1869 1164 sua
1879 1128 2103 1164 Carne-Tunc

254 1169 289 1212 §c
312 1169 467 1206 Romana
488 1172 600 1207 Sandia
612 1173 766 1216 Synodus
777 1198 789 1214 ‚
814 1175 848 1210 &
871 1185 932 1213 nos
943 1186 1081 1216 omnes,
1109 1186 1146 1216 ut
1211 1172 1302 1207 enim
1316 1173 1595 1219 humanejuncrus
1605 1176 1650 1211 est
1664 1176 1855 1212 nobiscum.
1884 1178 1974 1212 Cum
1986 1179 2102 1223 utique

253 1221 338 1254 resta
348 1219 548 1264 habentibus
563 1219 1084 1268 &irreprehensibiliterepistolis
1102 1224 1143 1260 ad
1211 1222 1284 1264 his,
1311 1225 1369 1268 qui
1395 1225 1490 1270 digni
1503 1237 1595 1263 erant
1614 1227 1762 1271 accipere
1786 1251 1798 1268 ,
1824 1228 1983 1272 Spiritum
2009 1229 2101 1263 daret

252 1280 344 1306 tuam
366 1270 600 1318 Reverentiam
623 1273 750 1319 scriptis
770 1273 812 1308 ab
835 1273 1142 1319 Alexandrinorum
1210 1273 1296 1317 ipse,
1323 1275 1358 1309 &
1383 1287 1452 1310 non
1476 1287 1518 1310 ex
1535 1278 1684 1317 mensura
1705 1278 1889 1329 acciperet,
1914 1279 1996 1314 ficut
2017 1279 2100 1318 dicit

253 1321 399 1358 Ecclesia
413 1348 419 1355 .
433 1323 645 1360 subdidimus
657 1336 766 1361 autem
776 1326 810 1359 δε
821 1322 874 1360 his
885 1325 1000 1368 litteris
1012 1326 1142 1368 nostris,
1208 1325 1329 1366 Beatus
1341 1323 1550 1371 Evangelista
1561 1328 1721 1373 Ioannes,

250 1381 321 1413 quae
343 1382 376 1408 te
396 1385 548 1420 oporteat
573 1377 679 1422 sapere
704 1376 737 1410 &
758 1376 876 1426 docere
890 1401 908 1421 ‚²
925 1377 959 1419 ἀ
980 1376 997 1410 a
1023 1377 1142 1421 quibus
1198 1418 1202 1419 ⁷
1257 1375 1320 1410 Sed
1344 1387 1452 1422 neque
1478 1377 1563 1410 illud
1589 1376 1751 1422 dicimus,
1777 1379 1854 1422 quia
1875 1378 2037 1420 habitavit
2058 1390 2099 1416 ex

247 1421 408 1459 abstinere
419 1426 578 1467 convenit
595 1425 614 1459 .“
627 1424 712 1461 Haec
722 1428 816 1461 enim
828 1425 979 1462 Ecclkssae
991 1423 1151 1462 cathon-1²
1204 1424 1284 1459 Deo
1298 1422 1450 1461 Verbum
1463 1425 1551 1470 quali
1565 1427 1599 1463 in
1618 1422 1756 1463 homine
1766 1424 1938 1465 comnfmni¹
1947 1447 1959 1468 ⁵
1969 1429 2010 1463 de
2021 1430 2098 1464 San·
2120 1428 2122 1431 ’

1204 1476 1254 1515 ssa
1266 1475 1408 1520 Virgine
1420 1485 1524 1524 nato,
1551 1486 1589 1511 ut
1600 1476 1712 1515 Deum
1722 1478 1828 1518 ferens
1851 1477 1956 1511 hemo
1977 1479 2097 1513 intellia

1204 1536 1299 1570 gatur
1324 1524 1497 1561 Christus.
1526 1525 1569 1560 Et
1597 1526 1723 1565 sienim
1748 1525 1912 1566 habitavit
1936 1528 1971 1561 in
1999 1529 2097 1564 nobis

1204 1575 1351 1620 Verbum
1367 1601 1378 1617 ,
1395 1577 1517 1619 dicitur
1527 1575 1606 1618 vero
1618 1576 1653 1619 ὃς
1663 1577 1700 1611 in
1713 1576 1847 1613 Christo
1864 1577 2011 1615 habitare
2023 1586 2100 1614 ornL

1202 1625 1254 1661 nis
1264 1626 1439 1671 plenitudo
1448 1627 1647 1670 Divinitatis
1657 1628 1868 1674 corporaliter
1880 1653 1892 1669 ,
1917 1627 1970 1663 sed
1981 1636 2094 1664 tamen

1200 1677 1360 1715 sentimus
1369 1678 1445 1723 quia
1456 1680 1560 1718 fastus
1571 1678 1659 1720 Caro
1672 1690 1742 1717 non
1755 1681 1837 1718 ficut
1848 1679 1883 1714 in
1897 1680 2024 1721 §anais
2037 1678 2094 1715 ha·

2115 1312 2195 1352 Joan.
2207 1322 2233 1354 3.

244 1483 292 1507 cae
316 1474 352 1510 δε
364 1474 564 1522 Apostolicae
574 1476 619 1510 est
631 1477 728 1511 Fides
737 1501 748 1517 ,
774 1480 829 1511 cui
838 1473 1058 1511 consentiunt
1069 1489 1139 1512 om-

244 1533 303 1556 nes
314 1547 325 1563 ,
353 1525 476 1568 quique
489 1526 524 1561 in
535 1524 722 1569 Occidente
732 1528 808 1571 sunt
819 1551 831 1569 ,
857 1528 893 1562 δε
907 1528 1010 1574 quiin
1021 1528 1137 1570 Orien·

243 1581 277 1616 ξς
286 1572 484 1616 orthodoxi
506 1575 684 1620 Episcopi.
822 1571 843 1579 '⁸

294 1627 455 1661 Credimus
463 1631 501 1667 in
511 1637 603 1667 unum
614 1628 712 1661 Deum
725 1653 736 1670 ‚
758 1628 882 1668 Patrem
892 1635 1135 1673 omnipotentem,

246 1676 664 1722 visibilium'invifibiliumque
670 1679 839 1721 famum,
866 1684 914 1722 Et
927 1687 960 1714 in
972 1692 1065 1714 unum
1077 1684 1136 1714 Do·

242 1734 359 1765 minum
377 1733 410 1776 J
408 1727 491 1777 fficm
515 1729 684 1776 Christum,
714 1731 828 1766 Filium
849 1724 909 1767 Dei
930 1756 941 1776 ,
966 1742 1075 1770 narum
1098 1733 1135 1769 de

243 1783 360 1822 Patre,
388 1785 603 1827 Unigenitum,
630 1780 682 1816 boc
691 1780 731 1829 est
745 1806 757 1830 ,
782 1782 820 1819 de
828 1779 999 1827 substantia
1016 1785 1132 1819 Patris.

242 1833 343 1869 Deum
353 1843 393 1866 ex
406 1835 492 1873 Deo,
517 1832 615 1867 lumen
640 1844 678 1865 ex
687 1829 834 1876 lumine,
848 1836 945 1876 Deum
966 1843 1072 1877 verum
1095 1844 1133 1874 ex

242 1885 306 1919 Deo
333 1892 420 1919 vero:
448 1879 592 1922 Natuni,
619 1891 677 1915 non
693 1881 837 1923 fac‘lum,
861 1874 1133 1926 consubstantialem

243 1935 334 1969 Patri
346 1955 356 1970 ‚
379 1940 437 1975 per
450 1943 536 1974 quem
549 1932 695 1972 omniafa
702 1932 749 1963 lla
762 1930 834 1972 sunt
848 1955 859 1970 ‚
882 1943 952 1972 quae
964 1938 996 1965 in
1009 1934 1088 1966 coelo
1100 1935 1134 1965 <5

243 1992 312 2023 quae
325 1985 358 2014 in
373 1975 471 2014 terra}
501 1982 564 2025 PQui
572 1988 695 2022 propter
708 1991 761 2013 nos
774 1979 907 2017 homines
921 2003 931 2019 ,
959 1981 993 2013 (ν
1008 1988 1131 2023 propter

241 2031 371 2078 nostram
389 2028 520 2077 salutem
546 2029 722 2075 descendit,
749 2031 783 2065 eb·
809 2035 986 2065 incarnatus
1010 2027 1072 2074 est,
1098 2033 1132 2065 (τ

242 2081 447 2115 humanatus.
475 2080 600 2123 Paffus‚
625 2078 830 2122 &resurrexit
850 2082 947 2118 'tertia
968 2082 1017 2115 die
1032 2079 1131 2123 secun·

242 2132 315 2168 dum
338 2133 509 2174 Scripturas
526 2155 533 2162 .
563 2128 701 2173 Ascendit
723 2131 768 2166 ad
787 2131 903 2172 caelos,
929 2132 964 2165 (9⁶
978 2129 1064 2175 sedet
1091 2133 1134 2165 ad

244 2182 402 2218 dexteram
414 2184 536 2214 Patris.
562 2184 593 2215 V
593 2190 718 2215 enturus
723 2182 861 2222 judicare
881 2187 970 2216 vivos
999 2182 1034 2216 &⁹
1057 2193 1130 2215 mor·

242 2241 307 2265 tuos
323 2257 331 2265 .
357 2235 404 2265 Et
415 2237 446 2264 in
457 2234 602 2274 Spiritum
623 2231 782 2265 SanHum.
810 2235 875 2270 Eos
897 2242 997 2266 autem
1012 2238 1062 2274 qui
1085 2233 1128 2265 di·

241 2291 313 2316 cunt
325 2307 336 2323 ,
363 2286 445 2318 Erat
458 2282 622 2325 aliquando
633 2284 752 2325 quando
763 2292 820 2316 non
829 2291 912 2322 erat,
942 2285 978 2316 Θ
998 2289 1070 2324 quia
1090 2295 1130 2316 ex

242 2345 301 2366 non
310 2331 495 2376 exstantibus
502 2331 604 2373 faffi'us
617 2332 654 2373 est
663 2358 674 2374 ,
702 2342 756 2367 aut
765 2344 803 2366 ex
815 2335 878 2366 alia
884 2331 1063 2376 subfisientiae
1080 2336 1132 2367 vel

235 2381 427 2425 substantia,
454 2384 586 2421 dicentes
599 2384 653 2427 effe
677 2393 731 2416 aut
743 2384 932 2424 vertibilem,
957 2392 1010 2416 aut
1032 2393 1127 2417 muta-

241 2434 332 2467 bilem
353 2433 466 2466 Filium
479 2437 559 2476 Dei,
584 2433 637 2472 bos
647 2433 893 2467 anathematizat
914 2432 1071 2466 Catholica
1094 2436 1128 2472 ψ

240 2482 398 2526 ,apostolica
421 2482 566 2527 Ecclefia.

289 2534 468 2573 sequentes
487 2541 596 2564 autern
629 2532 751 2572 ubique
778 2532 968 2567 Sandorum
993 2531 1128 2565 Patrum

235 2579 472 2616 Confeffione's
486 2603 498 2620 ,
523 2590 603 2623 quas
614 2582 761 2615 fecerunt
774 2581 931 2623 loquente
942 2581 977 2614 in
1001 2582 1047 2615 eis
1059 2583 1128 2623 Spi-

241 2633 310 2666 ritu
335 2630 474 2670 δαῐιὲὶο,
505 2630 540 2664 δε
567 2631 818 2674 intelligentiae‚
846 2641 917 2673 quae
940 2631 1034 2665 ineis
1059 2631 1127 2672 est,

241 2680 476 2724 investigantes
496 2680 718 2717 intentionem
730 2705 741 2721 ‚
768 2681 802 2713 δε
813 2681 898 2723 quas:
921 2691 975 2722 per
986 2681 1127 2725 Regiam

242 2730 332 2765 viam
344 2729 550 2772 incedentes,
575 2729 717 2764 dicimus
730 2730 805 2773 quia
826 2730 892 2773 ipse
914 2729 1128 2775 Unigenitus

242 2781 311 2815 Dei
321 2782 461 2826 Sermo,
488 2781 596 2824 quiex
609 2781 675 2824 ipsa
688 2790 783 2814 natus
803 2780 847 2813 est
870 2780 974 2817 Patris
987 2781 1127 2815 substan-

243 2831 310 2870 tia,
335 2842 376 2865 ex
385 2832 463 2866 Deo
474 2833 554 2867 vero
564 2832 658 2865 Deus
668 2841 782 2870 veruS,
810 2830 921 2864 lumen
933 2829 973 2864 de
985 2832 1128 2873 lumine,

243 2879 300 2926 hic
312 2891 369 2925 per
390 2892 490 2926 quem
516 2881 630 2918 omnia
644 2881 725 2915 fasta
737 2882 811 2914 sunt
825 2905 836 2920 ‚
863 2892 935 2924 quae
961 2881 995 2914 in
1008 2882 1123 2923 Caelo,

244 2930 278 2967 δε
290 2936 361 2975 quae
372 2931 406 2966 in
417 2936 500 2966 terra
512 2951 523 2971 ,
547 2940 675 2976 propter
685 2932 822 2967 salutem
833 2931 975 2967 nostram
999 2931 1130 2966 descen·

244 2981 325 3015 dens
337 3004 348 3021 ,
357 2982 391 3017 ὅτ.
402 2982 608 3025 semetipsum
618 2981 788 3027 deponens
799 2982 833 3015 in
846 2981 1109 3016 exinanitionem
1118 3007 1128 3023 ,

245 3029 429 3067 incarnatus
455 3032 490 3072 ὅς
510 3031 746 3079 inhumanatus
759 3031 824 3067 est.
851 3031 938 3067 Hoc·
955 3032 999 3065 est
1014 3056 1024 3071 ,
1052 3032 1127 3065 Car-

244 3090 322 3115 nem
347 3083 509 3126 accipie'ns
534 3081 553 3116 a
577 3083 692 3117 SanEia
714 3081 878 3129 Virgine,
904 3082 1040 3116 &suam
1054 3094 1127 3115 eam

245 3129 370 3167 ficiens
383 3141 424 3164 ex
435 3132 553 3174 vulva,
577 3132 757 3169 seeundum
782 3140 843 3166 nos
858 3132 992 3176 pertulit
1015 3132 1128 3166 nativi·

245 3180 370 3221 tatem,
395 3181 429 3214 δε
454 3175 601 3230 proceffit
614 3182 717 3219 homo
744 3194 787 3217 ex
798 3177 952 3223 muliere,
982 3193 1049 3215 non
1063 3181 1127 3216 hoc

245 3229 334 3273 qnod
345 3234 411 3265 erat
421 3227 575 3268 amittens
589 3258 601 3276 ,
626 3232 680 3270 sed
695 3232 770 3267 licet
792 3234 891 3266 fadius
909 3232 944 3266 fit
957 3233 991 3266 in
1013 3233 1127 3266 affum-

244 3280 362 3326 §tione
371 3280 489 3327 Carnis
500 3282 534 3315 δι’
544 3282 718 3329 Sanguinis
731 3306 742 3322 ,
767 3283 866 3317 etiam
878 3283 921 3316 ita
934 3294 1127 3326 perminens

245 3330 336 3374 quod
363 3340 431 3366 erat
446 3355 453 3364 .
478 3332 570 3366 Deus
596 3332 748 3370 videlicet
772 3343 886 3370 natura
912 3333 946 3367 δε
969 3331 1122 3366 veritate.

246 3379 309 3415 Sed
321 3383 428 3425 neque
439 3381 582 3427 Carnem
592 3380 732 3417 dicimus
743 3383 777 3416 in
790 3383 933 3421 Deitatis
943 3382 1023 3417 verti
1036 3393 1126 3418 natu·

246 3431 314 3467 fam
326 3434 333 3465 2
358 3420 481 3478 Neque
490 3432 626 3480 quidem
640 3434 676 3469 in
685 3442 834 3469 naturam
844 3432 962 3469 Carnis
982 3432 1125 3469 ineffabi-

1198 1790 1273 1815 eum
1296 1791 1430 1826 quoque
1451 1781 1519 1816 fieri
1541 1781 1718 1816 definimus
1740 1780 1982 1816 habitationem
1996 1805 2007 1821 ,
2034 1779 2090 1815 sed

1199 1831 1309 1871 unitus
1333 1831 1513 1867 secundum
1541 1840 1711 1873 naturam,
1737 1833 1772 1867 &
1796 1843 1865 1867 non
1893 1834 1928 1867 in
1942 1831 2088 1867 Carnem

1197 1889 1363 1921 mutatus,
1392 1881 1492 1915 talem
1502 1882 1581 1916 facit
1591 1877 1858 1921 habitationem,
1883 1881 2016 1928 qualem
2028 1883 2090 1914 uti·

1197 1942 1259 1974 que
1270 1929 1386 1963 habere
1396 1931 1518 1964 dicitur
1536 1932 1571 1964 &
1584 1931 1731 1964 hominis
1741 1932 1852 1964 anima
1865 1931 1905 1964 ad
1918 1932 2088 1974 proprium

1197 1981 1291 2013 suurn
1303 1979 1449 2023 Corpus.
1479 1980 1577 2013 Unus
1591 1980 1690 2024 igitur
1713 1979 1886 2020 Christus,
1912 1978 2062 2016 &Filius
2074 2005 2087 2022 ,

1196 2031 1229 2067 ὅ(
1252 2029 1446 2070 Dominus,
1471 2040 1541 2064 non
1564 2039 1601 2064 ut
1615 2030 1885 2074 conjunsstionem
1907 2030 2086 2075 quamdam

1196 2080 1380 2123 fimpliciter
1403 2080 1437 2115 in
1459 2081 1614 2117 unitione
1633 2081 1808 2126 dignitatis
1834 2081 1885 2116 vel
1906 2082 2006 2115 etiam
2029 2091 2086 2114 au·

1196 2129 1363 2167 thoritatis
1384 2128 1507 2165 habens
1534 2129 1639 2165 homo
1650 2131 1693 2166 ad
1719 2132 1854 2165 Deum:
1881 2129 1964 2166 Non
1992 2131 2085 2168 enim

1195 2181 1270 2215 unit
1282 2191 1412 2214 naturas
1423 2192 1478 2224 par
1488 2180 1597 2215 honor
1609 2206 1616 2213 .
1645 2181 1779 2218 Etenim
1795 2180 1910 2215 Petrus
1936 2180 1970 2216 δε
1988 2180 2085 2223 Joan-

1197 2242 1253 2264 nes
1267 2243 1356 2274 pares
1370 2230 1497 2265 honore
1507 2230 1639 2275 quidem
1650 2230 1690 2265 ad
1703 2231 1847 2277 invicem
1859 2231 1934 2265 sunt
1946 2255 1957 2272 ,
1977 2232 2088 2264 secun·

1194 2281 1274 2315 dum
1286 2281 1376 2325 quod
1390 2281 1591 2325 Apostoli&
1601 2282 1711 2316 Sansti
1726 2282 1913 2326 Discipuli,
1938 2290 2086 2315 attamen

1194 2342 1263 2368 non
1276 2343 1363 2366 unus
1375 2333 1472 2372 sunt,
1499 2332 1554 2366 sed
1567 2332 1652 2368 duo.
1681 2331 1801 2375 Neque
1814 2330 1949 2376 quidem
1975 2332 2086 2367 secun·

1193 2382 1272 2416 dum
1284 2383 1519 2426 appositionem
1532 2382 1775 2425 conjunctionis
1787 2381 2004 2426 intelligimus
2015 2389 2086 2415 mo-

1192 2432 1291 2466 dum.
1319 2433 1401 2466 Non
1414 2433 1630 2467 sufficitsenim
1642 2430 1707 2464 hoc
1717 2431 1758 2464 ad
1771 2431 2008 2466 adunationem
2029 2442 2088 2465 na-

1193 2482 1331 2515 turalem
1343 2506 1350 2513 .
1384 2481 1502 2524 Neque
1514 2481 1649 2524 quidem
1662 2479 1748 2523 quafi
1761 2479 1940 2517 secundum
1953 2479 2081 2522 partici-

1193 2532 1361 2573 pationem
1381 2530 1606 2571 affectualem,
1628 2530 1708 2561 ficut
1733 2529 1768 2561 <Sc
1791 2539 1853 2562 nos
1877 2527 2083 2563 adhaerentcs

1191 2580 1365 2618 Domino,
1393 2578 1574 2613 secundum
1601 2577 1690 2621 quod
1719 2578 1873 2620 scriptum
1899 2577 1969 2618 est,
1995 2581 2078 2611 Unus

1188 2629 1317 2673 spiritus
1332 2626 1437 2670 sumus
1459 2628 1503 2662 ad
1513 2639 1598 2660 eum.
1627 2627 1739 2671 Magis
1750 2636 1859 2661 autem
1874 2627 2080 2670 conjunctio-

1192 2679 1243 2716 nis
1253 2689 1374 2712 nomen
1388 2678 1587 2713 recusamus:
1620 2676 1753 2720 Utpote
1764 2689 1833 2711 non
1842 2677 1999 2712 idoneum
2011 2678 2078 2711 exi·

1190 2730 1276 2765 stens
1290 2727 1473 2773 fignificare
1494 2727 1696 2763 unitionem.
1729 2728 1791 2761 Sed
1805 2739 1866 2760 nec
1879 2728 1989 2761 Deum
2016 2739 2078 2762 nec

1192 2778 1378 2816 Dominum
1394 2776 1517 2813 Christi
1539 2789 1580 2813 ex
1593 2778 1668 2811 Deo
1686 2776 1783 2812 Patre
1796 2777 1946 2812 Verbum
1970 2779 2078 2812 nomi-

1193 2840 1328 2863 namus:
1357 2828 1412 2862 Ne
1438 2828 1542 2861 rursus
1568 2827 1677 2872 aperte
1704 2829 1847 2862 secemus
1868 2827 2078 2865 individuum

1191 2879 1383 2917 Christum,
1409 2878 1444 2912 ὃς
1470 2877 1592 2914 Filium
1607 2902 1617 2918 ‚
1637 2878 1670 2913 δε
1696 2878 1903 2912 Dominum.
1932 2878 1976 2911 Et
1997 2878 2079 2912 blas-

1191 2929 1326 2974 phemiae
1335 2929 1459 2962 crimen
1473 2929 1693 2968 incurramus,
1719 2928 1832 2962 Deum
1847 2930 1938 2962 suurn
1959 2928 1992 2962 ὅ(
2006 2929 2079 2962 Do-

1189 2980 1317 3018 minum
1330 2979 1487 3013 facientes
1499 2989 1593 3011 eum.
1623 2978 1755 3013 Unitus
1766 2979 1856 3013 enim
1869 3003 1880 3020 ,
1906 2979 1987 3013 ficut
2009 2979 2077 3021 jam

1190 3029 1419 3075 praediximus‚
1445 3028 1512 3064 Dei
1524 3029 1637 3062 Sermo
1660 3028 1763 3062 Carni
1784 3029 1965 3065 secundum
1985 3029 2079 3062 subfi-

1189 3080 1341 3117 steutiam
1354 3080 1447 3113 Deus
1457 3079 1589 3123 quidem
1615 3079 1659 3112 est
1671 3079 1821 3113 omnium
1835 3104 1845 3119 ‚
1872 3079 2077 3115 Dominator

1189 3131 1278 3165 enim
1292 3130 1547 3165 Univerfitatis.
1575 3129 1692 3170 Neque
1718 3130 1870 3172 veroipse
1893 3129 1952 3166 fibi
1965 3129 2074 3161 servus

1189 3181 1234 3215 est
1248 3204 1258 3220 ,
1286 3191 1392 3226 neque
1404 3180 1572 3216 Dominus
1583 3180 1686 3213 factus
1697 3180 1742 3214 est
1755 3206 1762 3216 ,
1789 3180 1903 3224 Magis
1913 3186 2023 3212 autem
2037 3178 2072 3211 &

1190 3231 1329 3273 impium
1341 3231 1386 3264 ita
1396 3228 1504 3264 dicere
1529 3230 1579 3264 vel
1590 3230 1695 3276 sapere
1712 3254 1719 3263 .
1747 3229 1807 3264 Ait
1817 3230 1949 3272 quidem
1961 3227 2073 3261 Deum

1190 3282 1283 3314 suum
1295 3280 1423 3314 Patrem
1436 3305 1446 3320 ,
1471 3291 1547 3314 cum
1563 3278 1647 3317 certe
1657 3281 1694 3315 Iit
1706 3281 1798 3315 Deus
1819 3288 1933 3312 natura
1946 3302 1958 3317 ,
1985 3278 2018 3311 &
2030 3290 2073 3311 ex

1189 3330 1363 3365 substantia
1386 3330 1470 3373 ejus3
1505 3331 1558 3364 sed
1575 3342 1643 3364 non
1666 3331 1876 3374 ignoramus,
1903 3328 1981 3371 quia
1995 3337 2072 3361 cum

1189 3382 1227 3415 fit
1239 3382 1352 3419 Deus,
1378 3382 1411 3415 ὃς
1426 3380 1529 3415 homo
1542 3382 1642 3415 factus
1654 3381 1701 3415 est
1715 3379 1772 3414 sub
1784 3380 1860 3414 Deo
1874 3376 2073 3417 ‚secundum

1189 3432 1295 3477 legem
1317 3443 1388 3477 quae
1416 3431 1576 3467 condecet
1599 3430 1777 3468 humanam
1803 3439 1968 3464 naturam.
2003 3426 2073 3485 Ipse

1950 3488 2025 3513 vero

1199 1727 1303 1767 bitate
1330 1728 1469 1772 dicitur.
1495 1729 1685 1771 Secundum
1710 1737 1822 1775 parem
1848 1730 1987 1769 modum
2006 1729 2094 1766 circa

2099 2581 2196 2611 1-Cor.
2207 2587 2234 2614 6.
