<?xml version="1.0" encoding="UTF-8"?>
<!DOCTYPE html PUBLIC "-//W3C//DTD XHTML 1.0 Transitional//EN"
    "http://www.w3.org/TR/xhtml1/DTD/xhtml1-transitional.dtd">
<html xmlns="http://www.w3.org/1999/xhtml" xml:lang="en" lang="en">
 <head>
  <title>
</title>
<meta http-equiv="Content-Type" content="text/html;charset=utf-8" />
  <meta name='ocr-system' content='tesseract 3.04.00' />
  <meta name='ocr-capabilities' content='ocr_page ocr_carea ocr_par ocr_line ocrx_word'/>
</head>
<body>
  <div class='ocr_page' id='page_1' title='image "./operaomniastudio07lupuuoft/operaomniastudio07lupuuoft_0129.png"; bbox 0 0 2320 3730; ppageno 0'>
   <div class='ocr_carea' id='block_1_1' title="bbox 597 163 1672 224">
    <p class='ocr_par' dir='ltr' id='par_1_1' title="bbox 597 163 1672 224">
     <span class='ocr_line' id='line_1_1' title="bbox 597 163 1672 224; baseline -0.003 -10"><span class='ocrx_word' id='word_1_1' title='bbox 597 168 912 224; x_wconf 70' lang='lat' dir='ltr'>Scitonts,</span> <span class='ocrx_word' id='word_1_2' title='bbox 944 179 1010 210; x_wconf 71' lang='lat' dir='ltr'>ET</span> <span class='ocrx_word' id='word_1_3' title='bbox 1043 163 1242 210; x_wconf 70' lang='lat' dir='ltr'>Nous</span> <span class='ocrx_word' id='word_1_4' title='bbox 1277 173 1672 211; x_wconf 60' lang='lat' dir='ltr'>inunita-&#39;ras-</span> 
     </span>
    </p>
   </div>
   <div class='ocr_carea' id='block_1_2' title="bbox 216 250 1121 3442">
    <p class='ocr_par' dir='ltr' id='par_1_2' title="bbox 223 250 1119 740">
     <span class='ocr_line' id='line_1_2' title="bbox 229 250 1119 302; baseline -0.011 -9"><span class='ocrx_word' id='word_1_5' title='bbox 229 253 304 302; x_wconf 78' lang='lat' dir='ltr'>ipso</span> <span class='ocrx_word' id='word_1_6' title='bbox 315 252 495 300; x_wconf 85' lang='lat' dir='ltr'>baptizatus</span> <span class='ocrx_word' id='word_1_7' title='bbox 515 251 614 288; x_wconf 81' lang='lat' dir='ltr'>fuerit</span> <span class='ocrx_word' id='word_1_8' title='bbox 627 253 693 297; x_wconf 89' lang='lat' dir='ltr'>ipse</span> <span class='ocrx_word' id='word_1_9' title='bbox 708 253 809 288; x_wconf 87' lang='lat' dir='ltr'>etiam</span> <span class='ocrx_word' id='word_1_10' title='bbox 820 252 1011 287; x_wconf 87' lang='lat' dir='ltr'>Nestorius.</span> <span class='ocrx_word' id='word_1_11' title='bbox 1039 250 1119 285; x_wconf 87' lang='lat' dir='ltr'>Por·</span> 
     </span>
     <span class='ocr_line' id='line_1_3' title="bbox 230 301 1117 343; baseline -0.008 -3"><span class='ocrx_word' id='word_1_12' title='bbox 230 307 268 342; x_wconf 74' lang='lat' dir='ltr'>ro</span> <span class='ocrx_word' id='word_1_13' title='bbox 290 306 423 341; x_wconf 87' lang='lat' dir='ltr'>hicnon</span> <span class='ocrx_word' id='word_1_14' title='bbox 436 302 668 338; x_wconf 82' lang='lat' dir='ltr'>Antiochenus</span> <span class='ocrx_word' id='word_1_15' title='bbox 689 304 772 343; x_wconf 86' lang='lat' dir='ltr'>fuit,</span> <span class='ocrx_word' id='word_1_16' title='bbox 799 304 852 338; x_wconf 87' lang='lat' dir='ltr'>sed</span> <span class='ocrx_word' id='word_1_17' title='bbox 874 301 1117 337; x_wconf 87' lang='lat' dir='ltr'>Germanicien-</span> 
     </span>
     <span class='ocr_line' id='line_1_4' title="bbox 230 350 1118 399; baseline -0.008 -10"><span class='ocrx_word' id='word_1_18' title='bbox 230 357 270 392; x_wconf 84' lang='lat' dir='ltr'>sis</span> <span class='ocrx_word' id='word_1_19' title='bbox 280 357 315 389; x_wconf 84' lang='lat' dir='ltr'>in</span> <span class='ocrx_word' id='word_1_20' title='bbox 327 353 536 399; x_wconf 66' lang='lat' dir='ltr'>Euphratesia</span> <span class='ocrx_word' id='word_1_21' title='bbox 547 353 725 389; x_wconf 87' lang='lat' dir='ltr'>Provincia</span> <span class='ocrx_word' id='word_1_22' title='bbox 735 379 746 395; x_wconf 94' lang='lat'>,</span> <span class='ocrx_word' id='word_1_23' title='bbox 759 355 906 397; x_wconf 84' lang='lat' dir='ltr'>adeoque</span> <span class='ocrx_word' id='word_1_24' title='bbox 918 353 1019 387; x_wconf 87' lang='lat' dir='ltr'>autin</span> <span class='ocrx_word' id='word_1_25' title='bbox 1030 350 1118 385; x_wconf 92' lang='lat' dir='ltr'>adul-</span> 
     </span>
     <span class='ocr_line' id='line_1_5' title="bbox 226 402 1118 449; baseline -0.007 -9"><span class='ocrx_word' id='word_1_26' title='bbox 226 414 263 440; x_wconf 75' lang='lat' dir='ltr'>ta</span> <span class='ocrx_word' id='word_1_27' title='bbox 283 413 376 438; x_wconf 77' lang='lat' dir='ltr'>aetate</span> <span class='ocrx_word' id='word_1_28' title='bbox 391 404 454 438; x_wconf 88' lang='lat' dir='ltr'>fuit</span> <span class='ocrx_word' id='word_1_29' title='bbox 472 404 653 448; x_wconf 86' lang='lat' dir='ltr'>baptizatus</span> <span class='ocrx_word' id='word_1_30' title='bbox 672 404 758 449; x_wconf 89' lang='lat' dir='ltr'>apud</span> <span class='ocrx_word' id='word_1_31' title='bbox 786 402 1004 438; x_wconf 81' lang='lat' dir='ltr'>Antiochiam</span> <span class='ocrx_word' id='word_1_32' title='bbox 1025 423 1037 440; x_wconf 94' lang='lat'>,</span> <span class='ocrx_word' id='word_1_33' title='bbox 1062 410 1118 435; x_wconf 87' lang='lat' dir='ltr'>aut</span> 
     </span>
     <span class='ocr_line' id='line_1_6' title="bbox 229 453 1119 499; baseline -0.006 -11"><span class='ocrx_word' id='word_1_34' title='bbox 229 453 316 488; x_wconf 87' lang='lat' dir='ltr'>istud</span> <span class='ocrx_word' id='word_1_35' title='bbox 337 453 535 498; x_wconf 80' lang='lat' dir='ltr'>Symbolum</span> <span class='ocrx_word' id='word_1_36' title='bbox 561 454 691 499; x_wconf 88' lang='lat' dir='ltr'>vigebat</span> <span class='ocrx_word' id='word_1_37' title='bbox 715 464 770 498; x_wconf 88' lang='lat' dir='ltr'>per</span> <span class='ocrx_word' id='word_1_38' title='bbox 796 463 912 487; x_wconf 88' lang='lat' dir='ltr'>omnes</span> <span class='ocrx_word' id='word_1_39' title='bbox 935 477 946 492; x_wconf 95' lang='lat'>‚</span> <span class='ocrx_word' id='word_1_40' title='bbox 972 460 1028 485; x_wconf 88' lang='lat' dir='ltr'>aut</span> <span class='ocrx_word' id='word_1_41' title='bbox 1054 460 1119 484; x_wconf 88' lang='lat' dir='ltr'>cer-</span> 
     </span>
     <span class='ocr_line' id='line_1_7' title="bbox 225 500 1118 548; baseline -0.008 -10"><span class='ocrx_word' id='word_1_42' title='bbox 225 503 259 539; x_wconf 76' lang='grc' dir='ltr'>ῑὲ</span> <span class='ocrx_word' id='word_1_43' title='bbox 285 514 340 547; x_wconf 86' lang='lat' dir='ltr'>per</span> <span class='ocrx_word' id='word_1_44' title='bbox 372 504 477 548; x_wconf 90' lang='lat' dir='ltr'>plures</span> <span class='ocrx_word' id='word_1_45' title='bbox 502 504 594 539; x_wconf 84' lang='lat' dir='ltr'>istius</span> <span class='ocrx_word' id='word_1_46' title='bbox 630 501 868 538; x_wconf 77' lang='lat' dir='ltr'>patriarchatus</span> <span class='ocrx_word' id='word_1_47' title='bbox 907 500 1118 535; x_wconf 87' lang='lat' dir='ltr'>Provincias.</span> 
     </span>
     <span class='ocr_line' id='line_1_8' title="bbox 227 550 1117 602; baseline -0.004 -14"><span class='ocrx_word' id='word_1_48' title='bbox 227 554 405 602; x_wconf 82' lang='lat' dir='ltr'>Qidquid</span> <span class='ocrx_word' id='word_1_49' title='bbox 432 554 495 595; x_wconf 88' lang='lat' dir='ltr'>sit,</span> <span class='ocrx_word' id='word_1_50' title='bbox 521 555 697 598; x_wconf 89' lang='lat' dir='ltr'>perseverat</span> <span class='ocrx_word' id='word_1_51' title='bbox 725 552 858 596; x_wconf 81' lang='lat' dir='ltr'>quaestio</span> <span class='ocrx_word' id='word_1_52' title='bbox 880 576 891 593; x_wconf 90' lang='lat'>‚</span> <span class='ocrx_word' id='word_1_53' title='bbox 932 550 1117 598; x_wconf 78' lang='lat' dir='ltr'>Quomodo</span> 
     </span>
     <span class='ocr_line' id='line_1_9' title="bbox 223 599 1118 646; baseline -0.004 -9"><span class='ocrx_word' id='word_1_54' title='bbox 223 602 296 638; x_wconf 78' lang='lat' dir='ltr'>haec</span> <span class='ocrx_word' id='word_1_55' title='bbox 305 604 485 639; x_wconf 86' lang='lat' dir='ltr'>orientalis</span> <span class='ocrx_word' id='word_1_56' title='bbox 496 605 610 640; x_wconf 71' lang='lat' dir='ltr'>Fastio</span> <span class='ocrx_word' id='word_1_57' title='bbox 622 606 742 646; x_wconf 85' lang='lat' dir='ltr'>semper</span> <span class='ocrx_word' id='word_1_58' title='bbox 753 602 977 636; x_wconf 83' lang='lat' dir='ltr'>reclamaverit</span> <span class='ocrx_word' id='word_1_59' title='bbox 1001 600 1042 639; x_wconf 87' lang='lat' dir='ltr'>ad</span> <span class='ocrx_word' id='word_1_60' title='bbox 1058 599 1093 633; x_wconf 92' lang='lat' dir='ltr'>N</span> <span class='ocrx_word' id='word_1_61' title='bbox 1096 601 1118 634; x_wconf 91' lang='lat' dir='ltr'>i-</span> 
     </span>
     <span class='ocr_line' id='line_1_10' title="bbox 226 652 1117 699; baseline -0.006 -10"><span class='ocrx_word' id='word_1_62' title='bbox 226 665 354 689; x_wconf 79' lang='lat' dir='ltr'>caenum</span> <span class='ocrx_word' id='word_1_63' title='bbox 364 654 583 698; x_wconf 78' lang='lat' dir='ltr'>Symbolum,</span> <span class='ocrx_word' id='word_1_64' title='bbox 609 652 727 699; x_wconf 89' lang='lat' dir='ltr'>quoin</span> <span class='ocrx_word' id='word_1_65' title='bbox 750 652 813 687; x_wconf 90' lang='lat' dir='ltr'>suis</span> <span class='ocrx_word' id='word_1_66' title='bbox 825 652 930 687; x_wconf 84' lang='lat' dir='ltr'>Sacris</span> <span class='ocrx_word' id='word_1_67' title='bbox 953 662 1023 686; x_wconf 90' lang='lat' dir='ltr'>non</span> <span class='ocrx_word' id='word_1_68' title='bbox 1050 660 1117 685; x_wconf 88' lang='lat' dir='ltr'>ute.</span> 
     </span>
     <span class='ocr_line' id='line_1_11' title="bbox 228 703 359 740; baseline -0.023 0"><span class='ocrx_word' id='word_1_69' title='bbox 228 703 323 740; x_wconf 87' lang='lat' dir='ltr'>batur</span> <span class='ocrx_word' id='word_1_70' title='bbox 342 705 359 737; x_wconf 83' lang='lat'><em>?</em></span> 
     </span>
    </p>

    <p class='ocr_par' dir='ltr' id='par_1_3' title="bbox 216 750 1121 3390">
     <span class='ocr_line' id='line_1_12' title="bbox 277 750 1117 799; baseline -0.005 -9"><span class='ocrx_word' id='word_1_71' title='bbox 277 755 479 799; x_wconf 89' lang='lat' dir='ltr'>Respondeo</span> <span class='ocrx_word' id='word_1_72' title='bbox 514 754 599 790; x_wconf 89' lang='lat' dir='ltr'>istud</span> <span class='ocrx_word' id='word_1_73' title='bbox 638 750 892 788; x_wconf 72' lang='lat' dir='ltr'>Antioc-henum</span> <span class='ocrx_word' id='word_1_74' title='bbox 919 750 1117 796; x_wconf 85' lang='lat' dir='ltr'>Symbolum</span> 
     </span>
     <span class='ocr_line' id='line_1_13' title="bbox 225 802 1117 856; baseline -0.004 -16"><span class='ocrx_word' id='word_1_75' title='bbox 225 805 372 840; x_wconf 78' lang='lat' dir='ltr'>omnino</span> <span class='ocrx_word' id='word_1_76' title='bbox 392 807 486 840; x_wconf 78' lang='lat' dir='ltr'>fuisse</span> <span class='ocrx_word' id='word_1_77' title='bbox 496 804 695 841; x_wconf 82' lang='lat' dir='ltr'>Nicaenum.</span> <span class='ocrx_word' id='word_1_78' title='bbox 725 804 794 856; x_wconf 79' lang='lat' dir='ltr'>Q1i</span> <span class='ocrx_word' id='word_1_79' title='bbox 817 805 925 847; x_wconf 90' lang='lat' dir='ltr'>ipsum</span> <span class='ocrx_word' id='word_1_80' title='bbox 950 804 984 836; x_wconf 90' lang='lat' dir='ltr'>in</span> <span class='ocrx_word' id='word_1_81' title='bbox 1007 802 1117 836; x_wconf 90' lang='lat' dir='ltr'>nescio</span> 
     </span>
     <span class='ocr_line' id='line_1_14' title="bbox 226 853 1117 899; baseline -0.004 -9"><span class='ocrx_word' id='word_1_82' title='bbox 226 866 293 899; x_wconf 84' lang='lat' dir='ltr'>qua</span> <span class='ocrx_word' id='word_1_83' title='bbox 316 855 527 890; x_wconf 89' lang='lat' dir='ltr'>Antiochena</span> <span class='ocrx_word' id='word_1_84' title='bbox 549 853 689 899; x_wconf 86' lang='lat' dir='ltr'>synodo</span> <span class='ocrx_word' id='word_1_85' title='bbox 709 855 884 889; x_wconf 89' lang='lat' dir='ltr'>conditum</span> <span class='ocrx_word' id='word_1_86' title='bbox 906 853 1117 893; x_wconf 85' lang='lat' dir='ltr'>existimant,</span> 
     </span>
     <span class='ocr_line' id='line_1_15' title="bbox 228 901 1117 945; baseline -0.007 -3"><span class='ocrx_word' id='word_1_87' title='bbox 228 904 473 942; x_wconf 78' lang='lat' dir='ltr'>hallucinantur</span> <span class='ocrx_word' id='word_1_88' title='bbox 485 927 492 935; x_wconf 91' lang='lat'><em>-</em></span> <span class='ocrx_word' id='word_1_89' title='bbox 524 905 604 940; x_wconf 83' lang='lat' dir='ltr'>Erat</span> <span class='ocrx_word' id='word_1_90' title='bbox 616 904 792 945; x_wconf 81' lang='lat' dir='ltr'>Nicaenum</span> <span class='ocrx_word' id='word_1_91' title='bbox 803 916 880 942; x_wconf 88' lang='lat' dir='ltr'>cum</span> <span class='ocrx_word' id='word_1_92' title='bbox 894 901 1117 938; x_wconf 86' lang='lat' dir='ltr'>Antiochenis</span> 
     </span>
     <span class='ocr_line' id='line_1_16' title="bbox 227 951 1116 999; baseline -0.003 -10"><span class='ocrx_word' id='word_1_93' title='bbox 227 953 459 990; x_wconf 81' lang='lat' dir='ltr'>additamentis</span> <span class='ocrx_word' id='word_1_94' title='bbox 472 980 479 988; x_wconf 94' lang='lat'><strong>.</strong></span> <span class='ocrx_word' id='word_1_95' title='bbox 508 956 647 991; x_wconf 86' lang='lat' dir='ltr'>Etenim</span> <span class='ocrx_word' id='word_1_96' title='bbox 659 955 834 992; x_wconf 79' lang='lat' dir='ltr'>Nicaenum</span> <span class='ocrx_word' id='word_1_97' title='bbox 845 952 1043 999; x_wconf 84' lang='lat' dir='ltr'>Symbolum</span> <span class='ocrx_word' id='word_1_98' title='bbox 1050 951 1116 987; x_wconf 90' lang='lat' dir='ltr'>sola</span> 
     </span>
     <span class='ocr_line' id='line_1_17' title="bbox 226 1003 1119 1041; baseline -0.003 -1"><span class='ocrx_word' id='word_1_99' title='bbox 226 1005 437 1040; x_wconf 65' lang='lat' dir='ltr'>Sanuiffimae</span> <span class='ocrx_word' id='word_1_100' title='bbox 458 1006 639 1041; x_wconf 83' lang='lat' dir='ltr'>Trinitatis</span> <span class='ocrx_word' id='word_1_101' title='bbox 657 1016 696 1038; x_wconf 89' lang='lat' dir='ltr'>ac</span> <span class='ocrx_word' id='word_1_102' title='bbox 707 1004 896 1039; x_wconf 87' lang='lat' dir='ltr'>Dominicae</span> <span class='ocrx_word' id='word_1_103' title='bbox 916 1003 1119 1038; x_wconf 86' lang='lat' dir='ltr'>Incarnatio-</span> 
     </span>
     <span class='ocr_line' id='line_1_18' title="bbox 227 1053 1118 1098; baseline -0.001 -9"><span class='ocrx_word' id='word_1_104' title='bbox 227 1055 279 1090; x_wconf 77' lang='lat' dir='ltr'>nis</span> <span class='ocrx_word' id='word_1_105' title='bbox 300 1054 460 1097; x_wconf 83' lang='lat' dir='ltr'>Mysteria</span> <span class='ocrx_word' id='word_1_106' title='bbox 481 1055 638 1098; x_wconf 86' lang='lat' dir='ltr'>exponit:</span> <span class='ocrx_word' id='word_1_107' title='bbox 665 1053 846 1089; x_wconf 73' lang='lat' dir='ltr'>Praesertim</span> <span class='ocrx_word' id='word_1_108' title='bbox 858 1054 1059 1098; x_wconf 71' lang='lat' dir='ltr'>Mystes-ium</span> <span class='ocrx_word' id='word_1_109' title='bbox 1072 1054 1118 1088; x_wconf 91' lang='lat' dir='ltr'>so-</span> 
     </span>
     <span class='ocr_line' id='line_1_19' title="bbox 225 1101 1118 1148; baseline 0.002 -12"><span class='ocrx_word' id='word_1_110' title='bbox 225 1101 291 1137; x_wconf 79' lang='lat' dir='ltr'>sius</span> <span class='ocrx_word' id='word_1_111' title='bbox 302 1102 422 1137; x_wconf 86' lang='lat' dir='ltr'>Divini</span> <span class='ocrx_word' id='word_1_112' title='bbox 442 1103 521 1140; x_wconf 80' lang='lat' dir='ltr'>filii.</span> <span class='ocrx_word' id='word_1_113' title='bbox 550 1105 605 1140; x_wconf 87' lang='lat' dir='ltr'>De</span> <span class='ocrx_word' id='word_1_114' title='bbox 615 1104 739 1147; x_wconf 84' lang='lat' dir='ltr'>Spiritu</span> <span class='ocrx_word' id='word_1_115' title='bbox 763 1105 883 1142; x_wconf 71' lang='lat' dir='ltr'>Sansto</span> <span class='ocrx_word' id='word_1_116' title='bbox 898 1105 1030 1143; x_wconf 80' lang='lat' dir='ltr'>nonnisi</span> <span class='ocrx_word' id='word_1_117' title='bbox 1043 1115 1118 1148; x_wconf 89' lang='lat' dir='ltr'>pau-</span> 
     </span>
     <span class='ocr_line' id='line_1_20' title="bbox 222 1151 1118 1195; baseline 0.001 -8"><span class='ocrx_word' id='word_1_118' title='bbox 222 1152 348 1187; x_wconf 84' lang='lat' dir='ltr'>cissima</span> <span class='ocrx_word' id='word_1_119' title='bbox 369 1152 465 1188; x_wconf 91' lang='lat' dir='ltr'>verba</span> <span class='ocrx_word' id='word_1_120' title='bbox 488 1152 611 1195; x_wconf 89' lang='lat' dir='ltr'>habet,</span> <span class='ocrx_word' id='word_1_121' title='bbox 636 1151 677 1187; x_wconf 87' lang='lat' dir='ltr'>de</span> <span class='ocrx_word' id='word_1_122' title='bbox 690 1151 870 1190; x_wconf 87' lang='lat' dir='ltr'>Catholica</span> <span class='ocrx_word' id='word_1_123' title='bbox 884 1155 1050 1195; x_wconf 87' lang='lat' dir='ltr'>Ecclesia,</span> <span class='ocrx_word' id='word_1_124' title='bbox 1077 1152 1118 1188; x_wconf 91' lang='lat' dir='ltr'>de</span> 
     </span>
     <span class='ocr_line' id='line_1_21' title="bbox 223 1203 1118 1247; baseline -0.001 -9"><span class='ocrx_word' id='word_1_125' title='bbox 223 1203 413 1238; x_wconf 85' lang='lat' dir='ltr'>remiffione</span> <span class='ocrx_word' id='word_1_126' title='bbox 434 1214 646 1247; x_wconf 89' lang='lat' dir='ltr'>peccatorum</span> <span class='ocrx_word' id='word_1_127' title='bbox 669 1227 681 1244; x_wconf 90' lang='lat'>,</span> <span class='ocrx_word' id='word_1_128' title='bbox 707 1204 749 1238; x_wconf 88' lang='lat' dir='ltr'>de</span> <span class='ocrx_word' id='word_1_129' title='bbox 773 1206 1006 1240; x_wconf 71' lang='lat' dir='ltr'>resurrectione</span> <span class='ocrx_word' id='word_1_130' title='bbox 1028 1205 1118 1238; x_wconf 91' lang='lat' dir='ltr'>Mor-</span> 
     </span>
     <span class='ocr_line' id='line_1_22' title="bbox 224 1253 1119 1297; baseline 0 -9"><span class='ocrx_word' id='word_1_131' title='bbox 224 1263 356 1289; x_wconf 88' lang='lat' dir='ltr'>tuorum</span> <span class='ocrx_word' id='word_1_132' title='bbox 369 1277 381 1294; x_wconf 88' lang='lat'>‚</span> <span class='ocrx_word' id='word_1_133' title='bbox 407 1265 445 1288; x_wconf 86' lang='lat' dir='ltr'>ac</span> <span class='ocrx_word' id='word_1_134' title='bbox 457 1253 499 1288; x_wconf 88' lang='lat' dir='ltr'>de</span> <span class='ocrx_word' id='word_1_135' title='bbox 517 1254 585 1290; x_wconf 91' lang='lat' dir='ltr'>vita</span> <span class='ocrx_word' id='word_1_136' title='bbox 596 1263 713 1290; x_wconf 81' lang='lat' dir='ltr'>aeterna</span> <span class='ocrx_word' id='word_1_137' title='bbox 733 1254 866 1297; x_wconf 86' lang='lat' dir='ltr'>penitus</span> <span class='ocrx_word' id='word_1_138' title='bbox 876 1263 965 1288; x_wconf 86' lang='lat' dir='ltr'>tacet</span> <span class='ocrx_word' id='word_1_139' title='bbox 978 1278 987 1286; x_wconf 91' lang='lat'><strong>.</strong></span> <span class='ocrx_word' id='word_1_140' title='bbox 1014 1253 1058 1287; x_wconf 91' lang='lat' dir='ltr'>Et</span> <span class='ocrx_word' id='word_1_141' title='bbox 1071 1263 1119 1288; x_wconf 89' lang='lat' dir='ltr'>ta-</span> 
     </span>
     <span class='ocr_line' id='line_1_23' title="bbox 223 1302 1118 1348; baseline -0.001 -9"><span class='ocrx_word' id='word_1_142' title='bbox 223 1313 302 1339; x_wconf 85' lang='lat' dir='ltr'>men</span> <span class='ocrx_word' id='word_1_143' title='bbox 323 1302 443 1337; x_wconf 90' lang='lat' dir='ltr'>horum</span> <span class='ocrx_word' id='word_1_144' title='bbox 466 1305 622 1339; x_wconf 89' lang='lat' dir='ltr'>omnium</span> <span class='ocrx_word' id='word_1_145' title='bbox 643 1303 787 1348; x_wconf 79' lang='lat' dir='ltr'>expressa</span> <span class='ocrx_word' id='word_1_146' title='bbox 810 1304 891 1339; x_wconf 89' lang='lat' dir='ltr'>fides</span> <span class='ocrx_word' id='word_1_147' title='bbox 917 1304 962 1338; x_wconf 85' lang='lat' dir='ltr'>est</span> <span class='ocrx_word' id='word_1_148' title='bbox 974 1303 1118 1338; x_wconf 78' lang='lat' dir='ltr'>omnino</span> 
     </span>
     <span class='ocr_line' id='line_1_24' title="bbox 223 1353 1118 1398; baseline -0.001 -10"><span class='ocrx_word' id='word_1_149' title='bbox 223 1353 438 1389; x_wconf 86' lang='lat' dir='ltr'>necessarium</span> <span class='ocrx_word' id='word_1_150' title='bbox 450 1354 653 1398; x_wconf 65' lang='lat' dir='ltr'>sempiternas</span> <span class='ocrx_word' id='word_1_151' title='bbox 664 1354 776 1388; x_wconf 87' lang='lat' dir='ltr'>salutis</span> <span class='ocrx_word' id='word_1_152' title='bbox 789 1355 951 1389; x_wconf 88' lang='lat' dir='ltr'>medium.</span> <span class='ocrx_word' id='word_1_153' title='bbox 983 1353 1118 1388; x_wconf 89' lang='lat' dir='ltr'>Deinde</span> 
     </span>
     <span class='ocr_line' id='line_1_25' title="bbox 223 1401 1118 1447; baseline 0.001 -10"><span class='ocrx_word' id='word_1_154' title='bbox 223 1401 337 1437; x_wconf 84' lang='lat' dir='ltr'>statim</span> <span class='ocrx_word' id='word_1_155' title='bbox 357 1404 428 1446; x_wconf 87' lang='lat' dir='ltr'>post</span> <span class='ocrx_word' id='word_1_156' title='bbox 442 1403 614 1439; x_wconf 78' lang='lat' dir='ltr'>Nicaenam</span> <span class='ocrx_word' id='word_1_157' title='bbox 624 1401 798 1447; x_wconf 86' lang='lat' dir='ltr'>Synodum</span> <span class='ocrx_word' id='word_1_158' title='bbox 821 1405 1017 1439; x_wconf 88' lang='lat' dir='ltr'>emerserunt</span> <span class='ocrx_word' id='word_1_159' title='bbox 1027 1416 1118 1439; x_wconf 83' lang='lat' dir='ltr'>novae</span> 
     </span>
     <span class='ocr_line' id='line_1_26' title="bbox 223 1450 1118 1498; baseline 0.001 -11"><span class='ocrx_word' id='word_1_160' title='bbox 223 1450 355 1487; x_wconf 76' lang='lat' dir='ltr'>haereses</span> <span class='ocrx_word' id='word_1_161' title='bbox 374 1464 382 1484; x_wconf 91' lang='lat'>:</span> <span class='ocrx_word' id='word_1_162' title='bbox 411 1452 457 1487; x_wconf 91' lang='lat' dir='ltr'>Et</span> <span class='ocrx_word' id='word_1_163' title='bbox 477 1453 614 1496; x_wconf 89' lang='lat' dir='ltr'>quidem</span> <span class='ocrx_word' id='word_1_164' title='bbox 635 1453 826 1498; x_wconf 85' lang='lat' dir='ltr'>arripientes</span> <span class='ocrx_word' id='word_1_165' title='bbox 848 1456 961 1490; x_wconf 89' lang='lat' dir='ltr'>ansam</span> <span class='ocrx_word' id='word_1_166' title='bbox 983 1466 1024 1489; x_wconf 88' lang='lat' dir='ltr'>cx</span> <span class='ocrx_word' id='word_1_167' title='bbox 1046 1454 1118 1498; x_wconf 89' lang='lat' dir='ltr'>ipso</span> 
     </span>
     <span class='ocr_line' id='line_1_27' title="bbox 222 1500 1118 1548; baseline 0.001 -11"><span class='ocrx_word' id='word_1_168' title='bbox 222 1500 408 1546; x_wconf 85' lang='lat' dir='ltr'>Symbolo.</span> <span class='ocrx_word' id='word_1_169' title='bbox 437 1502 527 1536; x_wconf 88' lang='lat' dir='ltr'>Nam</span> <span class='ocrx_word' id='word_1_170' title='bbox 549 1503 779 1548; x_wconf 86' lang='lat' dir='ltr'>Apollinarius</span> <span class='ocrx_word' id='word_1_171' title='bbox 800 1529 812 1545; x_wconf 93' lang='lat'>,</span> <span class='ocrx_word' id='word_1_172' title='bbox 838 1514 895 1539; x_wconf 91' lang='lat' dir='ltr'>aut</span> <span class='ocrx_word' id='word_1_173' title='bbox 918 1505 1028 1548; x_wconf 87' lang='lat' dir='ltr'>potius</span> <span class='ocrx_word' id='word_1_174' title='bbox 1049 1504 1118 1548; x_wconf 88' lang='lat' dir='ltr'>ejus</span> 
     </span>
     <span class='ocr_line' id='line_1_28' title="bbox 222 1548 1118 1597; baseline 0.001 -10"><span class='ocrx_word' id='word_1_175' title='bbox 222 1548 402 1595; x_wconf 82' lang='lat' dir='ltr'>discipulus</span> <span class='ocrx_word' id='word_1_176' title='bbox 422 1550 613 1595; x_wconf 90' lang='lat' dir='ltr'>Polemon,</span> <span class='ocrx_word' id='word_1_177' title='bbox 639 1551 708 1587; x_wconf 85' lang='lat' dir='ltr'>haec</span> <span class='ocrx_word' id='word_1_178' title='bbox 729 1552 845 1594; x_wconf 87' lang='lat' dir='ltr'>verba,</span> <span class='ocrx_word' id='word_1_179' title='bbox 876 1553 1118 1597; x_wconf 74' lang='lat' dir='ltr'>consubstantia-</span> 
     </span>
     <span class='ocr_line' id='line_1_29' title="bbox 216 1599 1115 1643; baseline 0.001 -6"><span class='ocrx_word' id='word_1_180' title='bbox 216 1603 283 1642; x_wconf 74' lang='lat' dir='ltr'>lem</span> <span class='ocrx_word' id='word_1_181' title='bbox 295 1604 412 1643; x_wconf 76' lang='lat' dir='ltr'>Pam,</span> <span class='ocrx_word' id='word_1_182' title='bbox 437 1599 573 1638; x_wconf 74' lang='lat' dir='ltr'>detorsit</span> <span class='ocrx_word' id='word_1_183' title='bbox 591 1603 634 1639; x_wconf 78' lang='lat' dir='ltr'>ad</span> <span class='ocrx_word' id='word_1_184' title='bbox 645 1601 825 1637; x_wconf 85' lang='lat' dir='ltr'>humanam</span> <span class='ocrx_word' id='word_1_185' title='bbox 848 1605 950 1638; x_wconf 89' lang='lat' dir='ltr'>etiam</span> <span class='ocrx_word' id='word_1_186' title='bbox 974 1605 1115 1638; x_wconf 83' lang='lat' dir='ltr'>Domini</span> 
     </span>
     <span class='ocr_line' id='line_1_30' title="bbox 224 1652 1117 1698; baseline 0 -10"><span class='ocrx_word' id='word_1_187' title='bbox 224 1661 400 1692; x_wconf 84' lang='lat' dir='ltr'>naturam,</span> <span class='ocrx_word' id='word_1_188' title='bbox 427 1662 527 1697; x_wconf 92' lang='lat' dir='ltr'>atque</span> <span class='ocrx_word' id='word_1_189' title='bbox 538 1653 583 1689; x_wconf 90' lang='lat' dir='ltr'>ita</span> <span class='ocrx_word' id='word_1_190' title='bbox 605 1654 725 1698; x_wconf 89' lang='lat' dir='ltr'>inipso</span> <span class='ocrx_word' id='word_1_191' title='bbox 738 1652 894 1688; x_wconf 85' lang='lat' dir='ltr'>blaterare</span> <span class='ocrx_word' id='word_1_192' title='bbox 915 1666 953 1689; x_wconf 88' lang='lat' dir='ltr'>ac</span> <span class='ocrx_word' id='word_1_193' title='bbox 973 1653 1117 1698; x_wconf 87' lang='lat' dir='ltr'>blasphe-</span> 
     </span>
     <span class='ocr_line' id='line_1_31' title="bbox 225 1702 1115 1746; baseline 0.001 -9"><span class='ocrx_word' id='word_1_194' title='bbox 225 1712 315 1738; x_wconf 84' lang='lat' dir='ltr'>mare</span> <span class='ocrx_word' id='word_1_195' title='bbox 335 1702 438 1746; x_wconf 87' lang='lat' dir='ltr'>coepit</span> <span class='ocrx_word' id='word_1_196' title='bbox 456 1704 518 1739; x_wconf 78' lang='lat' dir='ltr'>esse</span> <span class='ocrx_word' id='word_1_197' title='bbox 543 1713 694 1740; x_wconf 87' lang='lat' dir='ltr'>naturam</span> <span class='ocrx_word' id='word_1_198' title='bbox 717 1705 850 1739; x_wconf 86' lang='lat' dir='ltr'>unicam</span> <span class='ocrx_word' id='word_1_199' title='bbox 873 1728 880 1735; x_wconf 84' lang='lat'>.</span> <span class='ocrx_word' id='word_1_200' title='bbox 909 1705 1005 1739; x_wconf 89' lang='lat' dir='ltr'>Hinc</span> <span class='ocrx_word' id='word_1_201' title='bbox 1033 1706 1115 1739; x_wconf 87' lang='lat' dir='ltr'>varii</span> 
     </span>
     <span class='ocr_line' id='line_1_32' title="bbox 223 1752 1116 1798; baseline 0.002 -11"><span class='ocrx_word' id='word_1_202' title='bbox 223 1752 339 1788; x_wconf 77' lang='lat' dir='ltr'>Patres</span> <span class='ocrx_word' id='word_1_203' title='bbox 360 1765 400 1788; x_wconf 92' lang='lat' dir='ltr'>ac</span> <span class='ocrx_word' id='word_1_204' title='bbox 410 1753 560 1789; x_wconf 74' lang='lat' dir='ltr'>Ecclesia:</span> <span class='ocrx_word' id='word_1_205' title='bbox 582 1754 693 1791; x_wconf 84' lang='lat' dir='ltr'>statim</span> <span class='ocrx_word' id='word_1_206' title='bbox 716 1755 756 1789; x_wconf 90' lang='lat' dir='ltr'>ad</span> <span class='ocrx_word' id='word_1_207' title='bbox 781 1756 957 1790; x_wconf 84' lang='lat' dir='ltr'>Nicaenum</span> <span class='ocrx_word' id='word_1_208' title='bbox 978 1754 1116 1798; x_wconf 91' lang='lat' dir='ltr'>Symbo-</span> 
     </span>
     <span class='ocr_line' id='line_1_33' title="bbox 224 1802 1117 1849; baseline 0.002 -12"><span class='ocrx_word' id='word_1_209' title='bbox 224 1802 297 1838; x_wconf 85' lang='lat' dir='ltr'>lum</span> <span class='ocrx_word' id='word_1_210' title='bbox 309 1802 498 1847; x_wconf 87' lang='lat' dir='ltr'>adjecerunt</span> <span class='ocrx_word' id='word_1_211' title='bbox 518 1805 608 1840; x_wconf 89' lang='lat' dir='ltr'>varia</span> <span class='ocrx_word' id='word_1_212' title='bbox 619 1805 839 1841; x_wconf 87' lang='lat' dir='ltr'>additamenta</span> <span class='ocrx_word' id='word_1_213' title='bbox 863 1817 900 1840; x_wconf 90' lang='lat' dir='ltr'>ac</span> <span class='ocrx_word' id='word_1_214' title='bbox 914 1805 1117 1849; x_wconf 89' lang='lat' dir='ltr'>supplemen-</span> 
     </span>
     <span class='ocr_line' id='line_1_34' title="bbox 223 1854 1116 1897; baseline 0.001 -10"><span class='ocrx_word' id='word_1_215' title='bbox 223 1862 278 1888; x_wconf 85' lang='lat' dir='ltr'>ta.</span> <span class='ocrx_word' id='word_1_216' title='bbox 306 1854 397 1888; x_wconf 89' lang='lat' dir='ltr'>Nam</span> <span class='ocrx_word' id='word_1_217' title='bbox 423 1854 458 1887; x_wconf 75' lang='grc' dir='ltr'>δι’.</span> <span class='ocrx_word' id='word_1_218' title='bbox 478 1855 614 1890; x_wconf 73' lang='lat' dir='ltr'>Sanstus</span> <span class='ocrx_word' id='word_1_219' title='bbox 639 1856 810 1897; x_wconf 86' lang='lat' dir='ltr'>Cyrillus,</span> <span class='ocrx_word' id='word_1_220' title='bbox 838 1855 1116 1897; x_wconf 88' lang='lat' dir='ltr'>Hierosolymita-</span> 
     </span>
     <span class='ocr_line' id='line_1_35' title="bbox 227 1902 1117 1949; baseline 0 -12"><span class='ocrx_word' id='word_1_221' title='bbox 227 1914 278 1937; x_wconf 80' lang='lat' dir='ltr'>11ae</span> <span class='ocrx_word' id='word_1_222' title='bbox 302 1902 454 1937; x_wconf 81' lang='lat' dir='ltr'>Ecclefiae</span> <span class='ocrx_word' id='word_1_223' title='bbox 478 1904 623 1938; x_wconf 90' lang='lat' dir='ltr'>necdum</span> <span class='ocrx_word' id='word_1_224' title='bbox 651 1905 832 1949; x_wconf 86' lang='lat' dir='ltr'>Episcopus</span> <span class='ocrx_word' id='word_1_225' title='bbox 853 1928 864 1944; x_wconf 91' lang='lat'><strong><em>‚</em></strong></span> <span class='ocrx_word' id='word_1_226' title='bbox 891 1904 946 1938; x_wconf 88' lang='lat' dir='ltr'>sed</span> <span class='ocrx_word' id='word_1_227' title='bbox 967 1904 1117 1938; x_wconf 88' lang='lat' dir='ltr'>Clericus</span> 
     </span>
     <span class='ocr_line' id='line_1_36' title="bbox 227 1950 1117 1998; baseline -0.002 -9"><span class='ocrx_word' id='word_1_228' title='bbox 227 1950 338 1989; x_wconf 80' lang='lat' dir='ltr'>adhuc</span> <span class='ocrx_word' id='word_1_229' title='bbox 359 1953 394 1987; x_wconf 77' lang='grc' dir='ltr'>δε</span> <span class='ocrx_word' id='word_1_230' title='bbox 414 1951 628 1988; x_wconf 85' lang='lat' dir='ltr'>Cathechista</span> <span class='ocrx_word' id='word_1_231' title='bbox 647 1979 659 1995; x_wconf 93' lang='lat'>,</span> <span class='ocrx_word' id='word_1_232' title='bbox 686 1954 782 1989; x_wconf 90' lang='lat' dir='ltr'>nobis</span> <span class='ocrx_word' id='word_1_233' title='bbox 803 1954 944 1998; x_wconf 82' lang='lat' dir='ltr'>exponit</span> <span class='ocrx_word' id='word_1_234' title='bbox 967 1965 1034 1988; x_wconf 89' lang='lat' dir='ltr'>non</span> <span class='ocrx_word' id='word_1_235' title='bbox 1059 1954 1117 1987; x_wconf 89' lang='lat' dir='ltr'>Ni-</span> 
     </span>
     <span class='ocr_line' id='line_1_37' title="bbox 227 2001 1117 2047; baseline 0 -9"><span class='ocrx_word' id='word_1_236' title='bbox 227 2013 354 2038; x_wconf 77' lang='lat' dir='ltr'>caenum</span> <span class='ocrx_word' id='word_1_237' title='bbox 375 2024 387 2042; x_wconf 89' lang='lat'>‚</span> <span class='ocrx_word' id='word_1_238' title='bbox 411 2001 468 2036; x_wconf 85' lang='lat' dir='ltr'>sed</span> <span class='ocrx_word' id='word_1_239' title='bbox 495 2004 663 2047; x_wconf 90' lang='lat' dir='ltr'>proprium</span> <span class='ocrx_word' id='word_1_240' title='bbox 687 2003 780 2037; x_wconf 79' lang='lat' dir='ltr'>islius</span> <span class='ocrx_word' id='word_1_241' title='bbox 804 2004 955 2038; x_wconf 83' lang='lat' dir='ltr'>Ecclesiae</span> <span class='ocrx_word' id='word_1_242' title='bbox 977 2003 1117 2047; x_wconf 87' lang='lat' dir='ltr'>symbo-</span> 
     </span>
     <span class='ocr_line' id='line_1_38' title="bbox 227 2050 1116 2100; baseline -0.002 -13"><span class='ocrx_word' id='word_1_243' title='bbox 227 2053 318 2087; x_wconf 89' lang='lat' dir='ltr'>lum.</span> <span class='ocrx_word' id='word_1_244' title='bbox 345 2050 451 2100; x_wconf 85' lang='lat' dir='ltr'>Qod</span> <span class='ocrx_word' id='word_1_245' title='bbox 471 2061 582 2088; x_wconf 89' lang='lat' dir='ltr'>tamen</span> <span class='ocrx_word' id='word_1_246' title='bbox 596 2066 665 2088; x_wconf 88' lang='lat' dir='ltr'>non</span> <span class='ocrx_word' id='word_1_247' title='bbox 687 2053 733 2087; x_wconf 89' lang='lat' dir='ltr'>est</span> <span class='ocrx_word' id='word_1_248' title='bbox 757 2053 868 2094; x_wconf 85' lang='lat' dir='ltr'>aliud,</span> <span class='ocrx_word' id='word_1_249' title='bbox 898 2062 997 2096; x_wconf 85' lang='lat' dir='ltr'>quam</span> <span class='ocrx_word' id='word_1_250' title='bbox 1011 2053 1116 2096; x_wconf 89' lang='lat' dir='ltr'>ipsum</span> 
     </span>
     <span class='ocr_line' id='line_1_39' title="bbox 228 2102 1115 2147; baseline -0.002 -10"><span class='ocrx_word' id='word_1_251' title='bbox 228 2102 408 2137; x_wconf 82' lang='lat' dir='ltr'>Nicaenum</span> <span class='ocrx_word' id='word_1_252' title='bbox 427 2112 503 2136; x_wconf 88' lang='lat' dir='ltr'>cum</span> <span class='ocrx_word' id='word_1_253' title='bbox 537 2103 772 2147; x_wconf 85' lang='lat' dir='ltr'>supplementis</span> <span class='ocrx_word' id='word_1_254' title='bbox 799 2114 836 2136; x_wconf 92' lang='lat' dir='ltr'>ac</span> <span class='ocrx_word' id='word_1_255' title='bbox 857 2102 1092 2136; x_wconf 81' lang='lat' dir='ltr'>additamentis</span> <span class='ocrx_word' id='word_1_256' title='bbox 1108 2126 1115 2134; x_wconf 87' lang='lat'><strong>.</strong></span> 
     </span>
     <span class='ocr_line' id='line_1_40' title="bbox 227 2150 1115 2196; baseline -0.002 -9"><span class='ocrx_word' id='word_1_257' title='bbox 227 2153 292 2187; x_wconf 88' lang='lat' dir='ltr'>Sua</span> <span class='ocrx_word' id='word_1_258' title='bbox 305 2151 528 2187; x_wconf 88' lang='lat' dir='ltr'>additamenta</span> <span class='ocrx_word' id='word_1_259' title='bbox 547 2153 647 2187; x_wconf 91' lang='lat' dir='ltr'>etiam</span> <span class='ocrx_word' id='word_1_260' title='bbox 662 2153 740 2187; x_wconf 89' lang='lat' dir='ltr'>fecit</span> <span class='ocrx_word' id='word_1_261' title='bbox 751 2150 1115 2196; x_wconf 84' lang='lat' dir='ltr'>Philippo-Poliranum</span> 
     </span>
     <span class='ocr_line' id='line_1_41' title="bbox 228 2201 1115 2238; baseline -0.002 -1"><span class='ocrx_word' id='word_1_262' title='bbox 228 2201 424 2237; x_wconf 85' lang='lat' dir='ltr'>Eusebianae</span> <span class='ocrx_word' id='word_1_263' title='bbox 437 2202 602 2237; x_wconf 69' lang='lat' dir='ltr'>Factionis</span> <span class='ocrx_word' id='word_1_264' title='bbox 620 2203 903 2238; x_wconf 87' lang='lat' dir='ltr'>Conventiculum</span> <span class='ocrx_word' id='word_1_265' title='bbox 915 2228 923 2235; x_wconf 93' lang='lat'><strong>.</strong></span> <span class='ocrx_word' id='word_1_266' title='bbox 951 2203 1040 2237; x_wconf 87' lang='lat' dir='ltr'>Inter</span> <span class='ocrx_word' id='word_1_267' title='bbox 1053 2202 1115 2236; x_wconf 90' lang='lat' dir='ltr'>alia</span> 
     </span>
     <span class='ocr_line' id='line_1_42' title="bbox 229 2251 1116 2297; baseline -0.003 -10"><span class='ocrx_word' id='word_1_268' title='bbox 229 2251 359 2287; x_wconf 82' lang='lat' dir='ltr'>addidit</span> <span class='ocrx_word' id='word_1_269' title='bbox 380 2262 495 2286; x_wconf 89' lang='lat' dir='ltr'>contra</span> <span class='ocrx_word' id='word_1_270' title='bbox 510 2252 709 2287; x_wconf 86' lang='lat' dir='ltr'>Marcellum</span> <span class='ocrx_word' id='word_1_271' title='bbox 732 2253 877 2296; x_wconf 82' lang='lat' dir='ltr'>Ancyrae</span> <span class='ocrx_word' id='word_1_272' title='bbox 894 2252 1116 2297; x_wconf 87' lang='lat' dir='ltr'>Episcopum:</span> 
     </span>
     <span class='ocr_line' id='line_1_43' title="bbox 229 2302 1117 2351; baseline 0 -15"><span class='ocrx_word' id='word_1_273' title='bbox 229 2303 327 2343; x_wconf 79' lang='lat' dir='ltr'>CuJ&#39;us</span> <span class='ocrx_word' id='word_1_274' title='bbox 346 2304 444 2344; x_wconf 71' lang='lat' dir='ltr'>Regni</span> <span class='ocrx_word' id='word_1_275' title='bbox 465 2313 523 2335; x_wconf 82' lang='lat' dir='ltr'>non</span> <span class='ocrx_word' id='word_1_276' title='bbox 546 2307 605 2337; x_wconf 81' lang='lat' dir='ltr'>em</span> <span class='ocrx_word' id='word_1_277' title='bbox 621 2302 717 2345; x_wconf 80' lang='lat' dir='ltr'>finis.</span> <span class='ocrx_word' id='word_1_278' title='bbox 744 2302 848 2351; x_wconf 80' lang='lat' dir='ltr'>Qod</span> <span class='ocrx_word' id='word_1_279' title='bbox 872 2303 1050 2346; x_wconf 88' lang='lat' dir='ltr'>postmodo</span> <span class='ocrx_word' id='word_1_280' title='bbox 1067 2303 1117 2336; x_wconf 92' lang='lat' dir='ltr'>fir-</span> 
     </span>
     <span class='ocr_line' id='line_1_44' title="bbox 229 2351 1116 2397; baseline 0 -12"><span class='ocrx_word' id='word_1_281' title='bbox 229 2352 334 2386; x_wconf 88' lang='lat' dir='ltr'>mavit</span> <span class='ocrx_word' id='word_1_282' title='bbox 364 2351 740 2397; x_wconf 86' lang='lat' dir='ltr'>Constantinopolitana</span> <span class='ocrx_word' id='word_1_283' title='bbox 767 2353 922 2397; x_wconf 89' lang='lat' dir='ltr'>Synodus</span> <span class='ocrx_word' id='word_1_284' title='bbox 946 2379 954 2386; x_wconf 88' lang='lat'><strong>.</strong></span> <span class='ocrx_word' id='word_1_285' title='bbox 987 2352 1116 2388; x_wconf 82' lang='lat' dir='ltr'>Similia</span> 
     </span>
     <span class='ocr_line' id='line_1_45' title="bbox 230 2402 1115 2444; baseline -0.002 -8"><span class='ocrx_word' id='word_1_286' title='bbox 230 2402 456 2444; x_wconf 87' lang='lat' dir='ltr'>supplementa</span> <span class='ocrx_word' id='word_1_287' title='bbox 486 2403 523 2435; x_wconf 89' lang='lat' dir='ltr'>in</span> <span class='ocrx_word' id='word_1_288' title='bbox 551 2404 646 2436; x_wconf 88' lang='lat' dir='ltr'>variis</span> <span class='ocrx_word' id='word_1_289' title='bbox 675 2403 792 2436; x_wconf 88' lang='lat' dir='ltr'>litteris</span> <span class='ocrx_word' id='word_1_290' title='bbox 817 2404 912 2436; x_wconf 82' lang='lat' dir='ltr'>refert</span> <span class='ocrx_word' id='word_1_291' title='bbox 939 2414 977 2436; x_wconf 89' lang='lat' dir='ltr'>ac</span> <span class='ocrx_word' id='word_1_292' title='bbox 998 2402 1115 2444; x_wconf 86' lang='lat' dir='ltr'>probat</span> 
     </span>
     <span class='ocr_line' id='line_1_46' title="bbox 233 2449 1116 2495; baseline -0.001 -12"><span class='ocrx_word' id='word_1_293' title='bbox 233 2451 334 2483; x_wconf 86' lang='lat' dir='ltr'>etiam</span> <span class='ocrx_word' id='word_1_294' title='bbox 348 2451 480 2482; x_wconf 65' lang='lat' dir='ltr'>Sanetus</span> <span class='ocrx_word' id='word_1_295' title='bbox 498 2450 652 2483; x_wconf 87' lang='lat' dir='ltr'>Basilius:</span> <span class='ocrx_word' id='word_1_296' title='bbox 680 2451 828 2495; x_wconf 86' lang='lat' dir='ltr'>Magnus</span> <span class='ocrx_word' id='word_1_297' title='bbox 855 2449 1052 2484; x_wconf 72' lang='lat' dir='ltr'>Athanasius</span> <span class='ocrx_word' id='word_1_298' title='bbox 1074 2450 1116 2482; x_wconf 87' lang='lat' dir='ltr'>vi-</span> 
     </span>
     <span class='ocr_line' id='line_1_47' title="bbox 233 2497 1117 2543; baseline -0.001 -10"><span class='ocrx_word' id='word_1_299' title='bbox 233 2499 329 2533; x_wconf 84' lang='lat' dir='ltr'>detur</span> <span class='ocrx_word' id='word_1_300' title='bbox 349 2497 407 2531; x_wconf 88' lang='lat' dir='ltr'>ista</span> <span class='ocrx_word' id='word_1_301' title='bbox 430 2510 499 2531; x_wconf 89' lang='lat' dir='ltr'>non</span> <span class='ocrx_word' id='word_1_302' title='bbox 525 2499 689 2542; x_wconf 75' lang='lat' dir='ltr'>probasse.</span> <span class='ocrx_word' id='word_1_303' title='bbox 723 2499 779 2534; x_wconf 90' lang='lat' dir='ltr'>Ad</span> <span class='ocrx_word' id='word_1_304' title='bbox 793 2499 967 2534; x_wconf 85' lang='lat' dir='ltr'>Nicaenum</span> <span class='ocrx_word' id='word_1_305' title='bbox 980 2497 1117 2543; x_wconf 88' lang='lat' dir='ltr'>Symbo-</span> 
     </span>
     <span class='ocr_line' id='line_1_48' title="bbox 235 2548 1117 2592; baseline 0.002 -11"><span class='ocrx_word' id='word_1_306' title='bbox 235 2549 304 2583; x_wconf 87' lang='lat' dir='ltr'>lum</span> <span class='ocrx_word' id='word_1_307' title='bbox 316 2548 530 2591; x_wconf 84' lang='lat' dir='ltr'>supplendum</span> <span class='ocrx_word' id='word_1_308' title='bbox 543 2572 555 2588; x_wconf 93' lang='lat'>‚</span> <span class='ocrx_word' id='word_1_309' title='bbox 580 2559 637 2582; x_wconf 89' lang='lat' dir='ltr'>aut</span> <span class='ocrx_word' id='word_1_310' title='bbox 650 2549 760 2591; x_wconf 76' lang='lat' dir='ltr'>potius</span> <span class='ocrx_word' id='word_1_311' title='bbox 780 2549 821 2583; x_wconf 88' lang='lat' dir='ltr'>ad</span> <span class='ocrx_word' id='word_1_312' title='bbox 839 2551 932 2584; x_wconf 89' lang='lat' dir='ltr'>suum</span> <span class='ocrx_word' id='word_1_313' title='bbox 951 2548 1117 2592; x_wconf 87' lang='lat' dir='ltr'>Populum</span> 
     </span>
     <span class='ocr_line' id='line_1_49' title="bbox 233 2597 1119 2642; baseline 0.001 -10"><span class='ocrx_word' id='word_1_314' title='bbox 233 2598 319 2633; x_wconf 83' lang='lat' dir='ltr'>circa</span> <span class='ocrx_word' id='word_1_315' title='bbox 332 2597 486 2632; x_wconf 90' lang='lat' dir='ltr'>articulos</span> <span class='ocrx_word' id='word_1_316' title='bbox 497 2621 508 2637; x_wconf 91' lang='lat'>,</span> <span class='ocrx_word' id='word_1_317' title='bbox 534 2608 617 2641; x_wconf 83' lang='lat' dir='ltr'>quos</span> <span class='ocrx_word' id='word_1_318' title='bbox 628 2598 715 2632; x_wconf 88' lang='lat' dir='ltr'>istud</span> <span class='ocrx_word' id='word_1_319' title='bbox 727 2609 796 2631; x_wconf 89' lang='lat' dir='ltr'>non</span> <span class='ocrx_word' id='word_1_320' title='bbox 809 2599 1003 2642; x_wconf 82' lang='lat' dir='ltr'>expresserat</span> <span class='ocrx_word' id='word_1_321' title='bbox 1014 2622 1025 2638; x_wconf 94' lang='lat'>,</span> <span class='ocrx_word' id='word_1_322' title='bbox 1051 2599 1119 2642; x_wconf 88' lang='lat' dir='ltr'>ple·</span> 
     </span>
     <span class='ocr_line' id='line_1_50' title="bbox 232 2646 1118 2692; baseline 0 -10"><span class='ocrx_word' id='word_1_323' title='bbox 232 2646 511 2682; x_wconf 72' lang='lat' dir='ltr'>ncinstruendum</span> <span class='ocrx_word' id='word_1_324' title='bbox 531 2647 660 2682; x_wconf 89' lang='lat' dir='ltr'>videtur</span> <span class='ocrx_word' id='word_1_325' title='bbox 676 2649 894 2692; x_wconf 73' lang='lat' dir='ltr'>composuisse</span> <span class='ocrx_word' id='word_1_326' title='bbox 921 2648 1013 2682; x_wconf 88' lang='lat' dir='ltr'>suum</span> <span class='ocrx_word' id='word_1_327' title='bbox 1025 2648 1118 2692; x_wconf 89' lang='lat' dir='ltr'>Sym·</span> 
     </span>
     <span class='ocr_line' id='line_1_51' title="bbox 232 2696 1120 2742; baseline -0.001 -10"><span class='ocrx_word' id='word_1_328' title='bbox 232 2698 368 2732; x_wconf 86' lang='lat' dir='ltr'>bolum.</span> <span class='ocrx_word' id='word_1_329' title='bbox 396 2698 434 2731; x_wconf 88' lang='lat' dir='ltr'>In</span> <span class='ocrx_word' id='word_1_330' title='bbox 458 2697 527 2740; x_wconf 89' lang='lat' dir='ltr'>ipso</span> <span class='ocrx_word' id='word_1_331' title='bbox 548 2697 638 2732; x_wconf 89' lang='lat' dir='ltr'>enirn</span> <span class='ocrx_word' id='word_1_332' title='bbox 661 2696 760 2732; x_wconf 89' lang='lat' dir='ltr'>habes</span> <span class='ocrx_word' id='word_1_333' title='bbox 791 2709 860 2732; x_wconf 88' lang='lat' dir='ltr'>non</span> <span class='ocrx_word' id='word_1_334' title='bbox 884 2697 951 2732; x_wconf 90' lang='lat' dir='ltr'>sola</span> <span class='ocrx_word' id='word_1_335' title='bbox 966 2697 1025 2731; x_wconf 91' lang='lat' dir='ltr'>ista</span> <span class='ocrx_word' id='word_1_336' title='bbox 1050 2699 1120 2742; x_wconf 92' lang='lat' dir='ltr'>sup-</span> 
     </span>
     <span class='ocr_line' id='line_1_52' title="bbox 231 2746 1119 2792; baseline 0.001 -10"><span class='ocrx_word' id='word_1_337' title='bbox 231 2749 398 2792; x_wconf 87' lang='lat' dir='ltr'>plementa</span> <span class='ocrx_word' id='word_1_338' title='bbox 419 2773 430 2788; x_wconf 94' lang='lat'>,</span> <span class='ocrx_word' id='word_1_339' title='bbox 457 2746 509 2781; x_wconf 89' lang='lat' dir='ltr'>sed</span> <span class='ocrx_word' id='word_1_340' title='bbox 539 2748 640 2783; x_wconf 90' lang='lat' dir='ltr'>etiarn</span> <span class='ocrx_word' id='word_1_341' title='bbox 666 2747 893 2783; x_wconf 74' lang='lat' dir='ltr'>solidissimam</span> <span class='ocrx_word' id='word_1_342' title='bbox 919 2748 1119 2783; x_wconf 86' lang='lat' dir='ltr'>confutatio-</span> 
     </span>
     <span class='ocr_line' id='line_1_53' title="bbox 233 2797 1120 2843; baseline -0.001 -11"><span class='ocrx_word' id='word_1_343' title='bbox 233 2809 309 2832; x_wconf 84' lang='lat' dir='ltr'>nem</span> <span class='ocrx_word' id='word_1_344' title='bbox 323 2797 525 2841; x_wconf 86' lang='lat' dir='ltr'>Apollinarii</span> <span class='ocrx_word' id='word_1_345' title='bbox 538 2809 576 2831; x_wconf 90' lang='lat' dir='ltr'>ac</span> <span class='ocrx_word' id='word_1_346' title='bbox 589 2798 783 2833; x_wconf 87' lang='lat' dir='ltr'>Macedonii</span> <span class='ocrx_word' id='word_1_347' title='bbox 794 2823 801 2831; x_wconf 89' lang='lat'><strong><em>.</em></strong></span> <span class='ocrx_word' id='word_1_348' title='bbox 829 2799 926 2834; x_wconf 89' lang='lat' dir='ltr'>Istam</span> <span class='ocrx_word' id='word_1_349' title='bbox 935 2798 1038 2843; x_wconf 91' lang='lat' dir='ltr'>igitur</span> <span class='ocrx_word' id='word_1_350' title='bbox 1049 2799 1120 2842; x_wconf 89' lang='lat' dir='ltr'>sup-</span> 
     </span>
     <span class='ocr_line' id='line_1_54' title="bbox 233 2846 1121 2893; baseline -0.001 -11"><span class='ocrx_word' id='word_1_351' title='bbox 233 2847 416 2893; x_wconf 85' lang='lat' dir='ltr'>pletionem</span> <span class='ocrx_word' id='word_1_352' title='bbox 427 2847 504 2881; x_wconf 89' lang='lat' dir='ltr'>fecit</span> <span class='ocrx_word' id='word_1_353' title='bbox 514 2848 616 2882; x_wconf 88' lang='lat' dir='ltr'>etiarn</span> <span class='ocrx_word' id='word_1_354' title='bbox 629 2846 842 2884; x_wconf 85' lang='lat' dir='ltr'>Antiochena</span> <span class='ocrx_word' id='word_1_355' title='bbox 855 2848 997 2884; x_wconf 86' lang='lat' dir='ltr'>Ecclesia</span> <span class='ocrx_word' id='word_1_356' title='bbox 1009 2874 1016 2881; x_wconf 91' lang='lat'><strong>.</strong></span> <span class='ocrx_word' id='word_1_357' title='bbox 1043 2848 1121 2883; x_wconf 89' lang='lat' dir='ltr'>For·</span> 
     </span>
     <span class='ocr_line' id='line_1_55' title="bbox 233 2897 1117 2942; baseline 0.001 -10"><span class='ocrx_word' id='word_1_358' title='bbox 233 2899 316 2933; x_wconf 89' lang='lat' dir='ltr'>sitan</span> <span class='ocrx_word' id='word_1_359' title='bbox 343 2897 409 2941; x_wconf 89' lang='lat' dir='ltr'>ipse</span> <span class='ocrx_word' id='word_1_360' title='bbox 435 2897 568 2932; x_wconf 60' lang='lat' dir='ltr'>Saucius</span> <span class='ocrx_word' id='word_1_361' title='bbox 601 2898 766 2933; x_wconf 82' lang='lat' dir='ltr'>Eustatius</span> <span class='ocrx_word' id='word_1_362' title='bbox 786 2924 797 2940; x_wconf 89' lang='lat'>‚</span> <span class='ocrx_word' id='word_1_363' title='bbox 825 2900 860 2934; x_wconf 90' lang='lat' dir='ltr'>in</span> <span class='ocrx_word' id='word_1_364' title='bbox 888 2900 956 2942; x_wconf 90' lang='lat' dir='ltr'>ipsa</span> <span class='ocrx_word' id='word_1_365' title='bbox 981 2898 1117 2933; x_wconf 81' lang='lat' dir='ltr'>Nicaena</span> 
     </span>
     <span class='ocr_line' id='line_1_56' title="bbox 232 2947 1117 2994; baseline -0.002 -11"><span class='ocrx_word' id='word_1_366' title='bbox 232 2947 374 2991; x_wconf 89' lang='lat' dir='ltr'>Synodo</span> <span class='ocrx_word' id='word_1_367' title='bbox 404 2950 534 2982; x_wconf 67' lang='lat' dir='ltr'>evestus</span> <span class='ocrx_word' id='word_1_368' title='bbox 561 2948 595 2981; x_wconf 90' lang='lat' dir='ltr'>in</span> <span class='ocrx_word' id='word_1_369' title='bbox 620 2948 872 2984; x_wconf 85' lang='lat' dir='ltr'>Antiochenum</span> <span class='ocrx_word' id='word_1_370' title='bbox 898 2950 1117 2994; x_wconf 87' lang='lat' dir='ltr'>Episcopum.</span> 
     </span>
     <span class='ocr_line' id='line_1_57' title="bbox 235 2997 1118 3043; baseline -0.001 -9"><span class='ocrx_word' id='word_1_371' title='bbox 235 2998 431 3034; x_wconf 89' lang='lat' dir='ltr'>Dolendum</span> <span class='ocrx_word' id='word_1_372' title='bbox 455 2997 500 3032; x_wconf 86' lang='lat' dir='ltr'>est</span> <span class='ocrx_word' id='word_1_373' title='bbox 524 3022 535 3038; x_wconf 90' lang='lat'>,</span> <span class='ocrx_word' id='word_1_374' title='bbox 573 2998 662 3042; x_wconf 93' lang='lat' dir='ltr'>quod</span> <span class='ocrx_word' id='word_1_375' title='bbox 690 3000 831 3043; x_wconf 86' lang='lat' dir='ltr'>Joannes</span> <span class='ocrx_word' id='word_1_376' title='bbox 857 3000 1027 3035; x_wconf 75' lang='lat' dir='ltr'>Cassianus</span> <span class='ocrx_word' id='word_1_377' title='bbox 1059 2999 1118 3033; x_wconf 91' lang='lat' dir='ltr'>suo</span> 
     </span>
     <span class='ocr_line' id='line_1_58' title="bbox 236 3046 1120 3093; baseline 0.001 -11"><span class='ocrx_word' id='word_1_378' title='bbox 236 3047 322 3082; x_wconf 90' lang='lat' dir='ltr'>libro</span> <span class='ocrx_word' id='word_1_379' title='bbox 334 3059 404 3081; x_wconf 90' lang='lat' dir='ltr'>non</span> <span class='ocrx_word' id='word_1_380' title='bbox 424 3046 580 3082; x_wconf 83' lang='lat' dir='ltr'>indiderit</span> <span class='ocrx_word' id='word_1_381' title='bbox 595 3057 702 3086; x_wconf 87' lang='lat' dir='ltr'>toturn</span> <span class='ocrx_word' id='word_1_382' title='bbox 715 3060 908 3085; x_wconf 87' lang='lat' dir='ltr'>contextum</span> <span class='ocrx_word' id='word_1_383' title='bbox 922 3050 1015 3085; x_wconf 88' lang='lat' dir='ltr'>istius</span> <span class='ocrx_word' id='word_1_384' title='bbox 1026 3051 1120 3093; x_wconf 90' lang='lat' dir='ltr'>Sym-</span> 
     </span>
     <span class='ocr_line' id='line_1_59' title="bbox 237 3096 1118 3143; baseline 0 -11"><span class='ocrx_word' id='word_1_385' title='bbox 237 3097 338 3132; x_wconf 91' lang='lat' dir='ltr'>boli:</span> <span class='ocrx_word' id='word_1_386' title='bbox 376 3096 500 3132; x_wconf 84' lang='lat' dir='ltr'>Tacuit</span> <span class='ocrx_word' id='word_1_387' title='bbox 527 3098 593 3139; x_wconf 87' lang='lat' dir='ltr'>ipsa</span> <span class='ocrx_word' id='word_1_388' title='bbox 619 3099 845 3143; x_wconf 88' lang='lat' dir='ltr'>supplementa</span> <span class='ocrx_word' id='word_1_389' title='bbox 879 3126 886 3133; x_wconf 93' lang='lat'><strong>.</strong></span> <span class='ocrx_word' id='word_1_390' title='bbox 913 3101 997 3135; x_wconf 84' lang='lat' dir='ltr'>Haec</span> <span class='ocrx_word' id='word_1_391' title='bbox 1027 3100 1118 3134; x_wconf 90' lang='lat' dir='ltr'>enim</span> 
     </span>
     <span class='ocr_line' id='line_1_60' title="bbox 241 3144 1118 3195; baseline 0.001 -14"><span class='ocrx_word' id='word_1_392' title='bbox 241 3144 457 3191; x_wconf 86' lang='lat' dir='ltr'>sequebantur</span> <span class='ocrx_word' id='word_1_393' title='bbox 485 3147 555 3190; x_wconf 88' lang='lat' dir='ltr'>post</span> <span class='ocrx_word' id='word_1_394' title='bbox 583 3149 756 3184; x_wconf 89' lang='lat' dir='ltr'>articulum</span> <span class='ocrx_word' id='word_1_395' title='bbox 776 3150 818 3185; x_wconf 86' lang='lat' dir='ltr'>de</span> <span class='ocrx_word' id='word_1_396' title='bbox 843 3150 968 3195; x_wconf 87' lang='lat' dir='ltr'>Spiritu</span> <span class='ocrx_word' id='word_1_397' title='bbox 990 3150 1118 3186; x_wconf 72' lang='lat' dir='ltr'>Sancto.</span> 
     </span>
     <span class='ocr_line' id='line_1_61' title="bbox 238 3196 1119 3236; baseline 0.001 -4"><span class='ocrx_word' id='word_1_398' title='bbox 238 3197 366 3233; x_wconf 89' lang='lat' dir='ltr'>Omnia</span> <span class='ocrx_word' id='word_1_399' title='bbox 393 3196 452 3230; x_wconf 80' lang='lat' dir='ltr'>isla</span> <span class='ocrx_word' id='word_1_400' title='bbox 475 3197 636 3232; x_wconf 88' lang='lat' dir='ltr'>variarum</span> <span class='ocrx_word' id='word_1_401' title='bbox 661 3199 873 3236; x_wconf 89' lang='lat' dir='ltr'>Ecclesiarum</span> <span class='ocrx_word' id='word_1_402' title='bbox 895 3201 1119 3236; x_wconf 89' lang='lat' dir='ltr'>additamenta</span> 
     </span>
     <span class='ocr_line' id='line_1_62' title="bbox 238 3245 1120 3295; baseline 0.002 -14"><span class='ocrx_word' id='word_1_403' title='bbox 238 3245 415 3292; x_wconf 77' lang='lat' dir='ltr'>postmodo</span> <span class='ocrx_word' id='word_1_404' title='bbox 436 3246 580 3281; x_wconf 84' lang='lat' dir='ltr'>discuffit</span> <span class='ocrx_word' id='word_1_405' title='bbox 604 3247 975 3295; x_wconf 88' lang='lat' dir='ltr'>Constantinopolitana</span> <span class='ocrx_word' id='word_1_406' title='bbox 1007 3251 1120 3294; x_wconf 84' lang='lat' dir='ltr'>Syno-</span> 
     </span>
     <span class='ocr_line' id='line_1_63' title="bbox 237 3296 1120 3344; baseline 0.001 -12"><span class='ocrx_word' id='word_1_407' title='bbox 237 3298 300 3332; x_wconf 88' lang='lat' dir='ltr'>dus</span> <span class='ocrx_word' id='word_1_408' title='bbox 313 3321 325 3338; x_wconf 90' lang='lat'><em>‚</em></span> <span class='ocrx_word' id='word_1_409' title='bbox 350 3296 447 3341; x_wconf 89' lang='lat' dir='ltr'>elegit</span> <span class='ocrx_word' id='word_1_410' title='bbox 459 3297 638 3331; x_wconf 87' lang='lat' dir='ltr'>meliora&amp;</span> <span class='ocrx_word' id='word_1_411' title='bbox 650 3302 922 3344; x_wconf 88' lang='lat' dir='ltr'>congruentiora,</span> <span class='ocrx_word' id='word_1_412' title='bbox 950 3302 983 3336; x_wconf 90' lang='lat'>&amp;</span> <span class='ocrx_word' id='word_1_413' title='bbox 995 3311 1036 3336; x_wconf 86' lang='lat' dir='ltr'>ex</span> <span class='ocrx_word' id='word_1_414' title='bbox 1048 3300 1120 3344; x_wconf 87' lang='lat' dir='ltr'>ipsis</span> 
     </span>
     <span class='ocr_line' id='line_1_64' title="bbox 237 3346 1121 3390; baseline 0 -5"><span class='ocrx_word' id='word_1_415' title='bbox 237 3346 390 3385; x_wconf 81' lang='lat' dir='ltr'>condidit</span> <span class='ocrx_word' id='word_1_416' title='bbox 410 3348 504 3381; x_wconf 87' lang='lat' dir='ltr'>suum</span> <span class='ocrx_word' id='word_1_417' title='bbox 526 3347 723 3390; x_wconf 88' lang='lat' dir='ltr'>Symbolum</span> <span class='ocrx_word' id='word_1_418' title='bbox 748 3374 755 3383; x_wconf 90' lang='lat'>.</span> <span class='ocrx_word' id='word_1_419' title='bbox 786 3350 947 3387; x_wconf 78' lang='lat' dir='ltr'>Attamen</span> <span class='ocrx_word' id='word_1_420' title='bbox 965 3350 1031 3387; x_wconf 89' lang='lat' dir='ltr'>hoc</span> <span class='ocrx_word' id='word_1_421' title='bbox 1049 3361 1121 3386; x_wconf 88' lang='lat' dir='ltr'>om·</span> 
     </span>
    </p>

    <p class='ocr_par' dir='ltr' id='par_1_4' title="bbox 343 3397 785 3442">
     <span class='ocr_line' id='line_1_65' title="bbox 343 3397 785 3442; baseline 0.009 -12"><span class='ocrx_word' id='word_1_422' title='bbox 343 3397 449 3438; x_wconf 75' lang='lat' dir='ltr'>christ.</span> <span class='ocrx_word' id='word_1_423' title='bbox 465 3401 548 3440; x_wconf 77' lang='lat' dir='ltr'>Lupi</span> <span class='ocrx_word' id='word_1_424' title='bbox 560 3402 660 3442; x_wconf 82' lang='lat' dir='ltr'>Opera</span> <span class='ocrx_word' id='word_1_425' title='bbox 671 3401 704 3431; x_wconf 88' lang='lat' dir='ltr'>T.</span> <span class='ocrx_word' id='word_1_426' title='bbox 718 3403 785 3434; x_wconf 72' lang='lat' dir='ltr'>VH.</span> 
     </span>
    </p>
   </div>
   <div class='ocr_carea' id='block_1_3' title="bbox 1884 167 1978 222">
    <p class='ocr_par' dir='ltr' id='par_1_5' title="bbox 1884 167 1978 222">
     <span class='ocr_line' id='line_1_66' title="bbox 1884 167 1978 222; baseline 0.011 -11"><span class='ocrx_word' id='word_1_427' title='bbox 1884 167 1978 222; x_wconf 67' lang='lat'>‘123</span> 
     </span>
    </p>
   </div>
   <div class='ocr_carea' id='block_1_4' title="bbox 1173 247 2078 3448">
    <p class='ocr_par' dir='ltr' id='par_1_6' title="bbox 1173 247 2075 1597">
     <span class='ocr_line' id='line_1_67' title="bbox 1178 247 2054 291; baseline 0.003 -7"><span class='ocrx_word' id='word_1_428' title='bbox 1178 260 1232 284; x_wconf 89' lang='lat' dir='ltr'>nes</span> <span class='ocrx_word' id='word_1_429' title='bbox 1242 274 1253 291; x_wconf 93' lang='lat'>,</span> <span class='ocrx_word' id='word_1_430' title='bbox 1279 249 1380 284; x_wconf 87' lang='lat' dir='ltr'>etiam</span> <span class='ocrx_word' id='word_1_431' title='bbox 1393 247 1580 286; x_wconf 85' lang='lat' dir='ltr'>orientales</span> <span class='ocrx_word' id='word_1_432' title='bbox 1594 273 1606 289; x_wconf 91' lang='lat'>,</span> <span class='ocrx_word' id='word_1_433' title='bbox 1633 249 1779 286; x_wconf 82' lang='lat' dir='ltr'>Ecclesiae</span> <span class='ocrx_word' id='word_1_434' title='bbox 1794 262 1863 287; x_wconf 91' lang='lat' dir='ltr'>non</span> <span class='ocrx_word' id='word_1_435' title='bbox 1878 251 1988 286; x_wconf 88' lang='lat' dir='ltr'>statim</span> <span class='ocrx_word' id='word_1_436' title='bbox 2008 261 2054 287; x_wconf 89' lang='lat' dir='ltr'>re·</span> 
     </span>
     <span class='ocr_line' id='line_1_68' title="bbox 1178 298 2055 346; baseline 0.002 -12"><span class='ocrx_word' id='word_1_437' title='bbox 1178 310 1348 343; x_wconf 88' lang='lat' dir='ltr'>ceperunt.</span> <span class='ocrx_word' id='word_1_438' title='bbox 1378 299 1513 332; x_wconf 89' lang='lat' dir='ltr'>Etenim</span> <span class='ocrx_word' id='word_1_439' title='bbox 1525 298 1644 333; x_wconf 70' lang='lat' dir='ltr'>lestum</span> <span class='ocrx_word' id='word_1_440' title='bbox 1658 309 1727 334; x_wconf 90' lang='lat' dir='ltr'>non</span> <span class='ocrx_word' id='word_1_441' title='bbox 1750 302 1812 335; x_wconf 87' lang='lat' dir='ltr'>fuit</span> <span class='ocrx_word' id='word_1_442' title='bbox 1834 303 1869 336; x_wconf 91' lang='lat' dir='ltr'>in</span> <span class='ocrx_word' id='word_1_443' title='bbox 1891 300 2055 346; x_wconf 87' lang='lat' dir='ltr'>Ephesina</span> 
     </span>
     <span class='ocr_line' id='line_1_69' title="bbox 1178 348 2055 397; baseline 0.002 -14"><span class='ocrx_word' id='word_1_444' title='bbox 1178 351 1330 393; x_wconf 86' lang='lat' dir='ltr'>Synodo.</span> <span class='ocrx_word' id='word_1_445' title='bbox 1357 349 1519 397; x_wconf 86' lang='lat' dir='ltr'>Qaedam</span> <span class='ocrx_word' id='word_1_446' title='bbox 1533 348 1682 383; x_wconf 85' lang='lat' dir='ltr'>Ecclefiae</span> <span class='ocrx_word' id='word_1_447' title='bbox 1696 349 1870 387; x_wconf 85' lang='lat' dir='ltr'>noluerunt</span> <span class='ocrx_word' id='word_1_448' title='bbox 1880 351 1898 385; x_wconf 74' lang='lat' dir='ltr'>a</span> <span class='ocrx_word' id='word_1_449' title='bbox 1910 351 1974 386; x_wconf 88' lang='lat' dir='ltr'>suis</span> <span class='ocrx_word' id='word_1_450' title='bbox 1985 352 2055 395; x_wconf 87' lang='lat' dir='ltr'>sup-</span> 
     </span>
     <span class='ocr_line' id='line_1_70' title="bbox 1176 398 2058 443; baseline 0.005 -10"><span class='ocrx_word' id='word_1_451' title='bbox 1176 399 1349 443; x_wconf 84' lang='lat' dir='ltr'>plementis</span> <span class='ocrx_word' id='word_1_452' title='bbox 1358 400 1508 434; x_wconf 84' lang='lat' dir='ltr'>recedere</span> <span class='ocrx_word' id='word_1_453' title='bbox 1524 425 1530 432; x_wconf 91' lang='lat'>.</span> <span class='ocrx_word' id='word_1_454' title='bbox 1559 400 1603 434; x_wconf 89' lang='lat' dir='ltr'>Et</span> <span class='ocrx_word' id='word_1_455' title='bbox 1618 400 1702 433; x_wconf 90' lang='lat' dir='ltr'>inter</span> <span class='ocrx_word' id='word_1_456' title='bbox 1722 398 1779 433; x_wconf 87' lang='lat' dir='ltr'>has</span> <span class='ocrx_word' id='word_1_457' title='bbox 1791 400 1853 434; x_wconf 91' lang='lat' dir='ltr'>fuit</span> <span class='ocrx_word' id='word_1_458' title='bbox 1873 401 2058 437; x_wconf 86' lang='lat' dir='ltr'>Antioche-</span> 
     </span>
     <span class='ocr_line' id='line_1_71' title="bbox 1177 448 2055 494; baseline 0.006 -12"><span class='ocrx_word' id='word_1_459' title='bbox 1177 462 1218 484; x_wconf 90' lang='lat' dir='ltr'>na</span> <span class='ocrx_word' id='word_1_460' title='bbox 1231 476 1238 484; x_wconf 89' lang='lat'><strong><em>.</em></strong></span> <span class='ocrx_word' id='word_1_461' title='bbox 1266 452 1311 485; x_wconf 89' lang='lat' dir='ltr'>Et</span> <span class='ocrx_word' id='word_1_462' title='bbox 1332 450 1452 494; x_wconf 88' lang='lat' dir='ltr'>opinor</span> <span class='ocrx_word' id='word_1_463' title='bbox 1467 474 1479 491; x_wconf 93' lang='lat'>‚</span> <span class='ocrx_word' id='word_1_464' title='bbox 1511 448 1600 494; x_wconf 83' lang='lat' dir='ltr'>quod</span> <span class='ocrx_word' id='word_1_465' title='bbox 1625 450 1718 485; x_wconf 84' lang='lat' dir='ltr'>istius</span> <span class='ocrx_word' id='word_1_466' title='bbox 1735 448 1927 484; x_wconf 79' lang='lat' dir='ltr'>Dioeceseos</span> <span class='ocrx_word' id='word_1_467' title='bbox 1947 453 2055 494; x_wconf 85' lang='lat' dir='ltr'>plures</span> 
     </span>
     <span class='ocr_line' id='line_1_72' title="bbox 1177 499 2057 542; baseline 0.005 -9"><span class='ocrx_word' id='word_1_468' title='bbox 1177 501 1229 542; x_wconf 90' lang='lat' dir='ltr'>ipsi</span> <span class='ocrx_word' id='word_1_469' title='bbox 1252 500 1443 535; x_wconf 78' lang='lat' dir='ltr'>adhaeserint</span> <span class='ocrx_word' id='word_1_470' title='bbox 1457 526 1464 533; x_wconf 93' lang='lat'><strong>.</strong></span> <span class='ocrx_word' id='word_1_471' title='bbox 1490 499 1649 534; x_wconf 87' lang='lat' dir='ltr'>Attamen</span> <span class='ocrx_word' id='word_1_472' title='bbox 1673 511 1742 536; x_wconf 89' lang='lat' dir='ltr'>non</span> <span class='ocrx_word' id='word_1_473' title='bbox 1753 511 1869 535; x_wconf 89' lang='lat' dir='ltr'>omnes</span> <span class='ocrx_word' id='word_1_474' title='bbox 1886 525 1893 533; x_wconf 85' lang='lat'><strong>.</strong></span> <span class='ocrx_word' id='word_1_475' title='bbox 1921 500 2057 537; x_wconf 89' lang='lat' dir='ltr'>Etenim</span> 
     </span>
     <span class='ocr_line' id='line_1_73' title="bbox 1173 549 2059 594; baseline 0.002 -10"><span class='ocrx_word' id='word_1_476' title='bbox 1173 550 1699 594; x_wconf 69' lang='lat' dir='ltr'>jamaSanstiCyrillitempore,</span> <span class='ocrx_word' id='word_1_477' title='bbox 1725 550 1852 586; x_wconf 90' lang='lat' dir='ltr'>dudum</span> <span class='ocrx_word' id='word_1_478' title='bbox 1871 559 1948 585; x_wconf 88' lang='lat' dir='ltr'>ante</span> <span class='ocrx_word' id='word_1_479' title='bbox 1969 549 2059 586; x_wconf 89' lang='lat' dir='ltr'>inva-</span> 
     </span>
     <span class='ocr_line' id='line_1_74' title="bbox 1176 600 2062 644; baseline 0.003 -11"><span class='ocrx_word' id='word_1_480' title='bbox 1176 601 1222 634; x_wconf 88' lang='lat' dir='ltr'>sas</span> <span class='ocrx_word' id='word_1_481' title='bbox 1233 601 1272 634; x_wconf 91' lang='lat' dir='ltr'>ab</span> <span class='ocrx_word' id='word_1_482' title='bbox 1283 601 1352 644; x_wconf 82' lang='lat' dir='ltr'>ejus</span> <span class='ocrx_word' id='word_1_483' title='bbox 1363 600 1603 636; x_wconf 79' lang='lat' dir='ltr'>Succefforibus</span> <span class='ocrx_word' id='word_1_484' title='bbox 1612 601 1684 636; x_wconf 85' lang='lat' dir='ltr'>istic</span> <span class='ocrx_word' id='word_1_485' title='bbox 1695 600 1887 636; x_wconf 83' lang='lat' dir='ltr'>Provincias</span> <span class='ocrx_word' id='word_1_486' title='bbox 1898 623 1911 641; x_wconf 90' lang='lat'>,</span> <span class='ocrx_word' id='word_1_487' title='bbox 1937 601 2062 636; x_wconf 86' lang='lat' dir='ltr'>Hiero-</span> 
     </span>
     <span class='ocr_line' id='line_1_75' title="bbox 1177 649 2062 696; baseline 0.003 -14"><span class='ocrx_word' id='word_1_488' title='bbox 1177 649 1374 691; x_wconf 85' lang='lat' dir='ltr'>solymitana</span> <span class='ocrx_word' id='word_1_489' title='bbox 1392 651 1534 686; x_wconf 87' lang='lat' dir='ltr'>Ecclesia</span> <span class='ocrx_word' id='word_1_490' title='bbox 1549 650 1689 688; x_wconf 85' lang='lat' dir='ltr'>habebat</span> <span class='ocrx_word' id='word_1_491' title='bbox 1704 652 1835 696; x_wconf 81' lang='lat' dir='ltr'>propria</span> <span class='ocrx_word' id='word_1_492' title='bbox 1855 650 2062 686; x_wconf 88' lang='lat' dir='ltr'>additamen-</span> 
     </span>
     <span class='ocr_line' id='line_1_76' title="bbox 1176 699 2061 746; baseline 0.002 -12"><span class='ocrx_word' id='word_1_493' title='bbox 1176 709 1223 734; x_wconf 89' lang='lat' dir='ltr'>ta.</span> <span class='ocrx_word' id='word_1_494' title='bbox 1255 699 1403 734; x_wconf 83' lang='lat' dir='ltr'>Libertas</span> <span class='ocrx_word' id='word_1_495' title='bbox 1424 701 1554 736; x_wconf 88' lang='lat' dir='ltr'>duravit</span> <span class='ocrx_word' id='word_1_496' title='bbox 1574 703 1676 746; x_wconf 88' lang='lat' dir='ltr'>usque</span> <span class='ocrx_word' id='word_1_497' title='bbox 1698 702 1740 737; x_wconf 89' lang='lat' dir='ltr'>ad</span> <span class='ocrx_word' id='word_1_498' title='bbox 1753 700 2061 737; x_wconf 89' lang='lat' dir='ltr'>Chalcedonensem</span> 
     </span>
     <span class='ocr_line' id='line_1_77' title="bbox 1175 748 2064 797; baseline 0.001 -13"><span class='ocrx_word' id='word_1_499' title='bbox 1175 749 1371 793; x_wconf 89' lang='lat' dir='ltr'>Synodum.</span> <span class='ocrx_word' id='word_1_500' title='bbox 1398 748 1480 784; x_wconf 80' lang='lat' dir='ltr'>Haee</span> <span class='ocrx_word' id='word_1_501' title='bbox 1496 751 1568 794; x_wconf 86' lang='lat' dir='ltr'>post</span> <span class='ocrx_word' id='word_1_502' title='bbox 1587 752 1762 787; x_wconf 84' lang='lat' dir='ltr'>Nicaenum</span> <span class='ocrx_word' id='word_1_503' title='bbox 1771 752 1859 797; x_wconf 84' lang='lat' dir='ltr'>juffit</span> <span class='ocrx_word' id='word_1_504' title='bbox 1882 751 1941 786; x_wconf 91' lang='lat' dir='ltr'>fibi</span> <span class='ocrx_word' id='word_1_505' title='bbox 1955 751 2064 796; x_wconf 82' lang='lat' dir='ltr'>praele·</span> 
     </span>
     <span class='ocr_line' id='line_1_78' title="bbox 1174 799 2062 848; baseline 0.003 -15"><span class='ocrx_word' id='word_1_506' title='bbox 1174 800 1233 844; x_wconf 87' lang='lat' dir='ltr'>gi,</span> <span class='ocrx_word' id='word_1_507' title='bbox 1259 799 1295 833; x_wconf 91' lang='lat'>&amp;</span> <span class='ocrx_word' id='word_1_508' title='bbox 1308 799 1343 833; x_wconf 89' lang='lat' dir='ltr'>in</span> <span class='ocrx_word' id='word_1_509' title='bbox 1355 799 1485 833; x_wconf 81' lang='lat' dir='ltr'>suarum</span> <span class='ocrx_word' id='word_1_510' title='bbox 1495 800 1727 837; x_wconf 88' lang='lat' dir='ltr'>definitionum</span> <span class='ocrx_word' id='word_1_511' title='bbox 1739 802 1886 848; x_wconf 86' lang='lat' dir='ltr'>regulam</span> <span class='ocrx_word' id='word_1_512' title='bbox 1899 802 1958 847; x_wconf 81' lang='lat' dir='ltr'>figi</span> <span class='ocrx_word' id='word_1_513' title='bbox 1969 802 2062 837; x_wconf 89' lang='lat' dir='ltr'>Con-</span> 
     </span>
     <span class='ocr_line' id='line_1_79' title="bbox 1177 848 2063 895; baseline 0.003 -12"><span class='ocrx_word' id='word_1_514' title='bbox 1177 848 1513 892; x_wconf 88' lang='lat' dir='ltr'>stantinopolitanum</span> <span class='ocrx_word' id='word_1_515' title='bbox 1535 850 1634 885; x_wconf 86' lang='lat' dir='ltr'>etiarn</span> <span class='ocrx_word' id='word_1_516' title='bbox 1655 852 1874 895; x_wconf 86' lang='lat' dir='ltr'>Symbolum,</span> <span class='ocrx_word' id='word_1_517' title='bbox 1899 862 1998 895; x_wconf 87' lang='lat' dir='ltr'>atque</span> <span class='ocrx_word' id='word_1_518' title='bbox 2015 851 2063 886; x_wconf 88' lang='lat' dir='ltr'>ita</span> 
     </span>
     <span class='ocr_line' id='line_1_80' title="bbox 1175 896 2065 943; baseline 0.001 -9"><span class='ocrx_word' id='word_1_519' title='bbox 1175 900 1217 934; x_wconf 91' lang='lat' dir='ltr'>ad</span> <span class='ocrx_word' id='word_1_520' title='bbox 1239 900 1347 943; x_wconf 90' lang='lat' dir='ltr'>ipsum</span> <span class='ocrx_word' id='word_1_521' title='bbox 1366 896 1545 933; x_wconf 84' lang='lat' dir='ltr'>obstrinxit</span> <span class='ocrx_word' id='word_1_522' title='bbox 1573 909 1691 935; x_wconf 88' lang='lat' dir='ltr'>omnes</span> <span class='ocrx_word' id='word_1_523' title='bbox 1714 903 1874 938; x_wconf 89' lang='lat' dir='ltr'>Ecclesias</span> <span class='ocrx_word' id='word_1_524' title='bbox 1894 927 1901 935; x_wconf 90' lang='lat'>.</span> <span class='ocrx_word' id='word_1_525' title='bbox 1932 901 2065 937; x_wconf 81' lang='lat' dir='ltr'>Exinde</span> 
     </span>
     <span class='ocr_line' id='line_1_81' title="bbox 1175 948 2066 993; baseline 0.002 -9"><span class='ocrx_word' id='word_1_526' title='bbox 1175 951 1287 984; x_wconf 88' lang='lat' dir='ltr'>omnis</span> <span class='ocrx_word' id='word_1_527' title='bbox 1298 950 1421 983; x_wconf 88' lang='lat' dir='ltr'>Oriens</span> <span class='ocrx_word' id='word_1_528' title='bbox 1435 949 1535 993; x_wconf 85' lang='lat' dir='ltr'>coepit</span> <span class='ocrx_word' id='word_1_529' title='bbox 1560 948 1668 992; x_wconf 88' lang='lat' dir='ltr'>ipsum</span> <span class='ocrx_word' id='word_1_530' title='bbox 1679 951 1804 985; x_wconf 86' lang='lat' dir='ltr'>tradere</span> <span class='ocrx_word' id='word_1_531' title='bbox 1826 952 1889 988; x_wconf 88' lang='lat' dir='ltr'>suis</span> <span class='ocrx_word' id='word_1_532' title='bbox 1900 950 2066 987; x_wconf 86' lang='lat' dir='ltr'>Catechu-</span> 
     </span>
     <span class='ocr_line' id='line_1_82' title="bbox 1177 997 2066 1043; baseline 0.001 -8"><span class='ocrx_word' id='word_1_533' title='bbox 1177 999 1282 1035; x_wconf 89' lang='lat' dir='ltr'>menis</span> <span class='ocrx_word' id='word_1_534' title='bbox 1297 1024 1309 1040; x_wconf 95' lang='lat'>,</span> <span class='ocrx_word' id='word_1_535' title='bbox 1335 997 1513 1034; x_wconf 89' lang='lat' dir='ltr'>&amp;eosdem</span> <span class='ocrx_word' id='word_1_536' title='bbox 1537 998 1657 1043; x_wconf 89' lang='lat' dir='ltr'>inipso</span> <span class='ocrx_word' id='word_1_537' title='bbox 1684 998 1863 1043; x_wconf 86' lang='lat' dir='ltr'>baptizare.</span> <span class='ocrx_word' id='word_1_538' title='bbox 1888 1002 1985 1039; x_wconf 68' lang='lat' dir='ltr'>Facta</span> <span class='ocrx_word' id='word_1_539' title='bbox 1996 1000 2066 1036; x_wconf 78' lang='lat' dir='ltr'>haec</span> 
     </span>
     <span class='ocr_line' id='line_1_83' title="bbox 1178 1048 2070 1092; baseline 0 -7"><span class='ocrx_word' id='word_1_540' title='bbox 1178 1052 1250 1085; x_wconf 89' lang='lat' dir='ltr'>sunt</span> <span class='ocrx_word' id='word_1_541' title='bbox 1261 1060 1375 1085; x_wconf 88' lang='lat' dir='ltr'>contra</span> <span class='ocrx_word' id='word_1_542' title='bbox 1387 1048 1612 1092; x_wconf 87' lang='lat' dir='ltr'>Eutychetem</span> <span class='ocrx_word' id='word_1_543' title='bbox 1625 1073 1636 1090; x_wconf 87' lang='lat'>,</span> <span class='ocrx_word' id='word_1_544' title='bbox 1663 1050 1722 1091; x_wconf 85' lang='lat' dir='ltr'>qui</span> <span class='ocrx_word' id='word_1_545' title='bbox 1734 1049 1848 1084; x_wconf 88' lang='lat' dir='ltr'>oderat</span> <span class='ocrx_word' id='word_1_546' title='bbox 1861 1051 1940 1084; x_wconf 64' lang='lat' dir='ltr'>fasta</span> <span class='ocrx_word' id='word_1_547' title='bbox 1950 1061 2070 1087; x_wconf 84' lang='lat' dir='ltr'>contra</span> 
     </span>
     <span class='ocr_line' id='line_1_84' title="bbox 1180 1099 2068 1145; baseline 0.001 -10"><span class='ocrx_word' id='word_1_548' title='bbox 1180 1101 1429 1145; x_wconf 86' lang='lat' dir='ltr'>Apollinarium</span> <span class='ocrx_word' id='word_1_549' title='bbox 1451 1099 1676 1134; x_wconf 83' lang='lat' dir='ltr'>additamenta</span> <span class='ocrx_word' id='word_1_550' title='bbox 1688 1124 1700 1140; x_wconf 93' lang='lat'>,</span> <span class='ocrx_word' id='word_1_551' title='bbox 1725 1108 1827 1144; x_wconf 87' lang='lat' dir='ltr'>atque</span> <span class='ocrx_word' id='word_1_552' title='bbox 1837 1099 1882 1133; x_wconf 90' lang='lat' dir='ltr'>ita</span> <span class='ocrx_word' id='word_1_553' title='bbox 1893 1099 1952 1133; x_wconf 90' lang='lat' dir='ltr'>sub</span> <span class='ocrx_word' id='word_1_554' title='bbox 1965 1102 2068 1137; x_wconf 89' lang='lat' dir='ltr'>ambi-</span> 
     </span>
     <span class='ocr_line' id='line_1_85' title="bbox 1178 1148 2075 1197; baseline -0.001 -12"><span class='ocrx_word' id='word_1_555' title='bbox 1178 1152 1253 1197; x_wconf 87' lang='lat' dir='ltr'>guis</span> <span class='ocrx_word' id='word_1_556' title='bbox 1272 1151 1307 1186; x_wconf 87' lang='lat'>&amp;</span> <span class='ocrx_word' id='word_1_557' title='bbox 1320 1149 1548 1185; x_wconf 79' lang='lat' dir='ltr'>ambi-dextris</span> <span class='ocrx_word' id='word_1_558' title='bbox 1560 1149 1692 1185; x_wconf 85' lang='lat' dir='ltr'>Nicaeni</span> <span class='ocrx_word' id='word_1_559' title='bbox 1712 1148 1866 1194; x_wconf 84' lang='lat' dir='ltr'>symboli</span> <span class='ocrx_word' id='word_1_560' title='bbox 1890 1148 1996 1184; x_wconf 90' lang='lat' dir='ltr'>verbis</span> <span class='ocrx_word' id='word_1_561' title='bbox 2008 1150 2075 1191; x_wconf 74' lang='lat' dir='ltr'>siu·¹</span> 
     </span>
     <span class='ocr_line' id='line_1_86' title="bbox 1178 1199 2072 1243; baseline -0.004 -6"><span class='ocrx_word' id='word_1_562' title='bbox 1178 1202 1277 1237; x_wconf 87' lang='lat' dir='ltr'>debat</span> <span class='ocrx_word' id='word_1_563' title='bbox 1298 1202 1388 1235; x_wconf 89' lang='lat' dir='ltr'>suam</span> <span class='ocrx_word' id='word_1_564' title='bbox 1401 1200 1524 1243; x_wconf 89' lang='lat' dir='ltr'>lepram</span> <span class='ocrx_word' id='word_1_565' title='bbox 1546 1200 1733 1236; x_wconf 79' lang='lat' dir='ltr'>occultare.</span> <span class='ocrx_word' id='word_1_566' title='bbox 1760 1200 1858 1236; x_wconf 89' lang='lat' dir='ltr'>Hinc</span> <span class='ocrx_word' id='word_1_567' title='bbox 1879 1199 2072 1234; x_wconf 44' lang='lat' dir='ltr'>omnis-(Eu-</span> 
     </span>
     <span class='ocr_line' id='line_1_87' title="bbox 1178 1249 2072 1294; baseline -0.002 -8"><span class='ocrx_word' id='word_1_568' title='bbox 1178 1250 1337 1294; x_wconf 85' lang='lat' dir='ltr'>tychiana</span> <span class='ocrx_word' id='word_1_569' title='bbox 1361 1250 1472 1285; x_wconf 69' lang='lat' dir='ltr'>Factio</span> <span class='ocrx_word' id='word_1_570' title='bbox 1506 1251 1633 1287; x_wconf 85' lang='lat' dir='ltr'>dudum</span> <span class='ocrx_word' id='word_1_571' title='bbox 1660 1251 1815 1286; x_wconf 86' lang='lat' dir='ltr'>conflixit</span> <span class='ocrx_word' id='word_1_572' title='bbox 1840 1260 1958 1286; x_wconf 86' lang='lat' dir='ltr'>contra</span> <span class='ocrx_word' id='word_1_573' title='bbox 1985 1249 2072 1284; x_wconf 85' lang='lat' dir='ltr'>isiud</span> 
     </span>
     <span class='ocr_line' id='line_1_88' title="bbox 1178 1299 2074 1345; baseline -0.003 -9"><span class='ocrx_word' id='word_1_574' title='bbox 1178 1301 1377 1345; x_wconf 86' lang='lat' dir='ltr'>Symbolum</span> <span class='ocrx_word' id='word_1_575' title='bbox 1391 1326 1398 1333; x_wconf 92' lang='lat'>.</span> <span class='ocrx_word' id='word_1_576' title='bbox 1425 1299 1530 1336; x_wconf 78' lang='lat' dir='ltr'>Porro</span> <span class='ocrx_word' id='word_1_577' title='bbox 1555 1300 1621 1337; x_wconf 90' lang='lat' dir='ltr'>hoc</span> <span class='ocrx_word' id='word_1_578' title='bbox 1632 1300 1830 1345; x_wconf 88' lang='lat' dir='ltr'>Symbolum</span> <span class='ocrx_word' id='word_1_579' title='bbox 1849 1301 1951 1337; x_wconf 89' lang='lat' dir='ltr'>etiam</span> <span class='ocrx_word' id='word_1_580' title='bbox 1972 1299 2074 1334; x_wconf 87' lang='lat' dir='ltr'>hodie</span> 
     </span>
     <span class='ocr_line' id='line_1_89' title="bbox 1179 1350 2074 1397; baseline -0.003 -10"><span class='ocrx_word' id='word_1_581' title='bbox 1179 1352 1381 1397; x_wconf 83' lang='lat' dir='ltr'>quandoque</span> <span class='ocrx_word' id='word_1_582' title='bbox 1407 1351 1582 1386; x_wconf 84' lang='lat' dir='ltr'>Nicaenum</span> <span class='ocrx_word' id='word_1_583' title='bbox 1618 1353 1802 1395; x_wconf 87' lang='lat' dir='ltr'>appellatur</span> <span class='ocrx_word' id='word_1_584' title='bbox 1826 1376 1836 1392; x_wconf 89' lang='lat'>,</span> <span class='ocrx_word' id='word_1_585' title='bbox 1873 1350 2074 1394; x_wconf 85' lang='lat' dir='ltr'>quandoque</span> 
     </span>
     <span class='ocr_line' id='line_1_90' title="bbox 1181 1399 2073 1447; baseline -0.002 -11"><span class='ocrx_word' id='word_1_586' title='bbox 1181 1402 1615 1447; x_wconf 85' lang='lat' dir='ltr'>Constantinopolitanum.</span> <span class='ocrx_word' id='word_1_587' title='bbox 1647 1401 1804 1446; x_wconf 86' lang='lat' dir='ltr'>Utraque</span> <span class='ocrx_word' id='word_1_588' title='bbox 1823 1401 2003 1447; x_wconf 86' lang='lat' dir='ltr'>appellatio</span> <span class='ocrx_word' id='word_1_589' title='bbox 2025 1399 2073 1435; x_wconf 89' lang='lat' dir='ltr'>est</span> 
     </span>
     <span class='ocr_line' id='line_1_91' title="bbox 1178 1451 2074 1496; baseline -0.002 -10"><span class='ocrx_word' id='word_1_590' title='bbox 1178 1452 1268 1496; x_wconf 72' lang='lat' dir='ltr'>aequc</span> <span class='ocrx_word' id='word_1_591' title='bbox 1290 1454 1414 1488; x_wconf 87' lang='lat' dir='ltr'>famosa</span> <span class='ocrx_word' id='word_1_592' title='bbox 1426 1478 1434 1487; x_wconf 91' lang='lat'><strong>.</strong></span> <span class='ocrx_word' id='word_1_593' title='bbox 1470 1451 1636 1489; x_wconf 80' lang='lat' dir='ltr'>Posterior</span> <span class='ocrx_word' id='word_1_594' title='bbox 1654 1452 1689 1486; x_wconf 88' lang='lat' dir='ltr'>in</span> <span class='ocrx_word' id='word_1_595' title='bbox 1701 1452 1936 1488; x_wconf 89' lang='lat' dir='ltr'>additamentis</span> <span class='ocrx_word' id='word_1_596' title='bbox 1949 1476 1961 1491; x_wconf 86' lang='lat'>‚</span> <span class='ocrx_word' id='word_1_597' title='bbox 1985 1452 2074 1494; x_wconf 82' lang='lat' dir='ltr'>prior</span> 
     </span>
     <span class='ocr_line' id='line_1_92' title="bbox 1179 1499 2075 1539; baseline -0.002 -2"><span class='ocrx_word' id='word_1_598' title='bbox 1179 1503 1336 1538; x_wconf 88' lang='lat' dir='ltr'>fundatur</span> <span class='ocrx_word' id='word_1_599' title='bbox 1349 1505 1384 1538; x_wconf 90' lang='lat' dir='ltr'>in</span> <span class='ocrx_word' id='word_1_600' title='bbox 1403 1503 1511 1538; x_wconf 80' lang='lat' dir='ltr'>radice</span> <span class='ocrx_word' id='word_1_601' title='bbox 1523 1528 1531 1537; x_wconf 87' lang='lat'>.</span> <span class='ocrx_word' id='word_1_602' title='bbox 1558 1504 1685 1539; x_wconf 87' lang='lat' dir='ltr'>Eadem</span> <span class='ocrx_word' id='word_1_603' title='bbox 1700 1503 1746 1538; x_wconf 86' lang='lat' dir='ltr'>est</span> <span class='ocrx_word' id='word_1_604' title='bbox 1768 1504 1855 1539; x_wconf 85' lang='lat' dir='ltr'>ratio</span> <span class='ocrx_word' id='word_1_605' title='bbox 1867 1499 2075 1537; x_wconf 68' lang='lat' dir='ltr'>Antiocheni</span> 
     </span>
     <span class='ocr_line' id='line_1_93' title="bbox 1178 1552 1789 1597; baseline -0.003 -8"><span class='ocrx_word' id='word_1_606' title='bbox 1178 1552 1355 1597; x_wconf 86' lang='lat' dir='ltr'>Symboli.</span> <span class='ocrx_word' id='word_1_607' title='bbox 1385 1553 1518 1588; x_wconf 84' lang='lat' dir='ltr'>Dicitur</span> <span class='ocrx_word' id='word_1_608' title='bbox 1543 1555 1789 1589; x_wconf 81' lang='lat' dir='ltr'>&amp;Nicaenum.</span> 
     </span>
    </p>

    <p class='ocr_par' dir='ltr' id='par_1_7' title="bbox 1175 1598 2078 3398">
     <span class='ocr_line' id='line_1_94' title="bbox 1227 1598 2076 1649; baseline -0.005 -11"><span class='ocrx_word' id='word_1_609' title='bbox 1227 1604 1281 1638; x_wconf 82' lang='lat' dir='ltr'>Ex</span> <span class='ocrx_word' id='word_1_610' title='bbox 1308 1603 1363 1638; x_wconf 83' lang='lat' dir='ltr'>his</span> <span class='ocrx_word' id='word_1_611' title='bbox 1390 1606 1494 1649; x_wconf 87' lang='lat' dir='ltr'>surgit</span> <span class='ocrx_word' id='word_1_612' title='bbox 1525 1605 1560 1638; x_wconf 72' lang='grc' dir='ltr'>ὃς</span> <span class='ocrx_word' id='word_1_613' title='bbox 1581 1605 1645 1638; x_wconf 88' lang='lat' dir='ltr'>alia</span> <span class='ocrx_word' id='word_1_614' title='bbox 1679 1605 1814 1648; x_wconf 80' lang='lat' dir='ltr'>quaestio</span> <span class='ocrx_word' id='word_1_615' title='bbox 1839 1615 1847 1635; x_wconf 73' lang='grc' dir='ltr'><strong><em>ε</em></strong></span> <span class='ocrx_word' id='word_1_616' title='bbox 1887 1598 2076 1649; x_wconf 73' lang='lat' dir='ltr'>Qomodo</span> 
     </span>
     <span class='ocr_line' id='line_1_95' title="bbox 1178 1651 2075 1697; baseline -0.006 -8"><span class='ocrx_word' id='word_1_617' title='bbox 1178 1654 1594 1697; x_wconf 85' lang='lat' dir='ltr'>Constantinopolitanum</span> <span class='ocrx_word' id='word_1_618' title='bbox 1630 1654 1831 1696; x_wconf 89' lang='lat' dir='ltr'>Symbolum</span> <span class='ocrx_word' id='word_1_619' title='bbox 1857 1652 1987 1687; x_wconf 86' lang='lat' dir='ltr'>dicatur</span> <span class='ocrx_word' id='word_1_620' title='bbox 2009 1651 2075 1685; x_wconf 83' lang='lat' dir='ltr'>effe</span> 
     </span>
     <span class='ocr_line' id='line_1_96' title="bbox 1177 1700 2075 1751; baseline -0.006 -13"><span class='ocrx_word' id='word_1_621' title='bbox 1177 1705 1195 1738; x_wconf 73' lang='lat' dir='ltr'>a</span> <span class='ocrx_word' id='word_1_622' title='bbox 1207 1703 1585 1747; x_wconf 84' lang='lat' dir='ltr'>Constantinopolitana</span> <span class='ocrx_word' id='word_1_623' title='bbox 1607 1704 1745 1745; x_wconf 91' lang='lat' dir='ltr'>Synodo</span> <span class='ocrx_word' id='word_1_624' title='bbox 1762 1703 1779 1735; x_wconf 66' lang='grc' dir='ltr'><em>ἒ</em></span> <span class='ocrx_word' id='word_1_625' title='bbox 1806 1701 1997 1751; x_wconf 74' lang='lat' dir='ltr'>Qomodo</span> <span class='ocrx_word' id='word_1_626' title='bbox 2007 1700 2075 1734; x_wconf 83' lang='lat' dir='ltr'>haec</span> 
     </span>
     <span class='ocr_line' id='line_1_97' title="bbox 1176 1752 2077 1799; baseline -0.006 -10"><span class='ocrx_word' id='word_1_627' title='bbox 1176 1754 1332 1799; x_wconf 90' lang='lat' dir='ltr'>Synodus</span> <span class='ocrx_word' id='word_1_628' title='bbox 1352 1753 1481 1789; x_wconf 87' lang='lat' dir='ltr'>dicatur</span> <span class='ocrx_word' id='word_1_629' title='bbox 1501 1753 1676 1788; x_wconf 81' lang='lat' dir='ltr'>discuffiffe</span> <span class='ocrx_word' id='word_1_630' title='bbox 1707 1754 1798 1789; x_wconf 87' lang='lat' dir='ltr'>varia</span> <span class='ocrx_word' id='word_1_631' title='bbox 1824 1756 1866 1788; x_wconf 92' lang='lat' dir='ltr'>ad</span> <span class='ocrx_word' id='word_1_632' title='bbox 1899 1752 2077 1787; x_wconf 83' lang='lat' dir='ltr'>Nicaenum</span> 
     </span>
     <span class='ocr_line' id='line_1_98' title="bbox 1177 1803 2078 1848; baseline -0.004 -8"><span class='ocrx_word' id='word_1_633' title='bbox 1177 1805 1377 1848; x_wconf 87' lang='lat' dir='ltr'>Symbolum</span> <span class='ocrx_word' id='word_1_634' title='bbox 1401 1803 1627 1839; x_wconf 85' lang='lat' dir='ltr'>additamenta</span> <span class='ocrx_word' id='word_1_635' title='bbox 1651 1829 1663 1844; x_wconf 91' lang='lat'>‚</span> <span class='ocrx_word' id='word_1_636' title='bbox 1686 1804 1820 1848; x_wconf 77' lang='lat' dir='ltr'>elegisse</span> <span class='ocrx_word' id='word_1_637' title='bbox 1842 1804 1982 1838; x_wconf 90' lang='lat' dir='ltr'>meliora</span> <span class='ocrx_word' id='word_1_638' title='bbox 2005 1826 2017 1843; x_wconf 89' lang='lat'>‚</span> <span class='ocrx_word' id='word_1_639' title='bbox 2039 1813 2078 1836; x_wconf 83' lang='lat' dir='ltr'>ac</span> 
     </span>
     <span class='ocr_line' id='line_1_99' title="bbox 1177 1852 2078 1896; baseline -0.003 -8"><span class='ocrx_word' id='word_1_640' title='bbox 1177 1866 1219 1888; x_wconf 80' lang='lat' dir='ltr'>ex</span> <span class='ocrx_word' id='word_1_641' title='bbox 1240 1854 1314 1896; x_wconf 85' lang='lat' dir='ltr'>ipfis</span> <span class='ocrx_word' id='word_1_642' title='bbox 1345 1853 1500 1888; x_wconf 76' lang='lat' dir='ltr'>conflasse</span> <span class='ocrx_word' id='word_1_643' title='bbox 1523 1854 1619 1887; x_wconf 87' lang='lat' dir='ltr'>suurn</span> <span class='ocrx_word' id='word_1_644' title='bbox 1642 1853 1870 1895; x_wconf 85' lang='lat' dir='ltr'>Symbolum?</span> <span class='ocrx_word' id='word_1_645' title='bbox 1894 1852 2078 1886; x_wconf 88' lang='lat' dir='ltr'>Rationem</span> 
     </span>
     <span class='ocr_line' id='line_1_100' title="bbox 1178 1899 2077 1946; baseline -0.002 -9"><span class='ocrx_word' id='word_1_646' title='bbox 1178 1902 1352 1938; x_wconf 87' lang='lat' dir='ltr'>dubitandi</span> <span class='ocrx_word' id='word_1_647' title='bbox 1374 1903 1452 1936; x_wconf 85' lang='lat' dir='ltr'>facit</span> <span class='ocrx_word' id='word_1_648' title='bbox 1465 1902 1600 1936; x_wconf 65' lang='lat' dir='ltr'>Sanctus</span> <span class='ocrx_word' id='word_1_649' title='bbox 1616 1899 1843 1946; x_wconf 87' lang='lat' dir='ltr'>Epiphanius,</span> <span class='ocrx_word' id='word_1_650' title='bbox 1864 1903 1900 1937; x_wconf 92' lang='lat' dir='ltr'>in</span> <span class='ocrx_word' id='word_1_651' title='bbox 1911 1900 2077 1937; x_wconf 86' lang='lat' dir='ltr'>anchora·-</span> 
     </span>
     <span class='ocr_line' id='line_1_101' title="bbox 1178 1949 2078 1994; baseline -0.003 -7"><span class='ocrx_word' id='word_1_652' title='bbox 1178 1964 1216 1987; x_wconf 87' lang='lat' dir='ltr'>to</span> <span class='ocrx_word' id='word_1_653' title='bbox 1227 1951 1312 1987; x_wconf 92' lang='lat' dir='ltr'>libro</span> <span class='ocrx_word' id='word_1_654' title='bbox 1334 1952 1422 1986; x_wconf 86' lang='lat' dir='ltr'>istud</span> <span class='ocrx_word' id='word_1_655' title='bbox 1436 1951 1636 1994; x_wconf 88' lang='lat' dir='ltr'>Symbolum</span> <span class='ocrx_word' id='word_1_656' title='bbox 1662 1951 1828 1986; x_wconf 90' lang='lat' dir='ltr'>adducens</span> <span class='ocrx_word' id='word_1_657' title='bbox 1845 1952 1886 1986; x_wconf 89' lang='lat' dir='ltr'>de</span> <span class='ocrx_word' id='word_1_658' title='bbox 1910 1952 2011 1986; x_wconf 90' lang='lat' dir='ltr'>verbo</span> <span class='ocrx_word' id='word_1_659' title='bbox 2035 1949 2078 1985; x_wconf 89' lang='lat' dir='ltr'>ad</span> 
     </span>
     <span class='ocr_line' id='line_1_102' title="bbox 1177 1999 2078 2044; baseline -0.003 -7"><span class='ocrx_word' id='word_1_660' title='bbox 1177 2001 1335 2043; x_wconf 87' lang='lat' dir='ltr'>verbum,</span> <span class='ocrx_word' id='word_1_661' title='bbox 1361 2001 1591 2044; x_wconf 82' lang='lat' dir='ltr'>&amp;adjungens</span> <span class='ocrx_word' id='word_1_662' title='bbox 1615 2000 1682 2035; x_wconf 86' lang='lat' dir='ltr'>haec</span> <span class='ocrx_word' id='word_1_663' title='bbox 1704 2003 1722 2035; x_wconf 74' lang='lat' dir='ltr'>a</span> <span class='ocrx_word' id='word_1_664' title='bbox 1743 2003 1777 2035; x_wconf 90' lang='lat' dir='ltr'>se</span> <span class='ocrx_word' id='word_1_665' title='bbox 1810 2001 1906 2035; x_wconf 86' lang='lat' dir='ltr'>scribi</span> <span class='ocrx_word' id='word_1_666' title='bbox 1928 1999 1969 2036; x_wconf 89' lang='lat' dir='ltr'>ad</span> <span class='ocrx_word' id='word_1_667' title='bbox 1984 2001 2078 2035; x_wconf 74' lang='lat' dir='ltr'>deci-</span> 
     </span>
     <span class='ocr_line' id='line_1_103' title="bbox 1177 2050 2078 2092; baseline 0.003 -9"><span class='ocrx_word' id='word_1_668' title='bbox 1177 2061 1270 2085; x_wconf 88' lang='lat' dir='ltr'>mum</span> <span class='ocrx_word' id='word_1_669' title='bbox 1284 2061 1409 2084; x_wconf 88' lang='lat' dir='ltr'>annum</span> <span class='ocrx_word' id='word_1_670' title='bbox 1426 2050 1662 2085; x_wconf 87' lang='lat' dir='ltr'>Valentiniani</span> <span class='ocrx_word' id='word_1_671' title='bbox 1687 2062 1724 2085; x_wconf 92' lang='lat' dir='ltr'>ac</span> <span class='ocrx_word' id='word_1_672' title='bbox 1739 2050 1894 2086; x_wconf 85' lang='lat' dir='ltr'>Valentis</span> <span class='ocrx_word' id='word_1_673' title='bbox 1910 2076 1920 2092; x_wconf 91' lang='lat'>‚</span> <span class='ocrx_word' id='word_1_674' title='bbox 1947 2052 2078 2086; x_wconf 85' lang='lat' dir='ltr'>sextum</span> 
     </span>
     <span class='ocr_line' id='line_1_104' title="bbox 1175 2101 2077 2146; baseline 0.001 -11"><span class='ocrx_word' id='word_1_675' title='bbox 1175 2101 1355 2143; x_wconf 88' lang='lat' dir='ltr'>Gratiani,</span> <span class='ocrx_word' id='word_1_676' title='bbox 1383 2101 1440 2145; x_wconf 88' lang='lat' dir='ltr'>qui</span> <span class='ocrx_word' id='word_1_677' title='bbox 1464 2101 1701 2136; x_wconf 70' lang='lat' dir='ltr'>aDiocletiani</span> <span class='ocrx_word' id='word_1_678' title='bbox 1716 2102 1861 2146; x_wconf 78' lang='lat' dir='ltr'>imperio</span> <span class='ocrx_word' id='word_1_679' title='bbox 1887 2113 1952 2136; x_wconf 86' lang='lat' dir='ltr'>erat</span> <span class='ocrx_word' id='word_1_680' title='bbox 1967 2113 2077 2136; x_wconf 62' lang='lat' dir='ltr'>nona-</span> 
     </span>
     <span class='ocr_line' id='line_1_105' title="bbox 1175 2149 2077 2197; baseline 0.002 -13"><span class='ocrx_word' id='word_1_681' title='bbox 1175 2150 1337 2196; x_wconf 89' lang='lat' dir='ltr'>gesimus,</span> <span class='ocrx_word' id='word_1_682' title='bbox 1363 2152 1470 2195; x_wconf 87' lang='lat' dir='ltr'>quarti</span> <span class='ocrx_word' id='word_1_683' title='bbox 1485 2149 1666 2186; x_wconf 84' lang='lat' dir='ltr'>Christiani</span> <span class='ocrx_word' id='word_1_684' title='bbox 1694 2153 1796 2186; x_wconf 83' lang='lat' dir='ltr'>saeculi</span> <span class='ocrx_word' id='word_1_685' title='bbox 1822 2153 2077 2197; x_wconf 87' lang='lat' dir='ltr'>septuagesimus</span> 
     </span>
     <span class='ocr_line' id='line_1_106' title="bbox 1175 2199 2073 2245; baseline 0.001 -10"><span class='ocrx_word' id='word_1_686' title='bbox 1175 2201 1290 2235; x_wconf 86' lang='lat' dir='ltr'>tertius</span> <span class='ocrx_word' id='word_1_687' title='bbox 1307 2227 1314 2234; x_wconf 91' lang='lat'><strong>.</strong></span> <span class='ocrx_word' id='word_1_688' title='bbox 1340 2199 1389 2235; x_wconf 86' lang='lat' dir='ltr'>At</span> <span class='ocrx_word' id='word_1_689' title='bbox 1412 2201 1491 2235; x_wconf 68' lang='lat' dir='ltr'>vero</span> <span class='ocrx_word' id='word_1_690' title='bbox 1514 2202 1890 2245; x_wconf 85' lang='lat' dir='ltr'>Constantinopolitana</span> <span class='ocrx_word' id='word_1_691' title='bbox 1917 2201 2073 2245; x_wconf 87' lang='lat' dir='ltr'>Synodus</span> 
     </span>
     <span class='ocr_line' id='line_1_107' title="bbox 1176 2250 2075 2297; baseline 0 -12"><span class='ocrx_word' id='word_1_692' title='bbox 1176 2252 1336 2286; x_wconf 89' lang='lat' dir='ltr'>convenit</span> <span class='ocrx_word' id='word_1_693' title='bbox 1360 2251 1454 2285; x_wconf 87' lang='lat' dir='ltr'>istius</span> <span class='ocrx_word' id='word_1_694' title='bbox 1474 2250 1578 2285; x_wconf 84' lang='lat' dir='ltr'>saeculi</span> <span class='ocrx_word' id='word_1_695' title='bbox 1604 2262 1695 2286; x_wconf 90' lang='lat' dir='ltr'>anno</span> <span class='ocrx_word' id='word_1_696' title='bbox 1715 2253 1920 2297; x_wconf 68' lang='lat' dir='ltr'>oetogefimo</span> <span class='ocrx_word' id='word_1_697' title='bbox 1944 2253 2051 2295; x_wconf 88' lang='lat' dir='ltr'>primo</span> <span class='ocrx_word' id='word_1_698' title='bbox 2066 2277 2075 2285; x_wconf 87' lang='lat'><strong>.</strong></span> 
     </span>
     <span class='ocr_line' id='line_1_108' title="bbox 1178 2299 2076 2349; baseline 0.001 -14"><span class='ocrx_word' id='word_1_699' title='bbox 1178 2299 1365 2349; x_wconf 73' lang='lat' dir='ltr'>Qomodo</span> <span class='ocrx_word' id='word_1_700' title='bbox 1377 2301 1477 2346; x_wconf 85' lang='lat' dir='ltr'>igitur</span> <span class='ocrx_word' id='word_1_701' title='bbox 1498 2300 1584 2335; x_wconf 81' lang='lat' dir='ltr'>istud</span> <span class='ocrx_word' id='word_1_702' title='bbox 1604 2300 1802 2344; x_wconf 89' lang='lat' dir='ltr'>Symbolum</span> <span class='ocrx_word' id='word_1_703' title='bbox 1822 2303 1918 2345; x_wconf 87' lang='lat' dir='ltr'>poffit</span> <span class='ocrx_word' id='word_1_704' title='bbox 1944 2302 2007 2336; x_wconf 78' lang='lat' dir='ltr'>esse</span> <span class='ocrx_word' id='word_1_705' title='bbox 2032 2302 2076 2337; x_wconf 89' lang='lat' dir='ltr'>ab</span> 
     </span>
     <span class='ocr_line' id='line_1_109' title="bbox 1179 2351 2075 2397; baseline 0.001 -12"><span class='ocrx_word' id='word_1_706' title='bbox 1179 2352 1238 2386; x_wconf 86' lang='lat' dir='ltr'>ista</span> <span class='ocrx_word' id='word_1_707' title='bbox 1260 2351 1399 2395; x_wconf 88' lang='lat' dir='ltr'>Synodo</span> <span class='ocrx_word' id='word_1_708' title='bbox 1420 2353 1433 2386; x_wconf 69' lang='grc' dir='ltr'>ἒ</span> <span class='ocrx_word' id='word_1_709' title='bbox 1461 2351 1663 2395; x_wconf 88' lang='lat' dir='ltr'>Respondeo</span> <span class='ocrx_word' id='word_1_710' title='bbox 1690 2352 1725 2386; x_wconf 89' lang='lat' dir='ltr'>in</span> <span class='ocrx_word' id='word_1_711' title='bbox 1749 2352 1812 2388; x_wconf 87' lang='lat' dir='ltr'>isto</span> <span class='ocrx_word' id='word_1_712' title='bbox 1838 2351 2075 2397; x_wconf 87' lang='lat' dir='ltr'>Epiphaniano</span> 
     </span>
     <span class='ocr_line' id='line_1_110' title="bbox 1180 2399 2071 2447; baseline 0.002 -13"><span class='ocrx_word' id='word_1_713' title='bbox 1180 2401 1343 2442; x_wconf 90' lang='lat' dir='ltr'>Symbolo</span> <span class='ocrx_word' id='word_1_714' title='bbox 1354 2399 1490 2444; x_wconf 88' lang='lat' dir='ltr'>quidem</span> <span class='ocrx_word' id='word_1_715' title='bbox 1502 2402 1665 2436; x_wconf 89' lang='lat' dir='ltr'>contineri</span> <span class='ocrx_word' id='word_1_716' title='bbox 1676 2403 1791 2437; x_wconf 88' lang='lat' dir='ltr'>omnia</span> <span class='ocrx_word' id='word_1_717' title='bbox 1815 2403 1881 2437; x_wconf 76' lang='lat' dir='ltr'>fere</span> <span class='ocrx_word' id='word_1_718' title='bbox 1892 2415 1929 2437; x_wconf 89' lang='lat' dir='ltr'>ac</span> <span class='ocrx_word' id='word_1_719' title='bbox 1942 2402 2071 2447; x_wconf 85' lang='lat' dir='ltr'>singula</span> 
     </span>
     <span class='ocr_line' id='line_1_111' title="bbox 1181 2449 2075 2493; baseline 0.003 -11"><span class='ocrx_word' id='word_1_720' title='bbox 1181 2449 1548 2493; x_wconf 75' lang='lat' dir='ltr'>constantinopolitani</span> <span class='ocrx_word' id='word_1_721' title='bbox 1570 2450 1689 2491; x_wconf 89' lang='lat' dir='ltr'>verba,</span> <span class='ocrx_word' id='word_1_722' title='bbox 1716 2462 1861 2486; x_wconf 88' lang='lat' dir='ltr'>attamen</span> <span class='ocrx_word' id='word_1_723' title='bbox 1887 2464 1954 2486; x_wconf 89' lang='lat' dir='ltr'>non</span> <span class='ocrx_word' id='word_1_724' title='bbox 1978 2452 2046 2485; x_wconf 88' lang='lat' dir='ltr'>sola</span> <span class='ocrx_word' id='word_1_725' title='bbox 2067 2464 2075 2485; x_wconf 78' lang='lat' dir='ltr'>z</span> 
     </span>
     <span class='ocr_line' id='line_1_112' title="bbox 1183 2498 2074 2545; baseline 0.003 -13"><span class='ocrx_word' id='word_1_726' title='bbox 1183 2499 1239 2532; x_wconf 83' lang='lat' dir='ltr'>Est</span> <span class='ocrx_word' id='word_1_727' title='bbox 1263 2498 1384 2544; x_wconf 88' lang='lat' dir='ltr'>largius</span> <span class='ocrx_word' id='word_1_728' title='bbox 1406 2510 1443 2534; x_wconf 87' lang='lat' dir='ltr'>ac</span> <span class='ocrx_word' id='word_1_729' title='bbox 1456 2498 1697 2534; x_wconf 83' lang='lat' dir='ltr'>abundantius.</span> <span class='ocrx_word' id='word_1_730' title='bbox 1724 2500 1814 2535; x_wconf 89' lang='lat' dir='ltr'>Istud</span> <span class='ocrx_word' id='word_1_731' title='bbox 1837 2500 1882 2534; x_wconf 91' lang='lat' dir='ltr'>est</span> <span class='ocrx_word' id='word_1_732' title='bbox 1905 2500 2074 2545; x_wconf 88' lang='lat' dir='ltr'>quoddam</span> 
     </span>
     <span class='ocr_line' id='line_1_113' title="bbox 1182 2549 2074 2593; baseline 0.002 -9"><span class='ocrx_word' id='word_1_733' title='bbox 1182 2549 1276 2593; x_wconf 81' lang='lat' dir='ltr'>hujus</span> <span class='ocrx_word' id='word_1_734' title='bbox 1303 2549 1496 2584; x_wconf 65' lang='lat' dir='ltr'>Extrastum</span> <span class='ocrx_word' id='word_1_735' title='bbox 1522 2575 1529 2581; x_wconf 94' lang='lat'><em>.</em></span> <span class='ocrx_word' id='word_1_736' title='bbox 1558 2549 1720 2584; x_wconf 86' lang='lat' dir='ltr'>Attamen</span> <span class='ocrx_word' id='word_1_737' title='bbox 1762 2550 1804 2584; x_wconf 84' lang='lat' dir='ltr'>ad</span> <span class='ocrx_word' id='word_1_738' title='bbox 1830 2551 2006 2586; x_wconf 87' lang='lat' dir='ltr'>articulum</span> <span class='ocrx_word' id='word_1_739' title='bbox 2031 2550 2074 2586; x_wconf 86' lang='lat' dir='ltr'>de</span> 
     </span>
     <span class='ocr_line' id='line_1_114' title="bbox 1184 2598 2075 2647; baseline 0.003 -14"><span class='ocrx_word' id='word_1_740' title='bbox 1184 2599 1326 2634; x_wconf 85' lang='lat' dir='ltr'>Ecclesia</span> <span class='ocrx_word' id='word_1_741' title='bbox 1352 2598 1480 2633; x_wconf 87' lang='lat' dir='ltr'>addidit</span> <span class='ocrx_word' id='word_1_742' title='bbox 1515 2610 1522 2630; x_wconf 74' lang='grc' dir='ltr'><em>ι</em></span> <span class='ocrx_word' id='word_1_743' title='bbox 1551 2599 1695 2632; x_wconf 71' lang='lat' dir='ltr'>sanc‘lam</span> <span class='ocrx_word' id='word_1_744' title='bbox 1717 2624 1725 2632; x_wconf 87' lang='lat'><strong>.</strong></span> <span class='ocrx_word' id='word_1_745' title='bbox 1756 2598 1842 2647; x_wconf 84' lang='lat' dir='ltr'>Qis</span> <span class='ocrx_word' id='word_1_746' title='bbox 1868 2601 1927 2635; x_wconf 88' lang='lat' dir='ltr'>ista</span> <span class='ocrx_word' id='word_1_747' title='bbox 1948 2601 2075 2636; x_wconf 86' lang='lat' dir='ltr'>addita-</span> 
     </span>
     <span class='ocr_line' id='line_1_115' title="bbox 1182 2648 2075 2694; baseline 0.002 -9"><span class='ocrx_word' id='word_1_748' title='bbox 1182 2661 1292 2685; x_wconf 88' lang='lat' dir='ltr'>menta</span> <span class='ocrx_word' id='word_1_749' title='bbox 1313 2649 1437 2693; x_wconf 87' lang='lat' dir='ltr'>primus</span> <span class='ocrx_word' id='word_1_750' title='bbox 1468 2648 1581 2682; x_wconf 85' lang='lat' dir='ltr'>fecerit</span> <span class='ocrx_word' id='word_1_751' title='bbox 1602 2673 1612 2689; x_wconf 93' lang='lat'>‚</span> <span class='ocrx_word' id='word_1_752' title='bbox 1642 2649 1762 2694; x_wconf 89' lang='lat' dir='ltr'>ignoro</span> <span class='ocrx_word' id='word_1_753' title='bbox 1785 2674 1792 2681; x_wconf 89' lang='lat'><strong>.</strong></span> <span class='ocrx_word' id='word_1_754' title='bbox 1819 2650 1885 2685; x_wconf 87' lang='lat' dir='ltr'>Isto</span> <span class='ocrx_word' id='word_1_755' title='bbox 1911 2652 2075 2694; x_wconf 87' lang='lat' dir='ltr'>symbolo</span> 
     </span>
     <span class='ocr_line' id='line_1_116' title="bbox 1182 2697 2075 2745; baseline 0.003 -11"><span class='ocrx_word' id='word_1_756' title='bbox 1182 2699 1268 2734; x_wconf 87' lang='lat' dir='ltr'>haud</span> <span class='ocrx_word' id='word_1_757' title='bbox 1281 2698 1382 2733; x_wconf 77' lang='lat' dir='ltr'>dubie</span> <span class='ocrx_word' id='word_1_758' title='bbox 1392 2697 1544 2733; x_wconf 90' lang='lat' dir='ltr'>utebatur</span> <span class='ocrx_word' id='word_1_759' title='bbox 1555 2698 1757 2743; x_wconf 89' lang='lat' dir='ltr'>Cypriorum</span> <span class='ocrx_word' id='word_1_760' title='bbox 1781 2700 1946 2742; x_wconf 89' lang='lat' dir='ltr'>Ecclesia,</span> <span class='ocrx_word' id='word_1_761' title='bbox 1975 2711 2075 2745; x_wconf 88' lang='lat' dir='ltr'>atque</span> 
     </span>
     <span class='ocr_line' id='line_1_117' title="bbox 1185 2748 2077 2795; baseline 0.001 -9"><span class='ocrx_word' id='word_1_762' title='bbox 1185 2752 1230 2787; x_wconf 89' lang='lat' dir='ltr'>ita</span> <span class='ocrx_word' id='word_1_763' title='bbox 1244 2748 1498 2785; x_wconf 88' lang='lat' dir='ltr'>Antiochenum</span> <span class='ocrx_word' id='word_1_764' title='bbox 1522 2761 1590 2783; x_wconf 88' lang='lat' dir='ltr'>non</span> <span class='ocrx_word' id='word_1_765' title='bbox 1605 2749 1714 2795; x_wconf 85' lang='lat' dir='ltr'>viguit</span> <span class='ocrx_word' id='word_1_766' title='bbox 1724 2761 1780 2793; x_wconf 87' lang='lat' dir='ltr'>per</span> <span class='ocrx_word' id='word_1_767' title='bbox 1790 2762 1926 2787; x_wconf 89' lang='lat' dir='ltr'>omnem</span> <span class='ocrx_word' id='word_1_768' title='bbox 1938 2751 2077 2787; x_wconf 85' lang='lat' dir='ltr'>Patriar-</span> 
     </span>
     <span class='ocr_line' id='line_1_118' title="bbox 1183 2799 2074 2846; baseline -0.001 -9"><span class='ocrx_word' id='word_1_769' title='bbox 1183 2801 1318 2837; x_wconf 89' lang='lat' dir='ltr'>chatum</span> <span class='ocrx_word' id='word_1_770' title='bbox 1342 2825 1349 2832; x_wconf 94' lang='lat'><strong>.</strong></span> <span class='ocrx_word' id='word_1_771' title='bbox 1392 2799 1768 2844; x_wconf 85' lang='lat' dir='ltr'>Constantinopolitana</span> <span class='ocrx_word' id='word_1_772' title='bbox 1792 2801 1894 2846; x_wconf 88' lang='lat' dir='ltr'>igitur</span> <span class='ocrx_word' id='word_1_773' title='bbox 1918 2802 2074 2845; x_wconf 90' lang='lat' dir='ltr'>Synodus</span> 
     </span>
     <span class='ocr_line' id='line_1_119' title="bbox 1186 2849 2073 2896; baseline 0.001 -11"><span class='ocrx_word' id='word_1_774' title='bbox 1186 2849 1335 2896; x_wconf 84' lang='lat' dir='ltr'>probavit</span> <span class='ocrx_word' id='word_1_775' title='bbox 1346 2849 1432 2885; x_wconf 83' lang='lat' dir='ltr'>istud</span> <span class='ocrx_word' id='word_1_776' title='bbox 1445 2849 1641 2893; x_wconf 84' lang='lat' dir='ltr'>Symbolum</span> <span class='ocrx_word' id='word_1_777' title='bbox 1654 2875 1666 2892; x_wconf 91' lang='lat'>‚</span> <span class='ocrx_word' id='word_1_778' title='bbox 1691 2852 1856 2886; x_wconf 86' lang='lat' dir='ltr'>contraxit</span> <span class='ocrx_word' id='word_1_779' title='bbox 1879 2862 1917 2884; x_wconf 90' lang='lat' dir='ltr'>ac</span> <span class='ocrx_word' id='word_1_780' title='bbox 1929 2852 2049 2895; x_wconf 87' lang='lat' dir='ltr'>polivit</span> <span class='ocrx_word' id='word_1_781' title='bbox 2061 2877 2073 2894; x_wconf 89' lang='lat'>,</span> 
     </span>
     <span class='ocr_line' id='line_1_120' title="bbox 1183 2899 2074 2945; baseline -0.001 -9"><span class='ocrx_word' id='word_1_782' title='bbox 1183 2904 1277 2936; x_wconf 88' lang='lat' dir='ltr'>suum</span> <span class='ocrx_word' id='word_1_783' title='bbox 1290 2899 1387 2942; x_wconf 88' lang='lat' dir='ltr'>fecit,</span> <span class='ocrx_word' id='word_1_784' title='bbox 1414 2900 1571 2944; x_wconf 87' lang='lat' dir='ltr'>imposuit</span> <span class='ocrx_word' id='word_1_785' title='bbox 1584 2902 1647 2935; x_wconf 90' lang='lat' dir='ltr'>toti</span> <span class='ocrx_word' id='word_1_786' title='bbox 1663 2902 1807 2936; x_wconf 86' lang='lat' dir='ltr'>Ecclesiae</span> <span class='ocrx_word' id='word_1_787' title='bbox 1818 2927 1828 2942; x_wconf 93' lang='lat'>‚</span> <span class='ocrx_word' id='word_1_788' title='bbox 1854 2910 1952 2945; x_wconf 90' lang='lat' dir='ltr'>atque</span> <span class='ocrx_word' id='word_1_789' title='bbox 1965 2902 2011 2936; x_wconf 87' lang='lat' dir='ltr'>ita</span> <span class='ocrx_word' id='word_1_790' title='bbox 2023 2902 2074 2936; x_wconf 90' lang='lat' dir='ltr'>di-</span> 
     </span>
     <span class='ocr_line' id='line_1_121' title="bbox 1182 2950 2071 2995; baseline 0 -9"><span class='ocrx_word' id='word_1_791' title='bbox 1182 2952 1213 2987; x_wconf 92' lang='lat' dir='ltr'>ci</span> <span class='ocrx_word' id='word_1_792' title='bbox 1233 2952 1333 2995; x_wconf 87' lang='lat' dir='ltr'>coepit</span> <span class='ocrx_word' id='word_1_793' title='bbox 1344 2950 1757 2995; x_wconf 83' lang='lat' dir='ltr'>Constantinopolitanum</span> <span class='ocrx_word' id='word_1_794' title='bbox 1771 2975 1778 2983; x_wconf 91' lang='lat'><strong>.</strong></span> <span class='ocrx_word' id='word_1_795' title='bbox 1806 2951 1895 2985; x_wconf 88' lang='lat' dir='ltr'>Nam</span> <span class='ocrx_word' id='word_1_796' title='bbox 1918 2952 2071 2995; x_wconf 87' lang='lat' dir='ltr'>&amp;ipsum</span> 
     </span>
     <span class='ocr_line' id='line_1_122' title="bbox 1185 3000 2071 3046; baseline 0 -10"><span class='ocrx_word' id='word_1_797' title='bbox 1185 3002 1333 3046; x_wconf 85' lang='lat' dir='ltr'>probavit</span> <span class='ocrx_word' id='word_1_798' title='bbox 1359 3002 1491 3037; x_wconf 69' lang='lat' dir='ltr'>Sanetus</span> <span class='ocrx_word' id='word_1_799' title='bbox 1509 3002 1671 3035; x_wconf 88' lang='lat' dir='ltr'>Damasus</span> <span class='ocrx_word' id='word_1_800' title='bbox 1692 3000 1872 3043; x_wconf 86' lang='lat' dir='ltr'>Pontifex,</span> <span class='ocrx_word' id='word_1_801' title='bbox 1898 3002 1931 3035; x_wconf 87' lang='lat'>&amp;</span> <span class='ocrx_word' id='word_1_802' title='bbox 1958 3004 2071 3036; x_wconf 82' lang='lat' dir='ltr'>omnis</span> 
     </span>
     <span class='ocr_line' id='line_1_123' title="bbox 1183 3049 2070 3095; baseline 0 -9"><span class='ocrx_word' id='word_1_803' title='bbox 1183 3052 1316 3087; x_wconf 87' lang='lat' dir='ltr'>tandem</span> <span class='ocrx_word' id='word_1_804' title='bbox 1339 3051 1397 3086; x_wconf 89' lang='lat' dir='ltr'>snb</span> <span class='ocrx_word' id='word_1_805' title='bbox 1416 3052 1502 3087; x_wconf 85' lang='lat' dir='ltr'>coelo</span> <span class='ocrx_word' id='word_1_806' title='bbox 1515 3050 1657 3085; x_wconf 87' lang='lat' dir='ltr'>Ecclesia</span> <span class='ocrx_word' id='word_1_807' title='bbox 1671 3076 1678 3082; x_wconf 94' lang='lat'><strong>.</strong></span> <span class='ocrx_word' id='word_1_808' title='bbox 1704 3049 1840 3095; x_wconf 78' lang='lat' dir='ltr'>Propter</span> <span class='ocrx_word' id='word_1_809' title='bbox 1861 3052 1968 3095; x_wconf 89' lang='lat' dir='ltr'>ipsum</span> <span class='ocrx_word' id='word_1_810' title='bbox 1982 3053 2070 3087; x_wconf 89' lang='lat' dir='ltr'>Con-</span> 
     </span>
     <span class='ocr_line' id='line_1_124' title="bbox 1183 3101 2071 3147; baseline 0 -11"><span class='ocrx_word' id='word_1_811' title='bbox 1183 3103 1475 3147; x_wconf 86' lang='lat' dir='ltr'>stantinopolitana</span> <span class='ocrx_word' id='word_1_812' title='bbox 1499 3101 1654 3144; x_wconf 89' lang='lat' dir='ltr'>Synodus</span> <span class='ocrx_word' id='word_1_813' title='bbox 1682 3101 1727 3134; x_wconf 84' lang='lat' dir='ltr'>est</span> <span class='ocrx_word' id='word_1_814' title='bbox 1751 3113 1817 3137; x_wconf 89' lang='lat' dir='ltr'>una</span> <span class='ocrx_word' id='word_1_815' title='bbox 1840 3101 1973 3137; x_wconf 90' lang='lat' dir='ltr'>istarum</span> <span class='ocrx_word' id='word_1_816' title='bbox 1995 3114 2071 3145; x_wconf 66' lang='lat' dir='ltr'>qua⁴</span> 
     </span>
     <span class='ocr_line' id='line_1_125' title="bbox 1184 3151 2070 3196; baseline -0.001 -8"><span class='ocrx_word' id='word_1_817' title='bbox 1184 3163 1259 3188; x_wconf 90' lang='lat' dir='ltr'>tuor</span> <span class='ocrx_word' id='word_1_818' title='bbox 1270 3178 1281 3194; x_wconf 95' lang='lat'>‚</span> <span class='ocrx_word' id='word_1_819' title='bbox 1307 3164 1387 3195; x_wconf 90' lang='lat' dir='ltr'>quas</span> <span class='ocrx_word' id='word_1_820' title='bbox 1409 3154 1444 3187; x_wconf 91' lang='lat' dir='ltr'>in</span> <span class='ocrx_word' id='word_1_821' title='bbox 1454 3151 1623 3186; x_wconf 59' lang='lat' dir='ltr'>omnibus</span> <span class='ocrx_word' id='word_1_822' title='bbox 1635 3151 1852 3188; x_wconf 84' lang='lat' dir='ltr'>Ecclesiarum</span> <span class='ocrx_word' id='word_1_823' title='bbox 1864 3152 1984 3187; x_wconf 86' lang='lat' dir='ltr'>tabulis</span> <span class='ocrx_word' id='word_1_824' title='bbox 1996 3164 2070 3196; x_wconf 45' lang='lat' dir='ltr'>praea</span> 
     </span>
     <span class='ocr_line' id='line_1_126' title="bbox 1182 3201 2069 3248; baseline -0.002 -10"><span class='ocrx_word' id='word_1_825' title='bbox 1182 3204 1284 3239; x_wconf 87' lang='lat' dir='ltr'>dicari</span> <span class='ocrx_word' id='word_1_826' title='bbox 1306 3203 1393 3246; x_wconf 85' lang='lat' dir='ltr'>juffit</span> <span class='ocrx_word' id='word_1_827' title='bbox 1415 3203 1594 3245; x_wconf 83' lang='lat' dir='ltr'>Imperator</span> <span class='ocrx_word' id='word_1_828' title='bbox 1618 3201 1841 3244; x_wconf 88' lang='lat' dir='ltr'>Justinianus,</span> <span class='ocrx_word' id='word_1_829' title='bbox 1867 3204 1900 3237; x_wconf 89' lang='lat'>&amp;</span> <span class='ocrx_word' id='word_1_830' title='bbox 1922 3203 2069 3248; x_wconf 78' lang='lat' dir='ltr'>Magnus</span> 
     </span>
     <span class='ocr_line' id='line_1_127' title="bbox 1183 3251 2069 3299; baseline -0.003 -11"><span class='ocrx_word' id='word_1_831' title='bbox 1183 3253 1270 3299; x_wconf 87' lang='lat' dir='ltr'>Papa</span> <span class='ocrx_word' id='word_1_832' title='bbox 1296 3252 1477 3298; x_wconf 85' lang='lat' dir='ltr'>Gregorius</span> <span class='ocrx_word' id='word_1_833' title='bbox 1512 3251 1667 3286; x_wconf 87' lang='lat' dir='ltr'>honorari</span> <span class='ocrx_word' id='word_1_834' title='bbox 1692 3251 1778 3296; x_wconf 80' lang='lat' dir='ltr'>juffit</span> <span class='ocrx_word' id='word_1_835' title='bbox 1804 3263 1972 3297; x_wconf 83' lang='lat' dir='ltr'>tamquam</span> <span class='ocrx_word' id='word_1_836' title='bbox 2002 3253 2069 3287; x_wconf 86' lang='lat' dir='ltr'>Dei</span> 
     </span>
     <span class='ocr_line' id='line_1_128' title="bbox 1185 3300 2069 3349; baseline -0.003 -12"><span class='ocrx_word' id='word_1_837' title='bbox 1185 3304 1384 3349; x_wconf 82' lang='lat' dir='ltr'>Evangelia.</span> <span class='ocrx_word' id='word_1_838' title='bbox 1413 3302 1490 3346; x_wconf 89' lang='lat' dir='ltr'>Ejus</span> <span class='ocrx_word' id='word_1_839' title='bbox 1515 3300 1672 3343; x_wconf 85' lang='lat' dir='ltr'>Author‚</span> <span class='ocrx_word' id='word_1_840' title='bbox 1700 3302 1734 3338; x_wconf 91' lang='lat' dir='ltr'>id</span> <span class='ocrx_word' id='word_1_841' title='bbox 1754 3302 1823 3344; x_wconf 86' lang='lat' dir='ltr'>est,</span> <span class='ocrx_word' id='word_1_842' title='bbox 1848 3301 2069 3348; x_wconf 68' lang='lat' dir='ltr'>Epipha.‹iani</span> 
     </span>
     <span class='ocr_line' id='line_1_129' title="bbox 1185 3352 2070 3398; baseline -0.005 -9"><span class='ocrx_word' id='word_1_843' title='bbox 1185 3354 1335 3398; x_wconf 85' lang='lat' dir='ltr'>symboli</span> <span class='ocrx_word' id='word_1_844' title='bbox 1348 3352 1542 3390; x_wconf 73' lang='lat' dir='ltr'>Contractor</span> <span class='ocrx_word' id='word_1_845' title='bbox 1559 3364 1598 3388; x_wconf 81' lang='lat' dir='ltr'>ac</span> <span class='ocrx_word' id='word_1_846' title='bbox 1609 3352 1740 3390; x_wconf 85' lang='lat' dir='ltr'>Politor</span> <span class='ocrx_word' id='word_1_847' title='bbox 1767 3353 1830 3392; x_wconf 86' lang='lat' dir='ltr'>fuit</span> <span class='ocrx_word' id='word_1_848' title='bbox 1845 3355 1980 3391; x_wconf 69' lang='lat' dir='ltr'>Sanctus</span> <span class='ocrx_word' id='word_1_849' title='bbox 1994 3353 2070 3385; x_wconf 53' lang='lat' dir='ltr'>&amp;aa</span> 
     </span>
    </p>

    <p class='ocr_par' dir='ltr' id='par_1_8' title="bbox 1589 3402 2017 3448">
     <span class='ocr_line' id='line_1_130' title="bbox 1589 3402 2017 3448; baseline -0.002 -13"><span class='ocrx_word' id='word_1_850' title='bbox 1589 3403 1620 3439; x_wconf 88' lang='lat' dir='ltr'>L</span> <span class='ocrx_word' id='word_1_851' title='bbox 1670 3415 1694 3442; x_wconf 90' lang='lat'>2</span> <span class='ocrx_word' id='word_1_852' title='bbox 1905 3402 2017 3448; x_wconf 64' lang='lat' dir='ltr'>gorius</span> 
     </span>
    </p>
   </div>
  </div>
 </body>
</html>
