2320 3730
285 254 461 291 Theodori
488 254 756 299 Mopsuestienfis
778 281 788 298 ,
817 267 873 300 per
892 267 989 300 quem
1013 257 1047 290 in
1071 255 1175 298 ipsum

281 306 455 342 descendit
481 305 576 340 Pauli
596 306 798 341 Samosateni
824 305 961 341 haeresis.
988 306 1096 339 Etiam
1110 302 1177 336 haec

286 356 385 390 verba
407 356 448 391 de
472 354 582 391 eadem
605 355 768 391 Ecclesia:
794 361 831 390 In
844 359 933 390 oculis
946 355 984 395 est
994 352 1175 396 ejusdemcl·

282 411 397 441 vitatis
408 405 536 448 Ecclesia
549 431 561 448 ,
587 418 655 450 quae
663 415 716 449 per
728 406 802 440 bunc
810 408 949 448 perdIdit
970 404 1154 437 sacerdotem
1166 428 1173 435 .

284 457 365 491 Alia
380 456 478 491 lestio
505 455 628 491 habet.-
656 460 770 491 Periit.
799 452 1172 497 Existimolegendum:

283 508 428 540 Perdidit
451 531 458 539 .
487 507 622 542 Etenim
649 506 806 541 Pontifex
831 505 948 540 alludit
974 503 1014 536 ad
1038 501 1172 545 Ephesi-

282 568 361 592 nam
375 557 512 600 Joannis
525 555 726 593 Antiocheni
741 556 1000 593 damnationem.
1019 551 1173 588 Affirmat

280 607 373 652 quod
396 606 580 641 Antiochia
601 618 655 651 per
678 606 866 641 Nestorium
891 615 929 636 ac
959 603 1122 646 impensos
1140 604 1173 638 ei

281 660 407 692 favores
420 657 562 691 amiserit
574 658 666 691 suum
680 657 876 699 Episcopum
889 678 896 685 .
923 652 1015 687 Hinc
1039 652 1148 688 subdit
1163 666 1171 691 ;

279 711 327 741 Et
346 715 448 742 tamen
458 707 625 741 laboramus
654 707 836 744 advertere,
860 708 927 746 quis
939 710 984 736 cui
991 703 1088 744 fuerit
1100 716 1169 739 cau-

274 757 314 801 sa
332 763 465 800 peccati.
492 756 564 798 Nisi
575 756 658 798 forte*
678 754 758 796 quod
774 761 829 796 pro
847 757 946 796 quiete
970 753 1164 796 Eccleſsarum

272 804 404 841 'dicimus
431 831 443 850 ‚
465 808 615 849 deceptum
636 801 667 846 se
695 804 744 837 ille
774 803 947 844 demonstret
963 829 983 845 ⁷,
1008 803 1164 847 deserendo

274 857 471 891 damnatum.
505 855 657 889 Affirmat
680 853 743 888 esse
769 853 954 892 incertum,
980 865 1021 888 an
1046 855 1164 889 Nesto·

274 908 341 941 rius
364 907 524 949 Joannem
547 929 558 946 ,
593 915 634 938 an
650 903 796 946 Joannes
819 903 1015 946 depravasset
1040 904 1164 939 Nesto-

272 958 376 991 rium.
403 953 507 1003 Qod
518 964 635 996 nempe
647 952 748 987 ambo
757 952 890 986 fuissent
917 952 975 987 sub
990 953 1160 998 disciplina

270 1005 416 1040 scelerati
441 1003 615 1039 Theodori
638 1028 644 1035 .
674 1001 781 1036 Addit
809 1003 976 1036 veritatem
1000 1005 1162 1048 apparitu-

270 1066 358 1097 ram,
384 1054 465 1089 dum
484 1053 624 1097 Joannes
650 1052 842 1086 Nestorium
870 1052 1045 1088 deseruerit
1068 1077 1079 1093 ,
1105 1065 1157 1088 at-

269 1116 335 1147 que
361 1104 408 1139 ita
432 1103 702 1139 demonstraverit
724 1105 755 1138 se
779 1103 872 1138 fuisse
890 1113 957 1136 non
970 1102 1133 1140 seductum
1147 1128 1158 1145 ,

267 1155 324 1190 sed
335 1154 507 1198 deceptum
522 1180 529 1188 .

318 1207 469 1239 Notanda
484 1206 558 1239 sunt
582 1203 693 1239 &haec
709 1205 824 1239 verba:
850 1203 905 1237 Ubi
917 1206 1028 1238 colatur
1047 1205 1085 1238 ab
1100 1217 1156 1238 om·

268 1255 356 1290 nibus
382 1256 539 1289 exulatus.
567 1255 778 1289 Confirmant
801 1254 935 1299 Evagrii
951 1254 1098 1290 haustam
1110 1267 1150 1289 ex

263 1307 336 1350 ipso
349 1305 505 1339 Nestorio
524 1299 715 1340 relationem
727 1319 737 1339 :
767 1309 892 1338 Narrat
916 1304 978 1347 ipse
999 1306 1154 1347 Nestorius

265 1355 300 1400 [e
319 1361 351 1388 in
373 1366 404 1388 eo
424 1356 482 1388 loco
505 1357 697 1397 quadriennii
715 1354 817 1401 spatlo
841 1365 1048 1389 commoratum
1076 1357 1149 1399 esse,

263 1411 361 1440 variis
375 1404 514 1446 affedlum
528 1406 684 1440 bonoribus
695 1430 707 1447 ,
734 1403 885 1448 variisque
905 1412 1042 1447 praemiIs
1062 1409 1155 1439 dona-

261 1467 324 1491 tum
339 1481 346 1488 .
376 1457 527 1499 Exponit
553 1455 763 1500 Nicephorus
780 1457 934 1490 Calixtus
947 1470 958 1489 .-
984 1457 1155 1489 orientales

261 1503 402 1549 Episcopi
423 1506 592 1545 Nestorium
608 1505 706 1548 ficum
720 1507 884 1539 adduc‘lum
905 1512 938 1539 in
959 1517 1071 1539 annum
1097 1516 1152 1540 ter-

260 1561 398 1598 tiumper
409 1561 477 1589 vim
500 1561 535 1588 in
551 1553 732 1598 Episcopatu
744 1561 906 1590 retinuere.
938 1555 1103 1591 Videlicet
1116 1557 1151 1590 il-

261 1606 309 1647 li,
336 1605 681 1650 quifactamasanao
695 1605 828 1648 Cyrillo
853 1605 1152 1642 &suoPatriarcha

261 1656 389 1699 joanne
403 1666 516 1699 pacem
529 1655 887 1691 nolueruntadmittere
900 1680 907 1688 .
935 1655 1049 1703 Pergit
1067 1657 1153 1691 Pon·

259 1705 344 1740 tifex
373 1720 383 1740 .-
411 1705 577 1739 Elaborate
599 1731 609 1747 ,
646 1706 769 1748 fratres
795 1706 959 1746 Chariffimi
978 1731 989 1747 ,
1028 1716 1063 1741 ut
1081 1710 1153 1742 verri

258 1757 383 1790 wllatur
396 1757 433 1789 de
445 1758 541 1790 medio
553 1756 683 1798 vestrum
695 1782 705 1798 ,
716 1762 767 1800 qut·
780 1755 831 1790 hoc
843 1766 916 1799 opus
921 1757 999 1799 fecit
1013 1783 1020 1790 .
1044 1758 1150 1806 >Qod

257 1818 344 1851 opus
359 1808 375 1838 ἓ
401 1805 608 1855 Qibusdam
620 1806 745 1841 videtur
755 1807 843 1852 quod
869 1807 1062 1842 Nestoriani
1085 1809 1152 1842 exi-

259 1857 297 1890 lii
322 1857 490 1902 mitigatio
516 1868 616 1902 atque
643 1857 833 1892 translatio.
862 1858 1004 1891 Videtur
1015 1869 1083 1892 non
1099 1869 1154 1901 per

259 1907 396 1950 Joannis
417 1907 621 1943 Antioche-ni
646 1908 860 1947 Fafflonem,
889 1905 941 1940 sed
964 1918 1018 1950 per
1049 1908 1151 1950 Syno-

258 1957 384 1992 dalium
409 1958 612 2002 Legatorum
636 1959 780 2001 aliquem
805 1956 900 1991 fuisse
913 1956 1070 1991 obtenta.
1099 1959 1151 1991 Ex

257 2006 404 2040 humana
423 2007 711 2040 commiseratione
734 2032 740 2038 .
782 2006 917 2039 Etenim
945 2008 1150 2042 factiosorum

260 2056 464 2100 Legatorum
478 2055 587 2090 nullus
600 2055 664 2089 fuit
674 2053 828 2088 admissus
839 2054 872 2088 in
889 2057 1057 2092 civitatem
1086 2058 1148 2092 Re-

257 2103 351 2155 giam
364 2131 375 2147 ‚
396 2105 430 2138 dc
442 2105 483 2139 ab
495 2105 569 2148 ipsis
579 2104 789 2139 Theodosius
800 2116 861 2139 nec
872 2104 982 2141 audire
994 2108 1145 2143 sustinuit

259 2167 385 2190 nomen
406 2156 571 2189 Nestorii.
602 2155 649 2189 At
677 2165 803 2189 certum
822 2156 866 2189 est
890 2155 1087 2192 Pontificem
1113 2160 1146 2193 in

260 2206 453 2241 Nestorium
467 2204 620 2239 scribere.
651 2205 744 2238 Hinc
754 2204 884 2241 subdit.-
909 2208 976 2240 sola
997 2209 1077 2242 decet
1100 2218 1148 2244 ta-

262 2258 304 2292 les
318 2255 448 2289 homines
456 2253 597 2297 fhlitudo.
627 2253 712 2288 Vult
725 2255 830 2298 ipsum
842 2257 996 2301 compelli
1018 2259 1054 2293 in
1075 2260 1146 2294 soli·

260 2305 441 2340 tudinem:
481 2303 613 2348 Utique
641 2304 681 2338 ad
720 2303 850 2340 Petram
882 2307 1039 2342 desertam
1066 2332 1077 2348 ,
1112 2309 1144 2342 in

258 2368 358 2400 quam
390 2352 544 2398 Princeps
575 2354 682 2397 ipsum
708 2355 905 2400 relegaverat
924 2380 932 2388 .
974 2358 1145 2402 Efflagitat

259 2406 449 2441 reviviscere
470 2404 555 2440 hanc
579 2404 790 2446 sententiam.
820 2405 938 2446 Atnon
962 2408 1026 2443 fuit
1049 2419 1142 2444 exau-

259 2458 348 2492 ditus
364 2483 370 2490 .

307 2506 412 2542 Porro
436 2510 563 2552 praesens
595 2508 742 2553 Epistola
776 2509 821 2544 est
847 2507 990 2544 omnino
1024 2510 1142 2553 praefati

259 2558 403 2592 Praefesii
429 2559 633 2594 &Consulis
647 2559 772 2593 isidori.
803 2559 970 2602 Ipseenim
985 2571 1040 2602 per
1063 2561 1142 2594 mul-

258 2619 312 2642 tos
331 2619 434 2642 annos
458 2609 522 2642 fuit
545 2608 716 2642 Praefec‘ius
737 2610 884 2644 Orientis
898 2609 1073 2644 Praetorio.
1100 2610 1143 2643 Et

260 2659 315 2701 ipsi
342 2658 491 2692 suberant
518 2656 662 2699 Ephesus
680 2683 690 2698 ,
717 2659 1026 2704 Constantinopolis
1050 2684 1061 2700 ‚
1087 2659 1144 2694 Pe-

259 2719 337 2748 trae,
365 2719 402 2741 ac
415 2707 523 2740 Sansti
537 2706 691 2751 Euprepii
710 2708 952 2744 Monasterium
965 2735 975 2751 ‚
1005 2709 1144 2753 ideoque

261 2757 452 2791 Nestoriani
476 2756 569 2790 exilii
591 2759 744 2792 executio
780 2759 820 2794 ad
848 2761 954 2804 ipsum
982 2759 1140 2803 spectabat

260 2807 415 2841 omnibus
427 2806 554 2841 modis.
582 2807 661 2842 Haec
682 2820 788 2843 tamen
801 2810 912 2844 Tituli
925 2809 1020 2844 verba
1032 2833 1043 2849 ,
1067 2813 1142 2852 Epi·

256 2857 331 2897 stola
344 2857 560 2900 PraefeHorum
572 2882 582 2898 ,
608 2857 706 2893 credo
717 2871 758 2893 ex
770 2860 941 2903 Scriptoris
953 2861 1034 2894 vitio
1055 2871 1142 2894 men-

259 2906 360 2950 dosa,
386 2909 421 2942 &
445 2907 642 2953 legendum:
668 2909 802 2951 Epistola
823 2910 964 2951 Praefelli
987 2913 1145 2944 Praetorlo-

258 2969 344 2992 rum.
373 2959 509 2992 Etenim
530 2957 718 2993 Nestoriani
744 2959 905 3003 Rescripti
929 2960 1069 2994 Titulus
1091 2959 1144 2994 ha-

260 3007 333 3040 bet:
360 3008 494 3051 Epistola
504 3007 632 3048 Nestorii
645 3008 788 3052 rescripta
818 3011 863 3042 ad
883 3012 1008 3043 eundem
1031 3009 1145 3051 Praefiv—

261 3057 339 3089 dium
362 3061 590 3092 Praetoriorum.
619 3059 776 3093 Isidorum
806 3059 957 3093 inscribit
975 3060 1144 3094 Praetorio.

263 3116 333 3140 rum
347 3107 532 3143 Praefestum
545 3134 555 3149 ,
581 3108 670 3153 quod
694 3109 800 3143 forsan
813 3110 976 3153 praeessent
999 3110 1144 3151 pluribus

262 3153 440 3192 Praetoriis.
470 3158 568 3192 Certe
578 3159 755 3200 aliquando
778 3160 842 3194 fuit
860 3159 958 3193 etiam
973 3158 1143 3195 Praefestus

263 3202 404 3246 Illyrici.
434 3208 477 3240 Et
492 3208 586 3252 possit
610 3210 737 3252 utrique
755 3209 849 3243 simul
860 3210 1033 3252 praefuiffe.
1061 3211 1143 3244 Sunt

261 3254 352 3287 enim
379 3255 413 3287 δε
434 3256 496 3289 alia
509 3252 630 3291 ‘similia
648 3259 797 3302 exempla
810 3284 817 3291 .
845 3259 990 3302 Epistola
1013 3259 1078 3293 huc
1096 3262 1143 3294 us-

262 3313 325 3347 que
337 3314 405 3337 non
416 3308 615 3347 comparuit.
643 3306 686 3339 Et
697 3307 793 3343 docet
804 3320 863 3342 nos
876 3309 965 3353 plura
981 3335 988 3341 .
1015 3309 1143 3351 Primo,

260 3352 350 3397 quod
363 3352 557 3395 Nestorius,
582 3356 872 3397 licetSynodalem
894 3358 960 3402 ejus
983 3359 1141 3404 degrada—

259 3403 384 3438 tionem
407 3402 564 3447 Princeps
585 3405 802 3446 confirmasset
819 3433 829 3449 ,
853 3420 930 3444 cum
957 3406 1083 3446 honore
1105 3411 1141 3444 sit

710 173 1042 221 Varnenum
1078 174 1328 220 Primum
1375 174 1696 236 ΕΡιετοῑΑῑ,

1238 250 1370 286 eductus
1391 254 1520 297 Epheso
1542 281 1554 298 ,
1588 269 1625 292 ac
1648 255 1795 291 reduetus
1822 255 1856 290 in
1885 257 1977 291 suum
1999 256 2119 293 Mona-

1240 300 1380 335 sterium.
1406 305 1560 339 Omnino
1569 307 1723 341 existimo
1739 305 1892 350 Epistolae
1905 306 2062 341 Titulum
2073 309 2120 341 es-

1240 352 1270 384 se
1283 352 1427 387 Comitis
1438 353 1547 387 Irenaei
1558 366 1659 397 opus,
1683 366 1827 391 attamen
1846 367 1914 390 non
1933 367 2019 391 caret
2042 359 2121 391 fun-

1236 400 1394 437 damento
1406 428 1413 435 .
1440 404 1574 437 Etenim
1587 404 1732 447 Epistola
1743 405 1787 438 est
1802 405 1895 448 plena
1916 405 2053 442 honoris
2078 417 2118 441 ae

1237 455 1423 487 reverentiae
1433 479 1440 486 .
1467 453 1568 488 Haud
1581 453 1685 488 dubiae
1695 453 1834 489 Isidorus
1845 455 2034 491 Nestorium
2047 457 2118 491 An-

1237 501 1364 539 tiochiae
1382 502 1488 538 adhuc
1509 504 1738 548 Presbyterum
1762 528 1774 544 ‚
1800 514 1837 538 ac
1858 504 1991 540 forsitan
2012 508 2115 541 etiam

1235 552 1529 598 Constantinopoli
1542 556 1740 598 Episcopum
1752 554 1930 593 dilexerat,
1952 555 1986 588 &
1997 556 2115 592 existo

1234 603 1326 637 fonte
1339 605 1487 647 proceffit
1498 615 1564 639 tam
1577 604 1760 641 honorifica
1772 604 1918 648 Epistola
1929 629 1936 636 .

1284 655 1437 689 Secundo
1456 655 1632 695 docemur,
1661 654 1748 700 quod
1760 654 1925 697 synodale
1942 654 1984 688 de
1997 654 2115 691 Nesto-

1232 704 1454 747 riojudicium
1468 718 1537 740 non
1558 706 1576 740 ὲ
1589 707 1658 741 solo
1676 705 1829 749 Principe
1849 704 2021 748 probatum
2044 706 2117 741 fue-

1233 754 1297 793 rit,
1324 755 1374 788 sed
1394 757 1492 789 etiam
1518 755 1558 790 ab
1582 756 1650 800 ipso
1670 755 1793 789 Isidoro
1812 781 1818 788 .
1863 755 2018 790 Attamen
2040 754 2112 799 post

1231 804 1352 838 multas
1373 816 1479 839 moras
1499 819 1505 838 :
1534 807 1578 840 Et
1602 807 1672 850 post
1695 807 1875 840 multorum
1905 806 2112 850 importunas

1230 856 1468 898 querimonias.
1495 855 1615 890 Tertio
1634 856 1809 897 discimus,
1836 857 1925 900 quod
1938 855 2113 891 Nestorius

1231 916 1297 938 non
1312 906 1455 947 invitus,
1483 905 1538 940 sed
1549 907 1588 940 ad
1603 907 1746 950 proprias
1761 918 1869 950 preces
1881 906 1979 941 fuerit
1991 906 2112 949 ejectus

1230 953 1358 998 Epheso
1372 979 1378 986 .
1408 956 1585 1001 Postquam
1598 957 1742 1001 Regium
1755 958 1795 990 de
1808 957 1862 989 sua
1873 957 2087 991 damnatione
2100 980 2113 997 ‚

1226 1015 1263 1038 ac
1277 1006 1333 1039 suo
1346 1007 1379 1040 in
1393 1005 1505 1041 Petras
1515 1007 1618 1041 exilio
1631 1008 1811 1041 Decretum
1830 1007 1994 1040 intellexit
2006 1029 2016 1045 ‚
2041 1018 2112 1041 eru-

1226 1053 1296 1089 buit
1309 1066 1438 1091 manere
1451 1056 1564 1101 Ephesi
1576 1080 1586 1096 ‚
1615 1058 1756 1099 ideoque
1776 1057 1818 1090 ab
1842 1057 1949 1091 amico
1962 1057 2111 1091 Orientis

1227 1104 1374 1139 Praefeiio
1389 1108 1510 1142 Isidoro
1523 1108 1716 1151 supplicavit
1728 1119 1803 1141 cum
1815 1106 1952 1151 publicae
1971 1107 2113 1141 evestio·

1224 1154 1276 1187 nis
1287 1153 1411 1189 honore
1428 1157 1538 1190 reduci
1562 1157 1595 1191 in
1609 1158 1702 1190 suurn
1717 1157 1956 1191 Monasterium
1969 1182 1976 1189 .
2005 1156 2111 1191 Haud

1223 1203 1323 1238 dubie
1346 1207 1446 1239 eriam
1472 1217 1526 1248 per
1546 1205 1673 1249 ipsum,
1699 1217 1736 1240 ac
1750 1217 1805 1250 per
1824 1206 1907 1240 alios
1921 1207 2111 1250 supplicarit

1222 1255 1367 1299 mitigari
1390 1256 1547 1290 exilium.
1578 1257 1622 1290 Et
1646 1256 1786 1290 Isidorus
1807 1255 1926 1290 direxit
1951 1256 2112 1290 honorifi-

1222 1305 1435 1339 centiffimam
1447 1307 1670 1341 evectionem·
1699 1306 1743 1341 Et
1762 1303 1824 1340 hac
1845 1305 2018 1341 occasione
2039 1307 2111 1350 opi-

1224 1365 1284 1388 nor
1299 1354 1341 1389 ab
1353 1356 1579 1390 Orientalibus
1591 1356 1760 1400 Episcopis
1773 1358 1915 1399 sparsum
1931 1368 2108 1398 rumorem,

1223 1416 1321 1447 quem
1348 1405 1380 1438 in
1400 1405 1522 1439 famosa
1546 1405 1586 1439 ad
1606 1406 1731 1439 Marim
1751 1405 1892 1439 Persidis
1911 1406 2108 1440 Antistitem

1224 1454 1372 1498 Epistola
1389 1453 1496 1489 scribit
1523 1454 1596 1489 Ibas
1610 1454 1805 1489 Edeflenus:
1832 1454 1985 1495 Nestorius
1999 1481 2010 1496 ‚
2035 1461 2109 1498 quia

1218 1503 1283 1548 suae
1296 1514 1363 1539 erat
1375 1506 1439 1538 odio
1449 1511 1573 1540 civitat}
1582 1530 1593 1544 ,
1619 1507 1654 1539 (2⁶
1667 1511 1745 1538 viris
1758 1509 1854 1547 quiin
1867 1517 1903 1539 ea
1919 1504 1996 1548 sunt
2008 1512 2111 1540 maxi-

1221 1561 1303 1596 mir,
1331 1561 1365 1589 in
1376 1567 1442 1589 eam
1453 1561 1566 1590 reverti
1577 1567 1636 1590 non
1643 1561 1763 1597 potuit.
1789 1555 1976 1599 sparserunt
2000 1550 2109 1600 ipsum

1221 1616 1288 1639 non
1320 1604 1471 1640 haereseos
1496 1614 1553 1640 aut
1574 1605 1818 1651 degradationis
1841 1630 1852 1646 ,
1888 1604 1941 1643 sed
1967 1607 2109 1651 politicae

1221 1656 1305 1698 pacis
1316 1658 1411 1691 causa
1424 1658 1486 1691 esse
1496 1656 1660 1691 remissum
1674 1657 1713 1690 ad
1727 1657 1881 1690 Sanctum
1894 1656 2107 1702 Euprepium.

1222 1707 1354 1740 Etenim
1382 1706 1453 1741 lbas
1479 1732 1490 1748 ,
1524 1706 1600 1742 licet
1635 1707 1774 1741 necdum
1803 1706 1984 1751 Episcopus
2004 1731 2018 1749 ‚
2052 1707 2108 1742 sed

1220 1756 1380 1791 Rabbulae
1395 1757 1546 1801 Episcopi
1560 1756 1754 1801 Presbyter,
1783 1757 1847 1791 fuit
1857 1758 2012 1792 omnibus
2033 1769 2108 1802 prz-

1219 1808 1290 1841 sens
1303 1832 1312 1847 ,
1339 1807 1478 1851 ideoque
1498 1808 1619 1852 scripsit
1640 1820 1682 1841 ex
1703 1809 1835 1842 suorum
1863 1807 2105 1853 Episcoporum

1220 1858 1310 1890 sensu
1331 1881 1337 1889 .
1378 1856 1467 1891 Istud
1491 1858 1558 1900 ejus
1583 1857 1715 1892 verbum
1737 1857 1850 1891 multis
1869 1856 2006 1892 discutit
2029 1881 2040 1897 ,
2064 1869 2105 1892 ac

1219 1917 1354 1950 purgare
1375 1905 1481 1940 studet
1505 1907 1679 1941 Facundus
1703 1907 1946 1941 Hermianensis
1973 1931 1982 1940 .
2008 1907 2104 1942 Hinc

1217 1956 1316 1990 etiam
1340 1956 1497 1991 verificari
1520 1957 1637 2000 possit,
1665 1956 1755 2000 quod
1767 1957 1859 2000 supra
1881 1956 2106 1992 audivimusa

1217 2005 1408 2050 Nicephoro
1420 2005 1555 2041 Calixto
1568 2018 1575 2038 ε
1604 2007 1771 2040 ortentales
1781 2004 1921 2048 Episcopi
1933 2005 2104 2046 Nestorium

1210 2054 1306 2099 secum
1318 2057 1476 2090 abdublum
1486 2062 1519 2090 m
1531 2067 1644 2090 annum
1668 2062 1787 2091 tertium
1794 2064 1851 2099 per
1861 2062 1928 2089 vim
1938 2063 1971 2090 in
1978 2055 2101 2100 Episco-

1209 2114 1290 2148 patu
1313 2113 1474 2141 retmuere.
1503 2106 1657 2142 Affirmat
1682 2106 1874 2141 Nestorium
1900 2119 1970 2142 non
1992 2107 2103 2142 statim

1213 2156 1324 2191 abiisse
1337 2156 1461 2198 solnm,
1492 2156 1545 2192 sed
1558 2158 1749 2202 exspestasse
1767 2156 1894 2201 Synodi
1918 2157 2043 2198 finem,
2068 2157 2103 2191 δε

1212 2216 1292 2241 tunc
1317 2207 1430 2242 abiisse
1453 2219 1530 2242 cum
1549 2207 1617 2242 istis
1644 2208 1708 2242 suis
1727 2206 1971 2242 Dilectoribus.
1998 2207 2103 2241 Forsi-

1212 2268 1266 2290 tan
1290 2257 1368 2291 dum
1393 2257 1462 2300 post
1485 2259 1661 2293 evectionis
1684 2257 1861 2292 adventum
1886 2267 1976 2301 parat
2004 2257 2036 2291 se
2059 2258 2102 2290 ad
2127 2288 2132 2294 ,

1212 2308 1271 2341 iter
1295 2331 1305 2347 ‚
1331 2308 1424 2352 poffit
1445 2308 1571 2343 dimissa
1599 2309 1693 2342 fuisse
1715 2308 1869 2350 Synodus
1889 2333 1900 2349 ‚
1925 2317 2023 2352 atque
2054 2306 2101 2343 ita

1210 2357 1330 2401 poffint
1343 2370 1459 2393 omnes
1481 2358 1698 2393 simulabiiffe
1714 2383 1721 2390 .

1261 2408 1305 2441 Et
1325 2407 1411 2443 certe
1432 2407 1500 2443 haec
1518 2408 1666 2452 Epistola
1690 2408 1734 2441 est
1759 2408 1875 2451 scripta
1896 2407 1982 2442 circa
1996 2408 2096 2443 finem

1211 2457 1360 2499 Synodi.
1388 2457 1521 2491 Etenim
1542 2459 1677 2491 Sanctus
1688 2457 2020 2501 Cyrillustrigesima
2047 2457 2101 2491 die

1208 2506 1365 2541 Ostobris
1378 2508 1524 2551 pervenit
1537 2506 1774 2541 Alexandriam
1793 2531 1803 2547 ,
1832 2507 1974 2550 ideoque
1990 2506 2102 2541 statim

1208 2557 1248 2590 ad
1271 2556 1361 2591 istius
1386 2557 1510 2590 Mensis
1527 2557 1672 2590 medium
1692 2555 1908 2589 debetabiisse
1946 2555 2100 2599 Epheso.

1208 2606 1256 2639 At
1270 2605 1345 2639 vero
1358 2607 1453 2639 Sacra
1465 2629 1476 2645 ,
1503 2616 1571 2646 quae
1583 2604 1751 2645 utriusque
1762 2605 1860 2647 partis
1873 2605 2019 2650 Legatos
2029 2616 2101 2638 evo-

1207 2656 1295 2689 cavit
1324 2653 1676 2697 Constantinopolim,
1704 2653 1768 2687 fuit
1790 2653 1865 2687 data
1887 2655 1930 2688 ad
1952 2654 2100 2687 medium

1211 2704 1378 2750 Augusti,
1403 2705 1438 2737 δε
1459 2713 1536 2738 ante
1555 2704 1665 2738 datam
1690 2701 1775 2736 hanc
1804 2703 1984 2746 Epistolam
2007 2705 2101 2748 plura.

1209 2758 1483 2789 intercurrerunt·-
1509 2753 1671 2789 Omnium
1696 2754 1895 2798 Legatorum
1919 2755 1979 2788 iter
1999 2778 2010 2794 ,
2037 2754 2100 2788 Ca-

1209 2805 1411 2839 tholicorum
1434 2805 1573 2838 accessus
1595 2804 1635 2837 ad
1657 2803 1869 2847 Principem,
1897 2804 2099 2839 Nestorianae

1208 2855 1431 2890 damnationis
1443 2854 1650 2888 confirmatio
1662 2878 1673 2894 ,
1700 2853 1879 2889 Decretum
1893 2854 1984 2888 exilii
1999 2878 2010 2894 ,
2038 2853 2101 2888 ho-

1209 2918 1281 2940 rum
1308 2905 1427 2940 notitia
1460 2905 1638 2939 transmissa
1666 2903 1829 2948 Ephesum
1860 2929 1871 2945 ,
1905 2904 2096 2938 eorumdem

1209 2956 1363 2991 Nestorio
1389 2966 1427 2988 ac
1451 2953 1589 2997 Synodo
1612 2955 1693 2988 fasia
1719 2955 1894 2988 insinuatio
1913 2979 1923 2995 ,
1950 2953 2096 2987 Nestorii

1207 3016 1314 3051 preces
1327 3005 1366 3039 ad
1379 3003 1535 3038 Isidorum
1550 3029 1561 3044 ,
1579 3005 1613 3039 δε
1625 3003 1718 3048 hujus
1730 3002 1859 3039 tandem
1873 3004 2094 3046 Rescriptum.

1206 3057 1288 3104 Qiae
1299 3054 1412 3089 omnia
1424 3053 1506 3099 aegre
1530 3065 1703 3097 potuerunt
1714 3053 1835 3099 expleri
1855 3065 1932 3088 ante
1943 3052 2096 3088 octobris

1205 3106 1353 3140 medium
1364 3130 1372 3138 .
1402 3105 1445 3138 Et
1458 3105 1543 3138 certe
1556 3104 1694 3139 Isidorus
1709 3105 1823 3149 nequit
1836 3114 1906 3138 tum
1920 3105 2013 3138 fuiffe
2027 3104 2097 3137 An-

1205 3154 1348 3192 tiochiae
1379 3155 1462 3188 Haec
1475 3155 1564 3188 enim
1577 3156 1714 3200 triginta
1734 3155 1851 3189 diebus
1865 3155 1962 3189 distat
1989 3152 2097 3197 Ephe·

1204 3209 1239 3241 so
1254 3232 1264 3247 ‚
1290 3205 1430 3249 ideoque
1452 3204 1624 3238 Nestorius
1649 3217 1716 3240 non
1730 3205 1904 3249 potuisset,
1932 3203 1989 3237 nifi
2011 3204 2095 3237 intra

1203 3257 1286 3291 duos
1308 3255 1460 3295 Menses,
1486 3254 1631 3290 habuisse
1657 3256 1865 3300 Responsum
1884 3279 1892 3286 .
1919 3254 2030 3300 Qare
2048 3253 2096 3286 vi-

1203 3306 1297 3340 detur
1325 3315 1404 3339 tunc
1426 3304 1521 3339 fuiffe
1543 3305 1855 3350 Constantinopoli.
1882 3302 2095 3337 Confirmatae

1204 3356 1431 3390 damnationis
1442 3364 1569 3398 tempus
1582 3357 1739 3401 colligere
1753 3355 1917 3399 possumus
1927 3365 1970 3387 ex
1986 3351 2095 3388 Schis—

1204 3406 1400 3441 maticorum
1430 3404 1632 3450 Legatorum
1655 3407 1696 3441 ad
1719 3407 1794 3440 suos
1822 3403 1992 3449 Epistola:
2019 3400 2098 3441 P0st·

1960 3464 2049 3496 quam
