2320 3730
626 184 932 234 Scnonm,
979 195 1043 225 ET
1077 178 1270 224 Nous
1311 190 1702 224 utusrRATAs.

227 263 434 299 Monachus.
464 263 610 297 Forsitan
631 265 664 298 &
685 264 719 298 in
744 266 888 311 praesenti
912 264 1059 308 Epistola
1072 262 1116 297 le-

226 314 371 358 gendum
391 312 436 345 est
460 324 468 344 :
499 312 734 347 orthodoxorum
755 318 881 348 Patrum
914 340 921 347 .
949 315 996 348 At
1019 313 1112 348 nolui

227 363 447 397 Cassinensem
469 373 595 398 textum
613 365 756 399 deserere
777 392 785 399 .
814 366 989 403 Decimum
1017 374 1111 406 caput

226 423 342 458 qmnes
354 411 410 446 has
421 412 553 454 iniurias
563 415 701 449 remittit
712 428 750 449 ex
763 415 861 458 pleno
873 416 1001 458 petitore
1013 439 1020 447 .
1034 414 1111 448 Un-

225 462 391 497 decimum
410 464 562 498 asseverat
574 465 727 508 Capitula
756 465 849 498 fuiffe
861 464 1088 507 pernecessaria
1099 487 1109 503 ‚

223 511 260 545 &
279 512 342 545 effe
362 515 444 547 resta
470 539 482 554 ,
509 513 649 558 ideoque
674 525 743 549 non
766 515 853 558 poffe
884 512 1034 547 damnari
1055 522 1110 547 aut

222 561 358 604 projici.
388 563 547 598 Attamen
571 577 639 599 non
661 564 794 599 mandat
805 563 861 597 illa
873 562 1052 598 admittiin
1067 574 1110 596 re·

223 611 336 655 gulam
352 634 359 643 .
381 613 628 649 Duodecimum
639 615 780 657 queritur
805 613 862 647 illa
887 615 904 648 a
919 611 1110 656 quibusdam

222 661 408 705 detorqueri
431 665 465 696 in
496 664 622 699 alienos
639 664 744 698 sensus
767 688 778 703 ‚
805 663 964 708 additque
994 662 1111 706 Ephesi

222 711 318 746 fuiffe
327 711 462 754 probata
473 713 514 748 ab
526 712 694 748 omnibus.
722 713 901 748 Decimum
923 714 1055 748 tertium
1069 713 1112 747 af-

222 761 334 796 firmat
355 773 393 796 ac
419 763 616 799 demonstrat
635 763 830 798 Nestorium
839 765 933 799 fuisse
946 763 1064 799 merito
1074 774 1111 797 ac

222 810 285 844 rite
306 811 497 848 damnatum
519 813 560 848 ab
586 812 755 857 Ephefino
790 815 947 850 Concilio
970 840 977 847 .
1004 813 1112 850 Fuiffe

222 870 456 897 contumacem
482 863 517 897 in
539 865 602 898 suis
626 863 832 908 blasphemiis
853 891 864 906 ,
889 878 927 900 ac
950 862 1111 899 durissime

222 912 422 953 pertinacem
434 938 441 944 .
470 914 581 948 Etiam
603 914 636 948 in
650 915 717 960 ipsa
732 914 894 959 Ephefina
906 915 1089 958 Metropoli
1104 939 1110 945 .

222 961 355 1005 Nempe
381 962 417 996 in
443 966 650 999 contentiosa
683 966 740 999 illa
777 966 1002 1008 disputatione
1036 976 1110 998 cum

221 1009 409 1047 Theodoto
431 1012 614 1054 Ancyrano
633 1026 675 1048 ac
696 1013 826 1048 Acacio
837 1014 1001 1059 Episcopo
1013 1015 1111 1049 Meli-

222 1060 357 1094 tinenfi.
383 1060 492 1094 Fuisse
514 1061 549 1094 in
568 1061 637 1105 ejus
658 1063 873 1100 damnatione
899 1065 1110 1110 proceffuma

220 1108 372 1151 Cyrillo,
398 1110 570 1153 quomodo
588 1112 630 1147 ab
647 1113 717 1157 ipso
731 1114 858 1150 Acacio
867 1117 931 1150 fuit
943 1116 1027 1150 olim
1038 1127 1109 1159 pro·

220 1159 344 1193 celsum
381 1160 418 1193 in
446 1160 662 1198 damnatione
691 1165 827 1207 Joannis
860 1164 1109 1209 Chrysostomi:

222 1208 390 1251 Cyrillum
412 1212 512 1254 egisse
544 1223 586 1246 ex
614 1214 801 1248 imitatione
833 1214 925 1249 istius
947 1215 1108 1259 exempli.

222 1258 359 1293 Etenim
370 1258 405 1293 in
418 1260 477 1294 ista
490 1261 530 1295 ad
542 1262 754 1298 Ruffinianos
767 1263 882 1298 hortos
894 1265 1031 1308 Synodo
1046 1265 1110 1307 Cy-

220 1308 315 1343 xillus
334 1309 437 1344 fuerat
449 1312 583 1354 praesens
594 1338 604 1353 ‚
630 1314 664 1348 δε
677 1315 831 1349 omnium
844 1316 995 1350 oculatus
1009 1316 1110 1359 inspe-

222 1359 311 1397 ἂοτ,
336 1370 452 1402 utpote
474 1361 621 1396 Clericus
644 1364 844 1399 &Minister
869 1364 917 1399 sui
939 1365 1109 1400 Avunculi

222 1405 433 1453 Theophili.
460 1411 554 1445 Huic
574 1411 729 1455 Epistolae
759 1414 916 1449 debemus
941 1416 1081 1459 plurima
1103 1439 1110 1447 .

220 1458 315 1492 Nam
336 1470 378 1493 ex
397 1459 464 1503 ipsa
478 1461 633 1496 discimus
655 1464 756 1499 etiam
768 1463 854 1500 hanc
866 1465 987 1509 Cyrilli
1003 1467 1038 1501 in
1051 1466 1110 1501 ista

220 1508 362 1550 Synodo
382 1511 581 1553 praesentiam
602 1537 613 1553 ,
640 1513 675 1547 ὅς
695 1514 845 1550 dolosum
868 1515 984 1550 Aeacii
1008 1517 1112 1551 suffra-

219 1557 336 1601 gium,
362 1570 432 1593 non
453 1572 512 1604 pro
533 1586 544 1602 ‚
572 1561 625 1596 sed
642 1574 755 1598 contra
777 1565 929 1599 sanetum
951 1567 1111 1609 Ioannem

219 1604 498 1650 Chrysostomum
522 1635 530 1642 .
557 1613 723 1659 Quartum
746 1615 912 1650 decimum
944 1626 1043 1660 caput
1073 1627 1113 1650 ex

219 1655 274 1690 his
290 1659 464 1694 concludit
478 1661 587 1696 recedi
600 1674 667 1697 non
682 1666 771 1708 poffe
783 1666 825 1700 ab
837 1666 982 1700 articulis
995 1690 1005 1706 ‚
1030 1678 1114 1711 quos

221 1706 379 1752 Princeps
389 1720 558 1754 exegerat.
587 1711 657 1747 Eos
667 1715 757 1750 enim
782 1717 845 1750 effe
859 1717 961 1761 ipsam
971 1717 1114 1752 substan-

220 1757 303 1791 tiam
314 1781 325 1797 ,
335 1758 354 1792 a
366 1770 428 1802 qua
442 1762 548 1796 recedi
560 1773 628 1798 non
641 1766 737 1807 poffit
748 1791 758 1806 ‚
774 1766 994 1802 Sacro-Sansti
1009 1766 1113 1811 Ephe·

220 1807 281 1862 fini
294 1807 443 1845 Concilii
456 1836 463 1843 .
492 1812 669 1848 Decimum
679 1816 833 1858 quintum
854 1818 1025 1858 profitetur
1036 1816 1115 1851 duas

220 1866 366 1901 mtegras
387 1871 426 1893 ac
447 1863 602 1903 perfectas
622 1863 656 1897 in
690 1863 823 1899 Christo
847 1866 1001 1901 Domino
1027 1877 1115 1901 natu·

220 1916 291 1944 ras,
318 1907 453 1943 damnat
464 1922 599 1946 ornnem
610 1924 723 1948 earum
734 1915 956 1951 confufionem
967 1926 1024 1952 aut
1035 1918 1116 1951 mix-

221 1964 327 1991 turam
349 1982 359 1997 ,
385 1958 477 1993 addit
491 1962 652 1996 Divinam
663 1972 811 1999 naturam
823 1966 922 2000 etiarn
937 1967 970 2000 in
984 1966 1115 2001 Christo

222 2006 377 2041 Domino
402 2009 768 2049 effeinconvertibilem
790 2027 828 2049 ac
853 2017 1114 2051 immutabilem:

220 2055 296 2089 Nec
315 2057 416 2100 ipsam
444 2059 535 2094 fuiffe
554 2063 672 2102 paffam
687 2087 698 2102 ‚
724 2065 778 2097 sed
805 2063 973 2098 Christum
996 2065 1116 2099 Domi-

219 2115 302 2139 num
328 2107 362 2139 in
373 2107 516 2143 adunata
536 2110 596 2144 fibi
609 2123 724 2146 carne.
752 2112 876 2159 Purgat
891 2116 922 2148 se
936 2115 1114 2159 deimpofi-

219 2154 262 2188 tis
275 2154 477 2199 Apollinarii
502 2157 726 2202 blasphemiis.
754 2163 799 2197 Et
821 2175 914 2209 rogat
943 2177 981 2200 ac
1004 2166 1114 2200 suadet

220 2204 353 2239 admitti
378 2205 446 2240 haec
466 2210 603 2249 omnia,
629 2212 664 2245 &
687 2213 842 2247 concludi
866 2225 977 2257 pacem
998 2239 1005 2246 .
1031 2217 1115 2249 Haec

220 2254 371 2297 Epistola
392 2267 462 2290 non
485 2259 628 2302 queritur
649 2260 692 2295 de
712 2261 860 2304 Acacio,
889 2265 979 2307 quod
1007 2265 1115 2308 Cyril—

221 2303 291 2337 lum
312 2304 352 2339 de
363 2305 469 2341 haerefi
482 2310 639 2344 accusarit
660 2312 748 2355 apud
761 2313 946 2357 Principem
961 2340 971 2355 ,
998 2327 1035 2349 ac
1049 2316 1116 2358 ejus

221 2353 419 2397 Ephefinam
432 2358 702 2402 degradationem
713 2363 902 2398 confirmari
912 2364 1114 2400 fecerit-Haec

221 2405 427 2445 querimonia
445 2407 508 2441 fuit
519 2409 555 2442 in
573 2409 648 2443 aliis
661 2410 791 2445 litteris.

442 2734 591 2781 CAP
610 2733 711 2782 UT
747 2737 889 2785 LVII.
942 2753 1103 2802 ---145

256 2919 424 2988 Epistola
458 2921 674 2971 Alexandri
708 2927 989 2996 Hierapolitani
1023 2929 1075 2977 ad

419 2998 606 3041 Acacium
645 2995 912 3065 Derrhaeetfim

533 3063 760 3135 Episcopum
779 3104 791 3116 ·

218 3251 220 3254 ’
314 3249 450 3287 Rbitror
461 3253 648 3291 Dominum
659 3257 825 3296 Christum
839 3285 850 3302 ,
863 3262 1102 3307 praecipientem

260 3331 264 3334 Δ
339 3303 519 3347 Discipulis
541 3306 626 3348 suis,
651 3317 689 3342 ut
709 3311 807 3345 essent
827 3313 1001 3356 prudentes
1022 3314 1101 3348 ficut

220 3352 379 3398 serpentes
391 3377 401 3394 ,
426 3355 459 3388 &
470 3355 626 3399 fimplices
644 3358 723 3393 ficut
734 3360 893 3398 columbae
906 3387 918 3405 ,
943 3363 1100 3408 principa·

314 3402 424 3439 chrm.
436 3407 514 3450 Lupi
525 3411 622 3450 Opera
632 3410 665 3441 T.
681 3413 711 3444 V
709 3413 749 3443 ΙΙ.

1887 184 1977 242 183

1173 262 1247 296 liter
1258 260 1434 302 instruere,
1463 271 1500 296 ut
1510 271 1607 304 caput
1618 262 1769 298 omnium
1779 265 1943 302 bonorum
1956 293 1967 310 ,
1984 280 2054 312 quae

1173 312 1208 345 in
1223 311 1319 346 nobis
1329 313 1424 352 sunt,
1450 313 1565 347 rerstam
1589 312 1689 346 fidem
1711 313 1949 352 sincerissimam
1969 332 2054 353 con-

1174 363 1350 396 servarent.
1380 363 1471 397 Sicut
1482 363 1573 396 enim
1586 361 1675 396 nulla
1688 362 1770 395 salus
1781 364 1824 396 est
1837 366 2053 410 Repentibus,

1173 413 1194 444 fi
1207 413 1313 456 capite
1324 423 1554 454 conterantur,
1580 414 1623 447 fic
1635 424 1742 457 neque
1759 411 1968 457 Christiano,
1996 420 2054 462 qui

1175 463 1283 497 sanam
1296 464 1393 497 fidem
1403 464 1580 507 corruperit
1595 489 1603 496 .
1629 462 1767 506 Propter
1779 462 1865 497 hanc
1881 467 2054 502 crucifixus

1173 512 1217 545 est
1230 512 1343 547 Petrus
1355 538 1366 554 ‚
1393 513 1512 548 Paulus
1523 514 1629 557 capite
1639 514 1732 547 caesus
1742 513 1786 547 est
1799 537 1810 554 ,
1837 513 1965 548 diversis
1974 527 2058 550 mor-

1173 561 1260 595 tibus
1272 564 1488 609 Evangelistae
1514 575 1611 608 atque
1632 563 1787 607 Apostoli
1808 565 2056 608 compleverunt

1173 610 1263 653 pium
1285 615 1433 650 cursum.
1461 614 1706 648 Obsecutisunt
1727 614 1891 658 Martyres
1907 639 1914 647 .
1944 615 2056 650 Irride-

1174 659 1289 696 bantur
1300 661 1375 696 vero
1401 664 1723 699 &subsannabantur
1741 676 1858 701 omnes
1872 665 2055 709 paffionum

1174 711 1374 754 temporibus
1387 735 1398 751 ‚
1424 713 1466 746 ab
1489 713 1540 748 his
1560 716 1617 759 qui
1634 714 1852 751 multiformes
1877 716 1925 751 eis
1938 727 2058 751 mortes

1174 761 1347 795 crudeliter
1373 761 1584 805 ingerebant.
1962 807 1964 809 ‚

1223 811 1292 845 Scit
1315 811 1475 845 Sanctitas
1500 820 1580 852 tua,
1605 815 1681 857 quia
1705 816 1885 851 secundum
1909 816 2059 859 Syricam

1175 861 1276 895 vitam
1297 861 1431 906 quidem
1456 872 1608 905 peccator
1633 875 1696 907 ego
1720 868 1809 901 sum.
1837 866 1945 901 Unde
1957 869 2059 902 eriam

1174 911 1457 956 quadragesimum
1483 911 1548 955 jam
1572 923 1696 946 annum
1718 926 1782 958 ago
1805 941 1816 956 ,
1842 916 1962 960 quibus
1987 929 2061 953 mea

1174 961 1298 1006 plango
1310 970 1458 1004 peccata.
1486 962 1604 996 Fidem
1617 963 1693 996 vero
1707 965 1824 999 rectam
1839 966 1857 999 ὲ
1872 969 1972 1009 prima
1983 968 2037 1002 die
2049 991 2061 1007 ,

1174 1012 1251 1047 ficut
1264 1011 1396 1046 testatur
1410 1011 1567 1046 Sanctitas
1579 1021 1632 1046 tua
1644 1012 1744 1056 usque
1762 1013 1804 1047 ad
1825 1024 1963 1051 mortem
1983 1018 2061 1052 dile-

1174 1063 1228 1095 xi.
1256 1061 1364 1097 Unde
1387 1073 1449 1097 nec
1472 1073 1620 1106 unquam
1653 1063 1771 1097 cessavi
1792 1061 1863 1103 his,
1891 1065 1947 1108 qui
1960 1067 2062 1101 vicini

1175 1113 1249 1146 sunt
1271 1136 1282 1152 ,
1308 1111 1350 1146 de
1373 1111 1436 1147 hac
1455 1112 1675 1147 abominabili
1696 1111 1800 1146 haerefi
1822 1112 1943 1148 inferre
1965 1127 2063 1150 certa-

1175 1174 1272 1201 men,
1298 1173 1398 1206 quam
1419 1162 1568 1205 Cyrillus
1590 1163 1655 1206 ipsa
1670 1162 1805 1207 quidem
1828 1162 1948 1198 virtute
1975 1176 2065 1199 reno-

1174 1223 1252 1253 vat,
1280 1211 1529 1255 Apollinarium
1551 1212 1629 1247 vero
1650 1212 1908 1249 anathematizat
1925 1239 1936 1256 ‚
1962 1215 2067 1249 simile

1174 1262 1299 1305 aliquid
1322 1262 1470 1302 faciens,
1496 1272 1663 1307 tamquam
1686 1264 1708 1297 fi
1734 1263 1768 1297 ὅτ.
1791 1263 1910 1309 aliquis
1932 1275 1972 1298 ex
1996 1276 2066 1300 non

1174 1311 1389 1346 existentibus
1433 1313 1500 1347 Dei
1528 1313 1633 1348 filiurn
1660 1313 1772 1348 dicens
1807 1312 2066 1350 anathematizet

1174 1361 1293 1396 Arium
1305 1388 1312 1394 .
1341 1363 1386 1397 Et
1399 1372 1436 1397 ut
1451 1362 1510 1397 sub
1524 1375 1589 1399 una
1601 1363 1710 1398 dicam
1723 1375 1840 1399 omnes
1858 1362 2006 1407 haereses,
2028 1378 2066 1400 ea

1175 1425 1244 1457 quae
1264 1412 1407 1456 ipsorum
1432 1414 1507 1447 sunt
1531 1414 1676 1458 sapiens,
1704 1412 1772 1449 haec
1784 1414 1957 1459 praedicat.
1987 1417 2066 1451 Ubi

1175 1463 1264 1497 enim
1278 1463 1440 1505 Deiiter‚
1467 1464 1598 1499 nullum
1608 1476 1775 1500 revereor.
1808 1466 1958 1508 Cyrillus
1970 1464 2065 1500 haere-

1176 1514 1259 1548 ticus
1281 1513 1347 1555 est,
1374 1525 1475 1548 unam
1490 1525 1638 1550 naturam
1658 1514 1836 1558 praedicans
1858 1515 2003 1557 Christi,
2031 1517 2064 1553 ὅς

1176 1563 1232 1607 ipsi
1257 1564 1422 1598 universas
1444 1565 1603 1607 paffiones
1637 1565 1819 1610 adjungens
1840 1589 1847 1597 .
1891 1566 1935 1598 Et
1961 1566 2066 1609 ipsam

1177 1623 1316 1647 mortem
1326 1639 1335 1647 .
1363 1614 1406 1648 Et
1417 1612 1565 1648 lucidum
1579 1615 1624 1649 est
1636 1615 1772 1649 cuilibet
1785 1614 1907 1658 legenti
1923 1626 2000 1648 curn
2014 1626 2068 1648 ve-

1177 1664 1282 1697 ritatis
1294 1675 1405 1698 amore
1419 1663 1574 1706 Capitula
1587 1664 1653 1707 ejus
1667 1689 1678 1704 ‚
1705 1665 1739 1697 &
1763 1663 1918 1707 Epistolae
1939 1664 1979 1698 ad
2000 1666 2069 1698 He-

1178 1713 1595 1757 braeosinterpretationem
1612 1739 1623 1754 ,
1649 1714 1683 1748 &
1698 1713 1881 1757 Epistolas,
1908 1715 1959 1748 vel
1972 1715 2071 1749 Festi-

1176 1774 1231 1798 vas
1258 1763 1308 1798 vel
1319 1764 1397 1798 alias
1410 1788 1421 1805 ‚
1448 1764 1481 1798 &
1495 1765 1642 1798 universa
1653 1763 1720 1806 ejus
1733 1765 1929 1807 Conscripta
1941 1789 1952 1805 ,
1981 1766 2070 1798 inve-

1178 1814 1246 1847 nire
1256 1814 1345 1857 quod
1358 1824 1460 1847 unam
1473 1824 1622 1847 naturam
1639 1814 1706 1847 Dei
1732 1814 1766 1847 &
1777 1814 1938 1847 Hominis
1959 1815 2047 1848 dicat
2059 1841 2069 1855 ‚

1177 1863 1210 1896 δε
1226 1862 1316 1906 quod
1329 1864 1401 1896 sunt
1413 1874 1532 1897 unum.
1561 1864 1606 1896 Et
1618 1863 1703 1896 circa
1714 1861 1803 1897 hunc
1828 1864 1954 1898 sensum
1982 1865 2070 1899 Caro

1177 1913 1347 1953 fitfastuS,
1373 1913 1568 1949 &mortuus
1580 1913 1678 1947 fuerit
1693 1914 1820 1954 Carne,
1849 1914 1883 1947 ὃ(
1901 1914 2069 1959 primoge*

1178 1963 1266 1997 nitus
1289 1964 1390 1997 fastus
1412 1962 1509 1997 fuerit
1521 1964 1613 1997 Deus
1625 1963 1774 1997 Verbum
1787 1975 1827 1997 ex
1840 1964 1978 1997 mortuis
1992 1966 2069 1999 Car·

1180 2025 1221 2045 ne
1233 2037 1240 2043 .
1267 2013 1385 2054 Sparsit
1399 2011 1474 2045 vero
1486 2013 1604 2047 Carnis
1617 2023 1739 2048 nomen
1751 2022 1884 2057 propter
1904 2013 2001 2048 unius
2016 2027 2069 2049 ua·

1177 2072 1252 2095 turae
1283 2061 1538 2095 confeffionem.

1227 2110 1590 2158 Qodfinonitaest‚
1621 2113 1759 2147 minime
1782 2125 1865 2158 opus
1888 2115 1932 2149 est
1956 2116 2068 2150 multi-

1178 2161 1291 2203 loquio
1312 2186 1323 2201 ,
1349 2163 1545 2196 confiteatur
1565 2164 1642 2206 quia
1663 2163 1835 2205 Christus,
1864 2166 1922 2210 qui
1945 2167 1962 2200 ἐ
1991 2167 2068 2200 δω-

1177 2213 1224 2245 έὶει
1252 2210 1396 2255 Virgine
1414 2210 1546 2254 genitus
1570 2212 1615 2245 est
1639 2215 1651 2255 (
1675 2214 1766 2247 Deus
1779 2224 1921 2257 namque
1947 2215 2068 2251 Homo

1177 2271 1261 2294 unus
1280 2260 1383 2294 Filius
1408 2285 1419 2300 ‚
1445 2260 1703 2296 unus'Christus
1731 2288 1741 2304 ‚
1767 2275 1851 2297 unus
1873 2265 2067 2308 Dominus)

1176 2311 1282 2353 passus
1296 2311 1476 2346 secundnm
1491 2311 1732 2347 humanitatem
1744 2338 1755 2355 ‚
1767 2315 1943 2349 crucifixus
1955 2318 2069 2350 secun-

1175 2359 1254 2394 dum
1267 2359 1507 2396 humanitatem
1520 2386 1530 2401 ,
1557 2361 1806 2398 &resuscitatus
1820 2364 1917 2399 fuerit
1941 2367 1959 2400 a
1981 2378 2068 2400 mor·

1174 2410 1238 2443 tuis
1264 2421 1319 2453 per
1342 2410 1445 2444 Verbi
1470 2412 1696 2447 Divinitatem
1717 2438 1727 2454 ,
1755 2425 1827 2458 quae
1848 2414 1933 2449 dixit
1954 2418 2066 2451 solvite

1174 2461 1328 2502 Templum
1340 2459 1411 2501 boc,
1439 2461 1472 2493 (θ’
1485 2465 1517 2493 in
1532 2460 1629 2495 tribus
1641 2463 1745 2496 diebus
1771 2462 1948 2506 resuscitabo
1971 2467 2049 2500 illud
2058 2491 2065 2499 .
2084 2456 2217 2493 1⁰3¹m4·

1174 2511 1206 2544 Si
1220 2509 1295 2544 vero
1308 2521 1474 2554 permanet
1485 2510 1518 2544 in
1533 2511 1696 2557 Capitulis
1709 2512 1770 2546 suis
1785 2512 1944 2549 haereticis
1963 2526 2062 2561 atque

1174 2559 1394 2603 Conscriptis,
1423 2560 1514 2594 nulla
1527 2561 1622 2595 nobis
1636 2573 1706 2605 pars
1717 2563 1761 2596 est
1776 2576 1852 2599 cum
1874 2565 1953 2600 illo.
1983 2566 2064 2601 Cer·

1172 2620 1277 2644 tamus
1300 2610 1389 2644 enim
1412 2610 1497 2645 circa
1510 2610 1834 2655 TribunalChristi,
1862 2616 1896 2650 &
1920 2616 2060 2660 Aposto-

1172 2660 1239 2695 lum
1252 2660 1412 2695 Gentium
1424 2684 1435 2701 ‚
1462 2661 1702 2705 praecipientem
1723 2662 1850 2698 bonurn
1862 2666 2058 2710 Depofitum

1170 2711 1362 2752 custodire,
1387 2722 1443 2754 per
1464 2711 1622 2755 Spiritum
1647 2713 1820 2756 Sanctum,
1848 2716 1905 2760 qui
1931 2713 2058 2754 habitat

1170 2761 1205 2796 in
1229 2761 1327 2796 nobis
1347 2787 1354 2794 .

1218 2811 1366 2846 Licitum
1381 2811 1458 2847 vero
1470 2813 1671 2850 considerare
1688 2816 1814 2850 volenti
1827 2816 1924 2852 verba
1937 2818 2005 2862 ejus
2015 2819 2057 2853 ad

1167 2861 1406 2897 seductionem.
1434 2864 1525 2911 Qia
1549 2866 1649 2900 verbo
1671 2865 1804 2908 quidem
1829 2867 1983 2902 seducens
1996 2870 2054 2904 im-

1168 2912 1345 2955 paffibilem
1367 2913 1449 2948 dicit
1471 2914 1583 2950 Deum
1608 2915 1756 2949 Verbum
1781 2941 1792 2957 ,
1819 2916 2057 2954 inconvertibi-

1166 2962 1232 2996 lem
1254 2988 1265 3005 ,
1291 2963 1534 3000 immutabilem
1556 2990 1567 3006 ,
1595 2966 1905 3008 inconcuffibilem‚
1935 2967 2053 3003 haben-

1166 3022 1232 3047 tem
1246 3037 1257 3054 ,
1284 3023 1320 3048 ut
1331 3014 1399 3058 ejus
1420 3015 1521 3049 Dicto
1534 3023 1624 3056 utar,
1651 3018 1687 3050 in
1706 3016 1824 3058 quibus
1844 3017 1890 3051 est
1907 3029 1962 3061 per
1983 3019 2054 3054 sub·

1167 3062 1317 3098 stantiam
1347 3076 1356 3107 ;
1384 3066 1419 3099 in
1445 3076 1547 3099 unam
1573 3064 1650 3100 vero
1676 3075 1824 3102 naturam
1851 3068 2052 3105 concludens

1164 3112 1266 3155 duas,
1294 3116 1408 3150 omnia
1431 3115 1573 3159 praedieta
1600 3115 1781 3150 Divinitati
1797 3117 1974 3163 unigeniti
1994 3120 2052 3154 cir·

1163 3164 1334 3207 cumponit
1346 3191 1353 3198 .
1381 3165 1519 3209 Propter
1529 3165 1618 3209 quod
1630 3177 1698 3199 non
1715 3167 1874 3202 recusavit
1897 3169 2051 3214 interpre-

1162 3213 1321 3250 tationem
1342 3215 1495 3259 Epistolae
1514 3216 1554 3249 ad
1568 3215 1724 3250 Hebraeos
1748 3215 1872 3252 dicere:
1902 3221 1988 3264 ,Quia
2015 3222 2050 3254 ὑ·

1160 3270 1274 3298 revixit
1287 3269 1369 3300 Deus
1384 3265 1512 3299 Verbum
1526 3290 1536 3306 ‚
1558 3267 1661 3311 passus
1679 3271 1794 3301 Carne.
1824 3268 1868 3303 Et
1881 3267 1947 3303 haec
1970 3269 2048 3304 vero

1159 3325 1201 3348 ex
1212 3315 1282 3348 aliis
1293 3317 1361 3360 ejus
1373 3316 1596 3359 Conscriptis‚
1626 3317 1660 3351 &
1675 3316 1818 3354 maxime
1834 3330 1875 3353 ex
1888 3319 2046 3363 Epistolis

1158 3364 1226 3408 ejus
1239 3387 1251 3405 ,
1275 3378 1354 3411 quas
1365 3376 1427 3401 tuae
1438 3378 1541 3412 nuper
1559 3367 1731 3404 Sanstitati
1754 3370 1922 3404 transmitit
1936 3392 1947 3406 ,
1975 3369 2046 3411 pos-

1593 3418 1648 3465 Q·
1677 3430 1700 3456 2
1900 3416 1994 3452 sibile
