<?xml version="1.0" encoding="UTF-8"?>
<!DOCTYPE html PUBLIC "-//W3C//DTD XHTML 1.0 Transitional//EN"
    "http://www.w3.org/TR/xhtml1/DTD/xhtml1-transitional.dtd">
<html xmlns="http://www.w3.org/1999/xhtml" xml:lang="en" lang="en">
 <head>
  <title>
</title>
<meta http-equiv="Content-Type" content="text/html;charset=utf-8" />
  <meta name='ocr-system' content='tesseract 3.04.00' />
  <meta name='ocr-capabilities' content='ocr_page ocr_carea ocr_par ocr_line ocrx_word'/>
</head>
<body>
  <div class='ocr_page' id='page_1' title='image "./operaomniastudio07lupuuoft/operaomniastudio07lupuuoft_0361.png"; bbox 0 0 2320 3730; ppageno 0'>
   <div class='ocr_carea' id='block_1_1' title="bbox 612 170 1685 231">
    <p class='ocr_par' dir='ltr' id='par_1_1' title="bbox 612 170 1685 231">
     <span class='ocr_line' id='line_1_1' title="bbox 612 170 1685 231; baseline -0.002 -11"><span class='ocrx_word' id='word_1_1' title='bbox 612 174 925 231; x_wconf 68' lang='lat' dir='ltr'>Scuomm,</span> <span class='ocrx_word' id='word_1_2' title='bbox 961 187 1024 217; x_wconf 75' lang='grc' dir='ltr'>ετ</span> <span class='ocrx_word' id='word_1_3' title='bbox 1059 170 1257 218; x_wconf 77' lang='grc' dir='ltr'><em>Νοτιε</em></span> <span class='ocrx_word' id='word_1_4' title='bbox 1293 184 1685 221; x_wconf 71' lang='lat' dir='ltr'>utvsrRATAE.</span> 
     </span>
    </p>
   </div>
   <div class='ocr_carea' id='block_1_2' title="bbox 418 359 907 408">
    <p class='ocr_par' dir='ltr' id='par_1_2' title="bbox 418 359 907 408">
     <span class='ocr_line' id='line_1_2' title="bbox 418 359 907 408; baseline 0.004 -4"><span class='ocrx_word' id='word_1_5' title='bbox 418 359 907 408; x_wconf 70' lang='lat' dir='ltr'>Senotron.</span> 
     </span>
    </p>
   </div>
   <div class='ocr_carea' id='block_1_3' title="bbox 222 504 1107 1345">
    <p class='ocr_par' dir='ltr' id='par_1_3' title="bbox 222 504 1107 1345">
     <span class='ocr_line' id='line_1_3' title="bbox 322 504 1106 552; baseline 0.001 -14"><span class='ocrx_word' id='word_1_6' title='bbox 322 504 452 540; x_wconf 82' lang='lat' dir='ltr'>Rientis</span> <span class='ocrx_word' id='word_1_7' title='bbox 474 504 619 541; x_wconf 87' lang='lat' dir='ltr'>Concilii</span> <span class='ocrx_word' id='word_1_8' title='bbox 641 505 787 550; x_wconf 83' lang='lat' dir='ltr'>Epistola</span> <span class='ocrx_word' id='word_1_9' title='bbox 807 531 817 549; x_wconf 90' lang='lat'>,</span> <span class='ocrx_word' id='word_1_10' title='bbox 846 507 938 552; x_wconf 83' lang='lat' dir='ltr'>cujus</span> <span class='ocrx_word' id='word_1_11' title='bbox 973 504 1039 539; x_wconf 85' lang='lat' dir='ltr'>hoc</span> <span class='ocrx_word' id='word_1_12' title='bbox 1062 504 1106 538; x_wconf 77' lang='lat' dir='ltr'>est</span> 
     </span>
     <span class='ocr_line' id='line_1_4' title="bbox 345 553 1106 600; baseline -0.001 -12"><span class='ocrx_word' id='word_1_13' title='bbox 345 554 565 600; x_wconf 79' lang='lat' dir='ltr'>fragmentum</span> <span class='ocrx_word' id='word_1_14' title='bbox 580 580 591 596; x_wconf 90' lang='lat'>,</span> <span class='ocrx_word' id='word_1_15' title='bbox 617 557 730 599; x_wconf 89' lang='lat' dir='ltr'>scripta</span> <span class='ocrx_word' id='word_1_16' title='bbox 742 557 787 591; x_wconf 84' lang='lat' dir='ltr'>est</span> <span class='ocrx_word' id='word_1_17' title='bbox 798 582 809 598; x_wconf 92' lang='lat'>,</span> <span class='ocrx_word' id='word_1_18' title='bbox 828 557 910 593; x_wconf 87' lang='lat' dir='ltr'>dum</span> <span class='ocrx_word' id='word_1_19' title='bbox 926 565 1049 590; x_wconf 89' lang='lat' dir='ltr'>novum</span> <span class='ocrx_word' id='word_1_20' title='bbox 1066 553 1106 587; x_wconf 90' lang='lat' dir='ltr'>de</span> 
     </span>
     <span class='ocr_line' id='line_1_5' title="bbox 226 603 1106 647; baseline -0.002 -9"><span class='ocrx_word' id='word_1_21' title='bbox 226 603 402 638; x_wconf 80' lang='lat' dir='ltr'>Theodori</span> <span class='ocrx_word' id='word_1_22' title='bbox 426 604 690 647; x_wconf 85' lang='lat' dir='ltr'>Mopsuestienfis</span> <span class='ocrx_word' id='word_1_23' title='bbox 710 617 747 640; x_wconf 87' lang='lat' dir='ltr'>ac</span> <span class='ocrx_word' id='word_1_24' title='bbox 760 606 902 641; x_wconf 88' lang='lat' dir='ltr'>Diodori</span> <span class='ocrx_word' id='word_1_25' title='bbox 916 603 1106 639; x_wconf 81' lang='lat' dir='ltr'>Tharsensis</span> 
     </span>
     <span class='ocr_line' id='line_1_6' title="bbox 227 653 1107 702; baseline -0.001 -14"><span class='ocrx_word' id='word_1_26' title='bbox 227 654 382 698; x_wconf 84' lang='lat' dir='ltr'>Episcopi</span> <span class='ocrx_word' id='word_1_27' title='bbox 406 653 613 690; x_wconf 84' lang='lat' dir='ltr'>anathemate</span> <span class='ocrx_word' id='word_1_28' title='bbox 636 655 781 691; x_wconf 81' lang='lat' dir='ltr'>Schisma</span> <span class='ocrx_word' id='word_1_29' title='bbox 804 656 873 691; x_wconf 91' lang='lat' dir='ltr'>illic</span> <span class='ocrx_word' id='word_1_30' title='bbox 896 658 1082 702; x_wconf 59' lang='lat' dir='ltr'>grassaretur</span> <span class='ocrx_word' id='word_1_31' title='bbox 1098 678 1107 694; x_wconf 93' lang='lat'>,</span> 
     </span>
     <span class='ocr_line' id='line_1_7' title="bbox 227 704 1107 748; baseline -0.002 -9"><span class='ocrx_word' id='word_1_32' title='bbox 227 705 261 739; x_wconf 75' lang='grc' dir='ltr'>δε</span> <span class='ocrx_word' id='word_1_33' title='bbox 272 705 405 748; x_wconf 81' lang='lat' dir='ltr'>quidam</span> <span class='ocrx_word' id='word_1_34' title='bbox 416 706 455 738; x_wconf 86' lang='lat' dir='ltr'>ad</span> <span class='ocrx_word' id='word_1_35' title='bbox 468 704 667 740; x_wconf 81' lang='lat' dir='ltr'>Dioscorum</span> <span class='ocrx_word' id='word_1_36' title='bbox 678 729 688 746; x_wconf 91' lang='lat'>,</span> <span class='ocrx_word' id='word_1_37' title='bbox 718 705 938 741; x_wconf 88' lang='lat' dir='ltr'>Patriarcham</span> <span class='ocrx_word' id='word_1_38' title='bbox 963 704 1107 739; x_wconf 83' lang='lat' dir='ltr'>Alexan·</span> 
     </span>
     <span class='ocr_line' id='line_1_8' title="bbox 225 752 1103 799; baseline 0.002 -13"><span class='ocrx_word' id='word_1_39' title='bbox 225 752 356 787; x_wconf 83' lang='lat' dir='ltr'>drinum</span> <span class='ocrx_word' id='word_1_40' title='bbox 370 778 379 794; x_wconf 93' lang='lat'>,</span> <span class='ocrx_word' id='word_1_41' title='bbox 403 766 440 788; x_wconf 89' lang='lat' dir='ltr'>ac</span> <span class='ocrx_word' id='word_1_42' title='bbox 454 754 752 789; x_wconf 89' lang='lat' dir='ltr'>Archimandritam</span> <span class='ocrx_word' id='word_1_43' title='bbox 767 755 974 799; x_wconf 87' lang='lat' dir='ltr'>Eutycheten</span> <span class='ocrx_word' id='word_1_44' title='bbox 985 752 1103 797; x_wconf 84' lang='lat' dir='ltr'>delapfi</span> 
     </span>
     <span class='ocr_line' id='line_1_9' title="bbox 225 802 1107 850; baseline 0.001 -13"><span class='ocrx_word' id='word_1_45' title='bbox 225 802 389 837; x_wconf 86' lang='lat' dir='ltr'>Monachi</span> <span class='ocrx_word' id='word_1_46' title='bbox 401 806 588 842; x_wconf 86' lang='lat' dir='ltr'>accusarunt</span> <span class='ocrx_word' id='word_1_47' title='bbox 598 806 672 839; x_wconf 87' lang='lat' dir='ltr'>suos</span> <span class='ocrx_word' id='word_1_48' title='bbox 684 805 861 850; x_wconf 87' lang='lat' dir='ltr'>Episcopos</span> <span class='ocrx_word' id='word_1_49' title='bbox 872 804 912 840; x_wconf 90' lang='lat' dir='ltr'>de</span> <span class='ocrx_word' id='word_1_50' title='bbox 927 804 1081 839; x_wconf 78' lang='lat' dir='ltr'>Nestorio</span> <span class='ocrx_word' id='word_1_51' title='bbox 1096 826 1107 843; x_wconf 92' lang='lat'>,</span> 
     </span>
     <span class='ocr_line' id='line_1_10' title="bbox 224 852 1106 898; baseline 0.001 -12"><span class='ocrx_word' id='word_1_52' title='bbox 224 852 368 896; x_wconf 78' lang='lat' dir='ltr'>ideoque</span> <span class='ocrx_word' id='word_1_53' title='bbox 388 853 604 889; x_wconf 88' lang='lat' dir='ltr'>discursarunt</span> <span class='ocrx_word' id='word_1_54' title='bbox 625 867 679 898; x_wconf 90' lang='lat' dir='ltr'>per</span> <span class='ocrx_word' id='word_1_55' title='bbox 701 864 803 891; x_wconf 88' lang='lat' dir='ltr'>omne</span> <span class='ocrx_word' id='word_1_56' title='bbox 813 855 984 890; x_wconf 82' lang='lat' dir='ltr'>Orientale</span> <span class='ocrx_word' id='word_1_57' title='bbox 1004 854 1106 895; x_wconf 83' lang='lat' dir='ltr'>Impe-</span> 
     </span>
     <span class='ocr_line' id='line_1_11' title="bbox 224 902 1106 946; baseline -0.001 -9"><span class='ocrx_word' id='word_1_58' title='bbox 224 902 311 938; x_wconf 84' lang='lat' dir='ltr'><strong>rium</strong></span> <span class='ocrx_word' id='word_1_59' title='bbox 325 925 336 943; x_wconf 89' lang='lat'>,</span> <span class='ocrx_word' id='word_1_60' title='bbox 363 914 454 938; x_wconf 85' lang='lat' dir='ltr'>nunc</span> <span class='ocrx_word' id='word_1_61' title='bbox 477 904 733 946; x_wconf 79' lang='lat' dir='ltr'>Alexandriam,</span> <span class='ocrx_word' id='word_1_62' title='bbox 759 916 848 940; x_wconf 90' lang='lat' dir='ltr'>nune</span> <span class='ocrx_word' id='word_1_63' title='bbox 870 903 1106 939; x_wconf 81' lang='lat' dir='ltr'>Constantino·</span> 
     </span>
     <span class='ocr_line' id='line_1_12' title="bbox 223 952 1106 999; baseline -0.001 -13"><span class='ocrx_word' id='word_1_64' title='bbox 223 952 329 995; x_wconf 87' lang='lat' dir='ltr'>polim</span> <span class='ocrx_word' id='word_1_65' title='bbox 341 976 353 993; x_wconf 89' lang='lat'>‚</span> <span class='ocrx_word' id='word_1_66' title='bbox 379 955 489 988; x_wconf 85' lang='lat' dir='ltr'>secum</span> <span class='ocrx_word' id='word_1_67' title='bbox 503 954 709 997; x_wconf 81' lang='lat' dir='ltr'>deportantes</span> <span class='ocrx_word' id='word_1_68' title='bbox 725 956 850 999; x_wconf 82' lang='lat' dir='ltr'>integra</span> <span class='ocrx_word' id='word_1_69' title='bbox 864 953 1002 997; x_wconf 81' lang='lat' dir='ltr'>plaustra</span> <span class='ocrx_word' id='word_1_70' title='bbox 1014 963 1106 986; x_wconf 87' lang='lat' dir='ltr'>accu-</span> 
     </span>
     <span class='ocr_line' id='line_1_13' title="bbox 225 1001 1104 1047; baseline 0 -13"><span class='ocrx_word' id='word_1_71' title='bbox 225 1001 408 1035; x_wconf 81' lang='lat' dir='ltr'>sationum.</span> <span class='ocrx_word' id='word_1_72' title='bbox 435 1002 582 1036; x_wconf 85' lang='lat' dir='ltr'>Proinde</span> <span class='ocrx_word' id='word_1_73' title='bbox 602 1004 720 1045; x_wconf 84' lang='lat' dir='ltr'>scripta</span> <span class='ocrx_word' id='word_1_74' title='bbox 740 1002 785 1036; x_wconf 84' lang='lat' dir='ltr'>est</span> <span class='ocrx_word' id='word_1_75' title='bbox 807 1003 879 1046; x_wconf 86' lang='lat' dir='ltr'>post</span> <span class='ocrx_word' id='word_1_76' title='bbox 907 1001 1104 1047; x_wconf 74' lang='lat' dir='ltr'>quadragesi·</span> 
     </span>
     <span class='ocr_line' id='line_1_14' title="bbox 224 1049 1106 1097; baseline 0 -13"><span class='ocrx_word' id='word_1_77' title='bbox 224 1060 317 1084; x_wconf 84' lang='lat' dir='ltr'>mum</span> <span class='ocrx_word' id='word_1_78' title='bbox 329 1058 481 1092; x_wconf 85' lang='lat' dir='ltr'>quartum</span> <span class='ocrx_word' id='word_1_79' title='bbox 494 1049 584 1085; x_wconf 86' lang='lat' dir='ltr'>istius</span> <span class='ocrx_word' id='word_1_80' title='bbox 596 1051 710 1086; x_wconf 79' lang='lat' dir='ltr'>Saeculi</span> <span class='ocrx_word' id='word_1_81' title='bbox 723 1063 847 1086; x_wconf 89' lang='lat' dir='ltr'>annum</span> <span class='ocrx_word' id='word_1_82' title='bbox 858 1078 869 1094; x_wconf 93' lang='lat'>,</span> <span class='ocrx_word' id='word_1_83' title='bbox 896 1064 962 1097; x_wconf 87' lang='lat' dir='ltr'>quo</span> <span class='ocrx_word' id='word_1_84' title='bbox 974 1053 1106 1087; x_wconf 71' lang='lat' dir='ltr'>sanctus</span> 
     </span>
     <span class='ocr_line' id='line_1_15' title="bbox 224 1097 1106 1146; baseline 0 -12"><span class='ocrx_word' id='word_1_85' title='bbox 224 1098 375 1141; x_wconf 78' lang='lat' dir='ltr'>Cyrinus</span> <span class='ocrx_word' id='word_1_86' title='bbox 385 1097 470 1134; x_wconf 89' lang='lat' dir='ltr'>obiit</span> <span class='ocrx_word' id='word_1_87' title='bbox 485 1123 492 1133; x_wconf 86' lang='grc'><em>,</em></span> <span class='ocrx_word' id='word_1_88' title='bbox 505 1101 614 1135; x_wconf 81' lang='lat' dir='ltr'>Antea</span> <span class='ocrx_word' id='word_1_89' title='bbox 626 1102 721 1135; x_wconf 86' lang='lat' dir='ltr'>scribi</span> <span class='ocrx_word' id='word_1_90' title='bbox 735 1113 804 1135; x_wconf 90' lang='lat' dir='ltr'>non</span> <span class='ocrx_word' id='word_1_91' title='bbox 818 1104 942 1146; x_wconf 87' lang='lat' dir='ltr'>potuit.</span> <span class='ocrx_word' id='word_1_92' title='bbox 973 1104 1106 1137; x_wconf 72' lang='lat' dir='ltr'>sanetus</span> 
     </span>
     <span class='ocr_line' id='line_1_16' title="bbox 222 1148 1105 1192; baseline 0.003 -9"><span class='ocrx_word' id='word_1_93' title='bbox 222 1149 325 1184; x_wconf 89' lang='lat' dir='ltr'>etiam</span> <span class='ocrx_word' id='word_1_94' title='bbox 337 1148 506 1192; x_wconf 70' lang='lat' dir='ltr'>Cyrinus,</span> <span class='ocrx_word' id='word_1_95' title='bbox 533 1150 612 1185; x_wconf 84' lang='lat' dir='ltr'>licet</span> <span class='ocrx_word' id='word_1_96' title='bbox 635 1149 810 1186; x_wconf 85' lang='lat' dir='ltr'>Theodori</span> <span class='ocrx_word' id='word_1_97' title='bbox 827 1162 864 1186; x_wconf 90' lang='lat' dir='ltr'>ac</span> <span class='ocrx_word' id='word_1_98' title='bbox 879 1151 1022 1186; x_wconf 90' lang='lat' dir='ltr'>Diodori</span> <span class='ocrx_word' id='word_1_99' title='bbox 1035 1162 1105 1186; x_wconf 86' lang='lat' dir='ltr'>ana·</span> 
     </span>
     <span class='ocr_line' id='line_1_17' title="bbox 224 1195 1105 1246; baseline 0.005 -14"><span class='ocrx_word' id='word_1_100' title='bbox 224 1195 336 1233; x_wconf 89' lang='lat' dir='ltr'>thema</span> <span class='ocrx_word' id='word_1_101' title='bbox 347 1199 481 1234; x_wconf 86' lang='lat' dir='ltr'>tandem</span> <span class='ocrx_word' id='word_1_102' title='bbox 495 1199 683 1241; x_wconf 84' lang='lat' dir='ltr'>admiserit,</span> <span class='ocrx_word' id='word_1_103' title='bbox 711 1212 915 1246; x_wconf 86' lang='lat' dir='ltr'>nequaquam</span> <span class='ocrx_word' id='word_1_104' title='bbox 929 1212 1038 1236; x_wconf 89' lang='lat' dir='ltr'>tamen</span> <span class='ocrx_word' id='word_1_105' title='bbox 1053 1202 1105 1236; x_wconf 89' lang='lat' dir='ltr'>ad-</span> 
     </span>
     <span class='ocr_line' id='line_1_18' title="bbox 223 1248 1106 1295; baseline 0.001 -12"><span class='ocrx_word' id='word_1_106' title='bbox 223 1248 312 1284; x_wconf 81' lang='lat' dir='ltr'>misit</span> <span class='ocrx_word' id='word_1_107' title='bbox 333 1248 408 1283; x_wconf 80' lang='lat' dir='ltr'>istas</span> <span class='ocrx_word' id='word_1_108' title='bbox 430 1249 610 1285; x_wconf 75' lang='lat' dir='ltr'>calumnias</span> <span class='ocrx_word' id='word_1_109' title='bbox 630 1250 664 1284; x_wconf 92' lang='lat' dir='ltr'>in</span> <span class='ocrx_word' id='word_1_110' title='bbox 700 1250 884 1286; x_wconf 79' lang='lat' dir='ltr'>orientales</span> <span class='ocrx_word' id='word_1_111' title='bbox 908 1251 1086 1295; x_wconf 82' lang='lat' dir='ltr'>Episcopos</span> <span class='ocrx_word' id='word_1_112' title='bbox 1099 1277 1106 1284; x_wconf 91' lang='lat'><strong>.</strong></span> 
     </span>
     <span class='ocr_line' id='line_1_19' title="bbox 223 1298 1105 1345; baseline 0.003 -13"><span class='ocrx_word' id='word_1_113' title='bbox 223 1298 406 1334; x_wconf 84' lang='lat' dir='ltr'>Dioscorus</span> <span class='ocrx_word' id='word_1_114' title='bbox 417 1300 463 1333; x_wconf 89' lang='lat' dir='ltr'>eis</span> <span class='ocrx_word' id='word_1_115' title='bbox 487 1300 558 1334; x_wconf 81' lang='lat' dir='ltr'>suas</span> <span class='ocrx_word' id='word_1_116' title='bbox 580 1312 671 1336; x_wconf 79' lang='lat' dir='ltr'>aures</span> <span class='ocrx_word' id='word_1_117' title='bbox 694 1300 843 1345; x_wconf 77' lang='lat' dir='ltr'>praebuit.</span> <span class='ocrx_word' id='word_1_118' title='bbox 870 1301 1016 1336; x_wconf 86' lang='lat' dir='ltr'>Proinde</span> <span class='ocrx_word' id='word_1_119' title='bbox 1037 1313 1105 1336; x_wconf 88' lang='lat' dir='ltr'>non</span> 
     </span>
    </p>
   </div>
   <div class='ocr_carea' id='block_1_4' title="bbox 224 1348 1130 1396">
    <p class='ocr_par' dir='ltr' id='par_1_4' title="bbox 224 1348 1130 1396">
     <span class='ocr_line' id='line_1_20' title="bbox 224 1348 1130 1396; baseline 0.003 -14"><span class='ocrx_word' id='word_1_120' title='bbox 224 1348 386 1390; x_wconf 81' lang='lat' dir='ltr'>Ioannes,</span> <span class='ocrx_word' id='word_1_121' title='bbox 413 1348 467 1383; x_wconf 89' lang='lat' dir='ltr'>sed</span> <span class='ocrx_word' id='word_1_122' title='bbox 492 1351 648 1385; x_wconf 90' lang='lat' dir='ltr'>Domnus</span> <span class='ocrx_word' id='word_1_123' title='bbox 669 1350 856 1387; x_wconf 85' lang='lat' dir='ltr'>Patriarcha</span> <span class='ocrx_word' id='word_1_124' title='bbox 881 1351 1105 1396; x_wconf 85' lang='lat' dir='ltr'>scripfitistam</span> <span class='ocrx_word' id='word_1_125' title='bbox 1128 1372 1130 1374; x_wconf 38' lang='lat' dir='ltr'>v</span> 
     </span>
    </p>
   </div>
   <div class='ocr_carea' id='block_1_5' title="bbox 221 1397 1109 2438">
    <p class='ocr_par' dir='ltr' id='par_1_5' title="bbox 221 1397 1109 2438">
     <span class='ocr_line' id='line_1_21' title="bbox 223 1397 1108 1444; baseline 0.003 -13"><span class='ocrx_word' id='word_1_126' title='bbox 223 1397 408 1442; x_wconf 77' lang='lat' dir='ltr'>Epistolam</span> <span class='ocrx_word' id='word_1_127' title='bbox 424 1423 431 1431; x_wconf 91' lang='lat'><strong>.</strong></span> <span class='ocrx_word' id='word_1_128' title='bbox 459 1400 502 1434; x_wconf 90' lang='lat' dir='ltr'>Et</span> <span class='ocrx_word' id='word_1_129' title='bbox 515 1402 589 1444; x_wconf 89' lang='lat' dir='ltr'>quia</span> <span class='ocrx_word' id='word_1_130' title='bbox 612 1402 721 1436; x_wconf 78' lang='lat' dir='ltr'>omnis</span> <span class='ocrx_word' id='word_1_131' title='bbox 733 1402 897 1437; x_wconf 88' lang='lat' dir='ltr'>calumnia</span> <span class='ocrx_word' id='word_1_132' title='bbox 911 1401 1108 1436; x_wconf 84' lang='lat' dir='ltr'>fundabatur</span> 
     </span>
     <span class='ocr_line' id='line_1_22' title="bbox 222 1446 1109 1495; baseline 0.003 -13"><span class='ocrx_word' id='word_1_133' title='bbox 222 1446 259 1482; x_wconf 87' lang='lat' dir='ltr'>in</span> <span class='ocrx_word' id='word_1_134' title='bbox 270 1446 446 1484; x_wconf 87' lang='lat' dir='ltr'>Theodori</span> <span class='ocrx_word' id='word_1_135' title='bbox 468 1461 506 1484; x_wconf 91' lang='lat' dir='ltr'>ac</span> <span class='ocrx_word' id='word_1_136' title='bbox 530 1451 673 1486; x_wconf 88' lang='lat' dir='ltr'>Diodori</span> <span class='ocrx_word' id='word_1_137' title='bbox 698 1451 889 1487; x_wconf 71' lang='lat' dir='ltr'>patrocinio</span> <span class='ocrx_word' id='word_1_138' title='bbox 915 1477 926 1493; x_wconf 90' lang='lat'>,</span> <span class='ocrx_word' id='word_1_139' title='bbox 954 1452 1109 1495; x_wconf 85' lang='lat' dir='ltr'>Epistolae</span> 
     </span>
     <span class='ocr_line' id='line_1_23' title="bbox 222 1498 1108 1545; baseline 0.007 -15"><span class='ocrx_word' id='word_1_140' title='bbox 222 1498 383 1533; x_wconf 75' lang='lat' dir='ltr'>annexuit</span> <span class='ocrx_word' id='word_1_141' title='bbox 393 1498 472 1533; x_wconf 88' lang='lat' dir='ltr'>duas</span> <span class='ocrx_word' id='word_1_142' title='bbox 486 1501 532 1534; x_wconf 88' lang='lat' dir='ltr'>sui</span> <span class='ocrx_word' id='word_1_143' title='bbox 546 1502 766 1536; x_wconf 82' lang='lat' dir='ltr'>Antecefforis</span> <span class='ocrx_word' id='word_1_144' title='bbox 776 1513 834 1545; x_wconf 90' lang='lat' dir='ltr'>pro</span> <span class='ocrx_word' id='word_1_145' title='bbox 847 1502 911 1536; x_wconf 92' lang='lat' dir='ltr'>illis</span> <span class='ocrx_word' id='word_1_146' title='bbox 925 1502 1085 1545; x_wconf 85' lang='lat' dir='ltr'>Epistolas</span> <span class='ocrx_word' id='word_1_147' title='bbox 1097 1526 1108 1543; x_wconf 90' lang='lat'>‚</span> 
     </span>
     <span class='ocr_line' id='line_1_24' title="bbox 222 1547 1105 1594; baseline 0.005 -14"><span class='ocrx_word' id='word_1_148' title='bbox 222 1547 357 1581; x_wconf 83' lang='lat' dir='ltr'>fotfitan</span> <span class='ocrx_word' id='word_1_149' title='bbox 389 1550 491 1583; x_wconf 86' lang='lat' dir='ltr'>etiam</span> <span class='ocrx_word' id='word_1_150' title='bbox 524 1551 657 1594; x_wconf 87' lang='lat' dir='ltr'>scriptas</span> <span class='ocrx_word' id='word_1_151' title='bbox 682 1551 723 1583; x_wconf 83' lang='lat' dir='ltr'>ad</span> <span class='ocrx_word' id='word_1_152' title='bbox 750 1553 902 1585; x_wconf 69' lang='lat' dir='ltr'>Sanstum</span> <span class='ocrx_word' id='word_1_153' title='bbox 929 1551 1082 1585; x_wconf 87' lang='lat' dir='ltr'>Proclum</span> <span class='ocrx_word' id='word_1_154' title='bbox 1095 1575 1105 1592; x_wconf 93' lang='lat'>,</span> 
     </span>
     <span class='ocr_line' id='line_1_25' title="bbox 221 1599 1106 1644; baseline 0.003 -14"><span class='ocrx_word' id='word_1_155' title='bbox 221 1605 360 1639; x_wconf 86' lang='lat' dir='ltr'>quarum</span> <span class='ocrx_word' id='word_1_156' title='bbox 397 1599 579 1642; x_wconf 78' lang='lat' dir='ltr'>fragmenta</span> <span class='ocrx_word' id='word_1_157' title='bbox 619 1599 779 1634; x_wconf 86' lang='lat' dir='ltr'>habemus</span> <span class='ocrx_word' id='word_1_158' title='bbox 804 1600 890 1644; x_wconf 85' lang='lat' dir='ltr'>apud</span> <span class='ocrx_word' id='word_1_159' title='bbox 913 1600 1106 1637; x_wconf 86' lang='lat' dir='ltr'>Facundum</span> 
     </span>
     <span class='ocr_line' id='line_1_26' title="bbox 221 1645 1107 1685; baseline 0.005 -6"><span class='ocrx_word' id='word_1_160' title='bbox 221 1645 495 1682; x_wconf 80' lang='lat' dir='ltr'>Hermianensem</span> <span class='ocrx_word' id='word_1_161' title='bbox 509 1672 516 1680; x_wconf 89' lang='lat'><strong>.</strong></span> <span class='ocrx_word' id='word_1_162' title='bbox 543 1648 633 1683; x_wconf 83' lang='lat' dir='ltr'>Idem</span> <span class='ocrx_word' id='word_1_163' title='bbox 654 1650 831 1685; x_wconf 85' lang='lat' dir='ltr'>Facundus</span> <span class='ocrx_word' id='word_1_164' title='bbox 851 1650 948 1684; x_wconf 88' lang='lat' dir='ltr'>nobis</span> <span class='ocrx_word' id='word_1_165' title='bbox 969 1650 1107 1685; x_wconf 85' lang='lat' dir='ltr'>custodi-</span> 
     </span>
     <span class='ocr_line' id='line_1_27' title="bbox 222 1696 1108 1742; baseline 0.007 -12"><span class='ocrx_word' id='word_1_166' title='bbox 222 1696 271 1730; x_wconf 90' lang='lat' dir='ltr'>vit</span> <span class='ocrx_word' id='word_1_167' title='bbox 281 1696 501 1740; x_wconf 84' lang='lat' dir='ltr'>fragmentum</span> <span class='ocrx_word' id='word_1_168' title='bbox 515 1698 669 1742; x_wconf 82' lang='lat' dir='ltr'>Epistolae</span> <span class='ocrx_word' id='word_1_169' title='bbox 681 1724 691 1740; x_wconf 92' lang='lat'>,</span> <span class='ocrx_word' id='word_1_170' title='bbox 709 1710 808 1741; x_wconf 87' lang='lat' dir='ltr'>quam</span> <span class='ocrx_word' id='word_1_171' title='bbox 825 1701 979 1735; x_wconf 89' lang='lat' dir='ltr'>Domnus</span> <span class='ocrx_word' id='word_1_172' title='bbox 993 1702 1108 1736; x_wconf 88' lang='lat' dir='ltr'>eadem</span> 
     </span>
     <span class='ocr_line' id='line_1_28' title="bbox 223 1745 1108 1792; baseline 0.006 -13"><span class='ocrx_word' id='word_1_173' title='bbox 223 1745 266 1780; x_wconf 90' lang='lat' dir='ltr'>de</span> <span class='ocrx_word' id='word_1_174' title='bbox 276 1757 310 1780; x_wconf 91' lang='lat' dir='ltr'>re</span> <span class='ocrx_word' id='word_1_175' title='bbox 321 1745 440 1790; x_wconf 77' lang='lat' dir='ltr'>scripfic</span> <span class='ocrx_word' id='word_1_176' title='bbox 451 1747 492 1781; x_wconf 88' lang='lat' dir='ltr'>ad</span> <span class='ocrx_word' id='word_1_177' title='bbox 505 1747 737 1792; x_wconf 85' lang='lat' dir='ltr'>Imperatorem</span> <span class='ocrx_word' id='word_1_178' title='bbox 751 1749 980 1784; x_wconf 76' lang='lat' dir='ltr'>Theodosium</span> <span class='ocrx_word' id='word_1_179' title='bbox 992 1764 1000 1785; x_wconf 91' lang='lat'>:</span> <span class='ocrx_word' id='word_1_180' title='bbox 1019 1751 1108 1785; x_wconf 90' lang='lat' dir='ltr'>Con·</span> 
     </span>
     <span class='ocr_line' id='line_1_29' title="bbox 222 1796 1107 1844; baseline 0.006 -14"><span class='ocrx_word' id='word_1_181' title='bbox 222 1796 308 1831; x_wconf 85' lang='lat' dir='ltr'>tinet</span> <span class='ocrx_word' id='word_1_182' title='bbox 318 1797 448 1832; x_wconf 90' lang='lat' dir='ltr'>easdem</span> <span class='ocrx_word' id='word_1_183' title='bbox 459 1797 681 1840; x_wconf 80' lang='lat' dir='ltr'>querimonias</span> <span class='ocrx_word' id='word_1_184' title='bbox 693 1824 704 1840; x_wconf 88' lang='lat'>‚</span> <span class='ocrx_word' id='word_1_185' title='bbox 732 1799 873 1844; x_wconf 86' lang='lat' dir='ltr'>ideoque</span> <span class='ocrx_word' id='word_1_186' title='bbox 887 1800 996 1835; x_wconf 86' lang='lat' dir='ltr'>suadet</span> <span class='ocrx_word' id='word_1_187' title='bbox 1008 1802 1107 1835; x_wconf 84' lang='lat' dir='ltr'>etiam</span> 
     </span>
     <span class='ocr_line' id='line_1_30' title="bbox 224 1846 1106 1893; baseline 0.007 -14"><span class='ocrx_word' id='word_1_188' title='bbox 224 1847 358 1888; x_wconf 82' lang='lat' dir='ltr'>praesens</span> <span class='ocrx_word' id='word_1_189' title='bbox 370 1846 588 1890; x_wconf 84' lang='lat' dir='ltr'>fragmentum</span> <span class='ocrx_word' id='word_1_190' title='bbox 600 1850 662 1884; x_wconf 81' lang='lat' dir='ltr'>effe</span> <span class='ocrx_word' id='word_1_191' title='bbox 673 1862 714 1885; x_wconf 83' lang='lat' dir='ltr'>ex</span> <span class='ocrx_word' id='word_1_192' title='bbox 727 1850 790 1884; x_wconf 88' lang='lat' dir='ltr'>alia</span> <span class='ocrx_word' id='word_1_193' title='bbox 808 1849 952 1893; x_wconf 83' lang='lat' dir='ltr'>Epistola</span> <span class='ocrx_word' id='word_1_194' title='bbox 966 1851 1106 1893; x_wconf 78' lang='lat' dir='ltr'>ejusdem</span> 
     </span>
     <span class='ocr_line' id='line_1_31' title="bbox 224 1894 1107 1943; baseline 0.008 -15"><span class='ocrx_word' id='word_1_195' title='bbox 224 1894 375 1930; x_wconf 89' lang='lat' dir='ltr'>Domni.</span> <span class='ocrx_word' id='word_1_196' title='bbox 404 1897 559 1932; x_wconf 90' lang='lat' dir='ltr'>Domnus</span> <span class='ocrx_word' id='word_1_197' title='bbox 584 1900 910 1943; x_wconf 84' lang='lat' dir='ltr'>Constantinopolim</span> <span class='ocrx_word' id='word_1_198' title='bbox 937 1899 998 1935; x_wconf 90' lang='lat' dir='ltr'>hac</span> <span class='ocrx_word' id='word_1_199' title='bbox 1022 1901 1062 1935; x_wconf 91' lang='lat' dir='ltr'>de</span> <span class='ocrx_word' id='word_1_200' title='bbox 1075 1913 1107 1936; x_wconf 91' lang='lat' dir='ltr'>re</span> 
     </span>
     <span class='ocr_line' id='line_1_32' title="bbox 225 1945 1107 1995; baseline 0.008 -17"><span class='ocrx_word' id='word_1_201' title='bbox 225 1945 347 1990; x_wconf 81' lang='lat' dir='ltr'>scripfit</span> <span class='ocrx_word' id='word_1_202' title='bbox 367 1946 449 1982; x_wconf 85' lang='lat' dir='ltr'>duas</span> <span class='ocrx_word' id='word_1_203' title='bbox 474 1948 635 1991; x_wconf 77' lang='lat' dir='ltr'>Epistulas</span> <span class='ocrx_word' id='word_1_204' title='bbox 662 1963 669 1982; x_wconf 92' lang='lat'>:</span> <span class='ocrx_word' id='word_1_205' title='bbox 698 1949 810 1985; x_wconf 82' lang='lat' dir='ltr'>Aliam</span> <span class='ocrx_word' id='word_1_206' title='bbox 831 1951 872 1984; x_wconf 89' lang='lat' dir='ltr'>ad</span> <span class='ocrx_word' id='word_1_207' title='bbox 896 1950 1107 1995; x_wconf 85' lang='lat' dir='ltr'>Principem,</span> 
     </span>
     <span class='ocr_line' id='line_1_33' title="bbox 223 1996 1107 2044; baseline 0.008 -16"><span class='ocrx_word' id='word_1_208' title='bbox 223 1996 323 2030; x_wconf 84' lang='lat' dir='ltr'>aliam</span> <span class='ocrx_word' id='word_1_209' title='bbox 334 1997 373 2031; x_wconf 88' lang='lat' dir='ltr'>ad</span> <span class='ocrx_word' id='word_1_210' title='bbox 386 1996 561 2032; x_wconf 86' lang='lat' dir='ltr'>Proclum.</span> <span class='ocrx_word' id='word_1_211' title='bbox 590 1998 633 2034; x_wconf 87' lang='lat' dir='ltr'>Et</span> <span class='ocrx_word' id='word_1_212' title='bbox 647 2001 723 2043; x_wconf 84' lang='lat' dir='ltr'>quia</span> <span class='ocrx_word' id='word_1_213' title='bbox 745 2000 779 2034; x_wconf 86' lang='lat' dir='ltr'>in</span> <span class='ocrx_word' id='word_1_214' title='bbox 792 2000 889 2044; x_wconf 84' lang='lat' dir='ltr'>priori</span> <span class='ocrx_word' id='word_1_215' title='bbox 914 2001 1050 2036; x_wconf 76' lang='lat' dir='ltr'>revelata</span> <span class='ocrx_word' id='word_1_216' title='bbox 1062 2003 1107 2035; x_wconf 87' lang='lat' dir='ltr'>fa-</span> 
     </span>
     <span class='ocr_line' id='line_1_34' title="bbox 223 2045 1107 2091; baseline 0.006 -13"><span class='ocrx_word' id='word_1_217' title='bbox 223 2045 275 2079; x_wconf 91' lang='lat' dir='ltr'>cie</span> <span class='ocrx_word' id='word_1_218' title='bbox 293 2047 452 2082; x_wconf 86' lang='lat' dir='ltr'>accusavit</span> <span class='ocrx_word' id='word_1_219' title='bbox 465 2047 686 2090; x_wconf 85' lang='lat' dir='ltr'>Eutychetern</span> <span class='ocrx_word' id='word_1_220' title='bbox 701 2074 713 2090; x_wconf 92' lang='lat'>,</span> <span class='ocrx_word' id='word_1_221' title='bbox 739 2050 810 2091; x_wconf 87' lang='lat' dir='ltr'>ejus</span> <span class='ocrx_word' id='word_1_222' title='bbox 827 2050 908 2082; x_wconf 89' lang='lat' dir='ltr'>iram</span> <span class='ocrx_word' id='word_1_223' title='bbox 924 2062 990 2084; x_wconf 88' lang='lat' dir='ltr'>non</span> <span class='ocrx_word' id='word_1_224' title='bbox 1003 2051 1107 2083; x_wconf 90' lang='lat' dir='ltr'>modi-</span> 
     </span>
     <span class='ocr_line' id='line_1_35' title="bbox 223 2092 1108 2136; baseline 0.005 -7"><span class='ocrx_word' id='word_1_225' title='bbox 223 2092 428 2131; x_wconf 75' lang='lat' dir='ltr'>ceincurrit.</span> <span class='ocrx_word' id='word_1_226' title='bbox 456 2096 616 2132; x_wconf 80' lang='lat' dir='ltr'>Attamen</span> <span class='ocrx_word' id='word_1_227' title='bbox 643 2099 772 2132; x_wconf 89' lang='lat' dir='ltr'>vivente</span> <span class='ocrx_word' id='word_1_228' title='bbox 795 2097 917 2132; x_wconf 88' lang='lat' dir='ltr'>Proclo</span> <span class='ocrx_word' id='word_1_229' title='bbox 938 2098 1108 2136; x_wconf 81' lang='lat' dir='ltr'>calumniae</span> 
     </span>
     <span class='ocr_line' id='line_1_36' title="bbox 222 2145 1106 2187; baseline 0.006 -9"><span class='ocrx_word' id='word_1_230' title='bbox 222 2156 293 2179; x_wconf 87' lang='lat' dir='ltr'>non</span> <span class='ocrx_word' id='word_1_231' title='bbox 305 2145 537 2180; x_wconf 89' lang='lat' dir='ltr'>obtinuerunt.</span> <span class='ocrx_word' id='word_1_232' title='bbox 564 2148 634 2181; x_wconf 88' lang='lat' dir='ltr'>Hic</span> <span class='ocrx_word' id='word_1_233' title='bbox 645 2149 735 2183; x_wconf 88' lang='lat' dir='ltr'>enim</span> <span class='ocrx_word' id='word_1_234' title='bbox 753 2159 814 2182; x_wconf 92' lang='lat' dir='ltr'>nec</span> <span class='ocrx_word' id='word_1_235' title='bbox 827 2149 896 2183; x_wconf 86' lang='lat' dir='ltr'>suas</span> <span class='ocrx_word' id='word_1_236' title='bbox 909 2149 1000 2182; x_wconf 89' lang='lat' dir='ltr'>dedit</span> <span class='ocrx_word' id='word_1_237' title='bbox 1012 2171 1023 2187; x_wconf 85' lang='lat'>,</span> <span class='ocrx_word' id='word_1_238' title='bbox 1046 2160 1106 2183; x_wconf 86' lang='lat' dir='ltr'>nec</span> 
     </span>
     <span class='ocr_line' id='line_1_37' title="bbox 223 2193 1104 2238; baseline 0.003 -11"><span class='ocrx_word' id='word_1_239' title='bbox 223 2193 405 2237; x_wconf 85' lang='lat' dir='ltr'>Principis,</span> <span class='ocrx_word' id='word_1_240' title='bbox 430 2194 515 2237; x_wconf 82' lang='lat' dir='ltr'>apud</span> <span class='ocrx_word' id='word_1_241' title='bbox 527 2206 625 2237; x_wconf 88' lang='lat' dir='ltr'>quem</span> <span class='ocrx_word' id='word_1_242' title='bbox 640 2206 765 2238; x_wconf 88' lang='lat' dir='ltr'>poterat</span> <span class='ocrx_word' id='word_1_243' title='bbox 777 2197 888 2230; x_wconf 90' lang='lat' dir='ltr'>omnia</span> <span class='ocrx_word' id='word_1_244' title='bbox 901 2220 913 2236; x_wconf 89' lang='lat'>‚</span> <span class='ocrx_word' id='word_1_245' title='bbox 941 2208 1032 2230; x_wconf 83' lang='lat' dir='ltr'>aures</span> <span class='ocrx_word' id='word_1_246' title='bbox 1060 2199 1104 2230; x_wconf 83' lang='lat' dir='ltr'>eis</span> 
     </span>
     <span class='ocr_line' id='line_1_38' title="bbox 224 2243 1106 2286; baseline 0.001 -9"><span class='ocrx_word' id='word_1_247' title='bbox 224 2243 386 2286; x_wconf 77' lang='lat' dir='ltr'>permisit.</span> <span class='ocrx_word' id='word_1_248' title='bbox 415 2245 581 2278; x_wconf 73' lang='lat' dir='ltr'>Successor</span> <span class='ocrx_word' id='word_1_249' title='bbox 593 2246 728 2279; x_wconf 65' lang='lat' dir='ltr'>Sanelus</span> <span class='ocrx_word' id='word_1_250' title='bbox 740 2244 913 2278; x_wconf 88' lang='lat' dir='ltr'>Flavianus</span> <span class='ocrx_word' id='word_1_251' title='bbox 921 2256 960 2279; x_wconf 82' lang='lat' dir='ltr'>ex</span> <span class='ocrx_word' id='word_1_252' title='bbox 973 2245 1106 2278; x_wconf 88' lang='lat' dir='ltr'>rationi-</span> 
     </span>
     <span class='ocr_line' id='line_1_39' title="bbox 223 2292 1107 2337; baseline 0 -9"><span class='ocrx_word' id='word_1_253' title='bbox 223 2292 285 2328; x_wconf 87' lang='lat' dir='ltr'>bus</span> <span class='ocrx_word' id='word_1_254' title='bbox 297 2304 365 2328; x_wconf 85' lang='lat' dir='ltr'>non</span> <span class='ocrx_word' id='word_1_255' title='bbox 378 2293 440 2328; x_wconf 87' lang='lat' dir='ltr'>fuit</span> <span class='ocrx_word' id='word_1_256' title='bbox 452 2294 542 2327; x_wconf 85' lang='lat' dir='ltr'>istius</span> <span class='ocrx_word' id='word_1_257' title='bbox 563 2295 718 2337; x_wconf 82' lang='lat' dir='ltr'>potentiae</span> <span class='ocrx_word' id='word_1_258' title='bbox 730 2318 740 2334; x_wconf 88' lang='lat'>,</span> <span class='ocrx_word' id='word_1_259' title='bbox 767 2293 907 2337; x_wconf 90' lang='lat' dir='ltr'>ideoque</span> <span class='ocrx_word' id='word_1_260' title='bbox 930 2305 1010 2328; x_wconf 91' lang='lat' dir='ltr'>tunc</span> <span class='ocrx_word' id='word_1_261' title='bbox 1023 2295 1107 2328; x_wconf 87' lang='lat' dir='ltr'>calu·</span> 
     </span>
     <span class='ocr_line' id='line_1_40' title="bbox 223 2342 1107 2389; baseline 0.005 -13"><span class='ocrx_word' id='word_1_262' title='bbox 223 2343 321 2376; x_wconf 82' lang='lat' dir='ltr'>mniae</span> <span class='ocrx_word' id='word_1_263' title='bbox 345 2366 355 2383; x_wconf 94' lang='lat'>‚</span> <span class='ocrx_word' id='word_1_264' title='bbox 379 2355 418 2377; x_wconf 90' lang='lat' dir='ltr'>ac</span> <span class='ocrx_word' id='word_1_265' title='bbox 441 2355 495 2387; x_wconf 90' lang='lat' dir='ltr'>per</span> <span class='ocrx_word' id='word_1_266' title='bbox 526 2344 608 2387; x_wconf 85' lang='lat' dir='ltr'>ipsas</span> <span class='ocrx_word' id='word_1_267' title='bbox 640 2343 848 2387; x_wconf 68' lang='lat' dir='ltr'>Eutychiana</span> <span class='ocrx_word' id='word_1_268' title='bbox 883 2342 1080 2389; x_wconf 87' lang='lat' dir='ltr'>blasphemia</span> <span class='ocrx_word' id='word_1_269' title='bbox 1095 2369 1107 2385; x_wconf 91' lang='lat'>,</span> 
     </span>
     <span class='ocr_line' id='line_1_41' title="bbox 222 2392 583 2438; baseline 0.003 -13"><span class='ocrx_word' id='word_1_270' title='bbox 222 2392 430 2435; x_wconf 85' lang='lat' dir='ltr'>incoeperunt</span> <span class='ocrx_word' id='word_1_271' title='bbox 453 2394 583 2438; x_wconf 89' lang='lat' dir='ltr'>vigere.</span> 
     </span>
    </p>
   </div>
   <div class='ocr_carea' id='block_1_6' title="bbox 382 2603 1105 2651">
    <p class='ocr_par' dir='ltr' id='par_1_6' title="bbox 382 2603 1105 2651">
     <span class='ocr_line' id='line_1_42' title="bbox 382 2603 1105 2651; baseline 0 -2"><span class='ocrx_word' id='word_1_272' title='bbox 382 2603 637 2651; x_wconf 84' lang='lat' dir='ltr'>CAPUT</span> <span class='ocrx_word' id='word_1_273' title='bbox 673 2606 906 2651; x_wconf 90' lang='lat' dir='ltr'>CXCVII.</span> <span class='ocrx_word' id='word_1_274' title='bbox 942 2605 1105 2650; x_wconf 88' lang='lat'><em>--2.86</em></span> 
     </span>
    </p>
   </div>
   <div class='ocr_carea' id='block_1_7' title="bbox 220 2739 1104 3017">
    <p class='ocr_par' dir='ltr' id='par_1_7' title="bbox 220 2739 1104 3017">
     <span class='ocr_line' id='line_1_43' title="bbox 220 2739 1104 2811; baseline -0.001 -23"><span class='ocrx_word' id='word_1_275' title='bbox 220 2739 394 2809; x_wconf 62' lang='lat' dir='ltr'>Epistola</span> <span class='ocrx_word' id='word_1_276' title='bbox 411 2744 570 2793; x_wconf 76' lang='lat' dir='ltr'>Joanm&#39;s</span> <span class='ocrx_word' id='word_1_277' title='bbox 582 2741 635 2787; x_wconf 78' lang='lat' dir='ltr'>ad</span> <span class='ocrx_word' id='word_1_278' title='bbox 657 2741 856 2802; x_wconf 53' lang='lat' dir='ltr'>Proclama,</span> <span class='ocrx_word' id='word_1_279' title='bbox 886 2759 955 2811; x_wconf 81' lang='lat' dir='ltr'>per</span> <span class='ocrx_word' id='word_1_280' title='bbox 990 2759 1104 2807; x_wconf 75' lang='lat' dir='ltr'>quam</span> 
     </span>
     <span class='ocr_line' id='line_1_44' title="bbox 284 2810 1102 2879; baseline 0.001 -22"><span class='ocrx_word' id='word_1_281' title='bbox 284 2810 487 2878; x_wconf 79' lang='lat' dir='ltr'>gloriatur,</span> <span class='ocrx_word' id='word_1_282' title='bbox 503 2810 598 2876; x_wconf 79' lang='lat' dir='ltr'>quod</span> <span class='ocrx_word' id='word_1_283' title='bbox 613 2827 732 2857; x_wconf 82' lang='lat' dir='ltr'>totum</span> <span class='ocrx_word' id='word_1_284' title='bbox 739 2816 962 2879; x_wconf 74' lang='lat' dir='ltr'>perverterit</span> <span class='ocrx_word' id='word_1_285' title='bbox 975 2816 1102 2858; x_wconf 74' lang='lat' dir='ltr'>Orien-</span> 
     </span>
     <span class='ocr_line' id='line_1_45' title="bbox 291 2878 1103 2952; baseline 0.001 -25"><span class='ocrx_word' id='word_1_286' title='bbox 291 2897 366 2928; x_wconf 82' lang='lat' dir='ltr'>tem</span> <span class='ocrx_word' id='word_1_287' title='bbox 383 2917 397 2928; x_wconf 88' lang='lat'><strong>.</strong></span> <span class='ocrx_word' id='word_1_288' title='bbox 433 2886 488 2930; x_wconf 80' lang='lat' dir='ltr'>Et</span> <span class='ocrx_word' id='word_1_289' title='bbox 502 2878 704 2947; x_wconf 74' lang='lat' dir='ltr'>Persbnam</span> <span class='ocrx_word' id='word_1_290' title='bbox 715 2879 806 2930; x_wconf 74' lang='lat' dir='ltr'>verb</span> <span class='ocrx_word' id='word_1_291' title='bbox 817 2887 853 2930; x_wconf 77' lang='lat' dir='ltr'>in</span> <span class='ocrx_word' id='word_1_292' title='bbox 865 2884 950 2952; x_wconf 80' lang='lat' dir='ltr'>ipfis</span> <span class='ocrx_word' id='word_1_293' title='bbox 971 2881 1103 2928; x_wconf 77' lang='lat' dir='ltr'>litteris</span> 
     </span>
     <span class='ocr_line' id='line_1_46' title="bbox 289 2950 517 3017; baseline 0.009 -20"><span class='ocrx_word' id='word_1_294' title='bbox 289 2950 492 3017; x_wconf 53' lang='lat' dir='ltr'>accusavit</span> <span class='ocrx_word' id='word_1_295' title='bbox 503 2987 517 2999; x_wconf 84' lang='lat'><strong>.</strong></span> 
     </span>
    </p>
   </div>
   <div class='ocr_carea' id='block_1_8' title="bbox 219 3088 1100 3384">
    <p class='ocr_par' dir='ltr' id='par_1_8' title="bbox 303 3088 1100 3188">
     <span class='ocr_line' id='line_1_47' title="bbox 303 3088 1100 3135; baseline 0.005 -12"><span class='ocrx_word' id='word_1_296' title='bbox 303 3088 340 3123; x_wconf 88' lang='lat' dir='ltr'>T</span> <span class='ocrx_word' id='word_1_297' title='bbox 360 3089 447 3132; x_wconf 69' lang='lat' dir='ltr'>prius</span> <span class='ocrx_word' id='word_1_298' title='bbox 468 3091 503 3125; x_wconf 75' lang='lat' dir='ltr'>&lt;Sc</span> <span class='ocrx_word' id='word_1_299' title='bbox 526 3101 613 3124; x_wconf 86' lang='lat' dir='ltr'>nunc</span> <span class='ocrx_word' id='word_1_300' title='bbox 635 3090 838 3135; x_wconf 86' lang='lat' dir='ltr'>suscipientes</span> <span class='ocrx_word' id='word_1_301' title='bbox 848 3092 983 3127; x_wconf 77' lang='lat' dir='ltr'>Piiffimi</span> <span class='ocrx_word' id='word_1_302' title='bbox 1013 3092 1100 3127; x_wconf 85' lang='lat' dir='ltr'>&amp;A-</span> 
     </span>
     <span class='ocr_line' id='line_1_48' title="bbox 328 3139 1096 3188; baseline 0.005 -16"><span class='ocrx_word' id='word_1_303' title='bbox 328 3140 461 3173; x_wconf 90' lang='lat' dir='ltr'>matoris</span> <span class='ocrx_word' id='word_1_304' title='bbox 486 3140 606 3174; x_wconf 83' lang='lat' dir='ltr'>Christi</span> <span class='ocrx_word' id='word_1_305' title='bbox 633 3139 790 3185; x_wconf 84' lang='lat' dir='ltr'>Principis</span> <span class='ocrx_word' id='word_1_306' title='bbox 810 3143 850 3177; x_wconf 89' lang='lat' dir='ltr'>de</span> <span class='ocrx_word' id='word_1_307' title='bbox 862 3155 939 3188; x_wconf 89' lang='lat' dir='ltr'>pace</span> <span class='ocrx_word' id='word_1_308' title='bbox 951 3142 1096 3176; x_wconf 79' lang='lat' dir='ltr'>Ecclesia-</span> 
     </span>
    </p>

    <p class='ocr_par' dir='ltr' id='par_1_9' title="bbox 219 3190 1096 3384">
     <span class='ocr_line' id='line_1_49' title="bbox 221 3190 1096 3235; baseline 0.002 -11"><span class='ocrx_word' id='word_1_309' title='bbox 221 3191 301 3224; x_wconf 82' lang='lat' dir='ltr'>stica</span> <span class='ocrx_word' id='word_1_310' title='bbox 324 3190 532 3224; x_wconf 70' lang='lat' dir='ltr'>Sanstionem</span> <span class='ocrx_word' id='word_1_311' title='bbox 545 3193 842 3235; x_wconf 85' lang='lat' dir='ltr'>perconspicuum,</span> <span class='ocrx_word' id='word_1_312' title='bbox 866 3194 1096 3228; x_wconf 76' lang='lat' dir='ltr'>fidelissimum-</span> 
     </span>
     <span class='ocr_line' id='line_1_50' title="bbox 220 3239 1094 3287; baseline 0.005 -14"><span class='ocrx_word' id='word_1_313' title='bbox 220 3251 285 3283; x_wconf 85' lang='lat' dir='ltr'>que</span> <span class='ocrx_word' id='word_1_314' title='bbox 295 3239 485 3274; x_wconf 86' lang='lat' dir='ltr'>Tribunum</span> <span class='ocrx_word' id='word_1_315' title='bbox 507 3240 542 3274; x_wconf 87' lang='lat'>&amp;</span> <span class='ocrx_word' id='word_1_316' title='bbox 564 3241 740 3275; x_wconf 88' lang='lat' dir='ltr'>Notarium</span> <span class='ocrx_word' id='word_1_317' title='bbox 757 3241 973 3283; x_wconf 78' lang='lat' dir='ltr'>Aristolaum,</span> <span class='ocrx_word' id='word_1_318' title='bbox 1000 3254 1094 3287; x_wconf 86' lang='lat' dir='ltr'>agno-</span> 
     </span>
     <span class='ocr_line' id='line_1_51' title="bbox 223 3290 1096 3335; baseline 0.002 -11"><span class='ocrx_word' id='word_1_319' title='bbox 223 3290 332 3324; x_wconf 81' lang='lat' dir='ltr'>vimus</span> <span class='ocrx_word' id='word_1_320' title='bbox 352 3291 387 3324; x_wconf 88' lang='lat'>&amp;</span> <span class='ocrx_word' id='word_1_321' title='bbox 411 3302 497 3325; x_wconf 88' lang='lat' dir='ltr'>nunc</span> <span class='ocrx_word' id='word_1_322' title='bbox 516 3290 668 3334; x_wconf 66' lang='grc' dir='ltr'>δεμ-ἰὸς,</span> <span class='ocrx_word' id='word_1_323' title='bbox 693 3301 763 3335; x_wconf 66' lang='grc' dir='ltr'>φιτ,</span> <span class='ocrx_word' id='word_1_324' title='bbox 774 3293 811 3326; x_wconf 87' lang='lat' dir='ltr'>fit</span> <span class='ocrx_word' id='word_1_325' title='bbox 821 3294 909 3328; x_wconf 67' lang='lat' dir='ltr'>Sesta</span> <span class='ocrx_word' id='word_1_326' title='bbox 929 3293 1096 3332; x_wconf 83' lang='lat' dir='ltr'>Nestorii,</span> 
     </span>
     <span class='ocr_line' id='line_1_52' title="bbox 219 3340 1096 3384; baseline 0.001 -10"><span class='ocrx_word' id='word_1_327' title='bbox 219 3350 321 3384; x_wconf 75' lang='lat' dir='ltr'>quam</span> <span class='ocrx_word' id='word_1_328' title='bbox 341 3350 457 3376; x_wconf 86' lang='lat' dir='ltr'>contra</span> <span class='ocrx_word' id='word_1_329' title='bbox 479 3342 596 3377; x_wconf 65' lang='lat' dir='ltr'>reClam</span> <span class='ocrx_word' id='word_1_330' title='bbox 606 3340 739 3376; x_wconf 81' lang='lat' dir='ltr'>Parrum</span> <span class='ocrx_word' id='word_1_331' title='bbox 750 3341 850 3378; x_wconf 85' lang='lat' dir='ltr'>fidem</span> <span class='ocrx_word' id='word_1_332' title='bbox 863 3344 991 3378; x_wconf 86' lang='lat' dir='ltr'>noviter</span> <span class='ocrx_word' id='word_1_333' title='bbox 1001 3343 1096 3378; x_wconf 81' lang='lat' dir='ltr'>adin-</span> 
     </span>
    </p>
   </div>
   <div class='ocr_carea' id='block_1_9' title="bbox 1879 191 1968 238">
    <p class='ocr_par' dir='ltr' id='par_1_10' title="bbox 1879 191 1968 238">
     <span class='ocr_line' id='line_1_53' title="bbox 1879 191 1968 238; baseline 0.022 -2"><span class='ocrx_word' id='word_1_334' title='bbox 1879 191 1968 238; x_wconf 84' lang='lat'>355</span> 
     </span>
    </p>
   </div>
   <div class='ocr_carea' id='block_1_10' title="bbox 1159 254 2075 3435">
    <p class='ocr_par' dir='ltr' id='par_1_11' title="bbox 1170 254 2051 787">
     <span class='ocr_line' id='line_1_54' title="bbox 1172 254 2042 314; baseline 0.016 -25"><span class='ocrx_word' id='word_1_335' title='bbox 1172 254 1279 290; x_wconf 88' lang='lat' dir='ltr'>venit:</span> <span class='ocrx_word' id='word_1_336' title='bbox 1307 254 1349 290; x_wconf 87' lang='lat' dir='ltr'>Et</span> <span class='ocrx_word' id='word_1_337' title='bbox 1365 254 1469 299; x_wconf 86' lang='lat' dir='ltr'>ipsum</span> <span class='ocrx_word' id='word_1_338' title='bbox 1491 255 1624 297; x_wconf 85' lang='lat' dir='ltr'>quidem</span> <span class='ocrx_word' id='word_1_339' title='bbox 1645 259 1686 293; x_wconf 89' lang='lat' dir='ltr'>ab</span> <span class='ocrx_word' id='word_1_340' title='bbox 1705 260 1934 306; x_wconf 69' lang='lat' dir='ltr'>eisdejestum.</span> <span class='ocrx_word' id='word_1_341' title='bbox 1959 266 2042 314; x_wconf 75' lang='lat' dir='ltr'>Qae</span> 
     </span>
     <span class='ocr_line' id='line_1_55' title="bbox 1172 305 2041 360; baseline 0.014 -22"><span class='ocrx_word' id='word_1_342' title='bbox 1172 316 1280 340; x_wconf 89' lang='lat' dir='ltr'>autem</span> <span class='ocrx_word' id='word_1_343' title='bbox 1301 305 1385 340; x_wconf 76' lang='lat' dir='ltr'>male</span> <span class='ocrx_word' id='word_1_344' title='bbox 1406 306 1509 349; x_wconf 85' lang='lat' dir='ltr'>sapuit</span> <span class='ocrx_word' id='word_1_345' title='bbox 1530 306 1578 340; x_wconf 92' lang='lat' dir='ltr'>vel</span> <span class='ocrx_word' id='word_1_346' title='bbox 1599 308 1685 342; x_wconf 85' lang='lat' dir='ltr'>dixit</span> <span class='ocrx_word' id='word_1_347' title='bbox 1706 311 1757 344; x_wconf 88' lang='lat' dir='ltr'>seu</span> <span class='ocrx_word' id='word_1_348' title='bbox 1777 313 1809 345; x_wconf 90' lang='lat' dir='ltr'>in</span> <span class='ocrx_word' id='word_1_349' title='bbox 1822 314 2041 360; x_wconf 87' lang='lat' dir='ltr'>Conscriptis,</span> 
     </span>
     <span class='ocr_line' id='line_1_56' title="bbox 1172 355 2042 407; baseline 0.013 -18"><span class='ocrx_word' id='word_1_350' title='bbox 1172 356 1234 389; x_wconf 82' lang='lat' dir='ltr'>five</span> <span class='ocrx_word' id='word_1_351' title='bbox 1252 356 1287 389; x_wconf 88' lang='lat' dir='ltr'>in</span> <span class='ocrx_word' id='word_1_352' title='bbox 1310 355 1598 399; x_wconf 75' lang='lat' dir='ltr'>Expofitionibus,</span> <span class='ocrx_word' id='word_1_353' title='bbox 1624 356 1692 392; x_wconf 86' lang='lat' dir='ltr'>haec</span> <span class='ocrx_word' id='word_1_354' title='bbox 1702 369 1816 407; x_wconf 79' lang='lat' dir='ltr'>omnes</span> <span class='ocrx_word' id='word_1_355' title='bbox 1826 364 2042 406; x_wconf 77' lang='lat' dir='ltr'>abjecimus&amp;</span> 
     </span>
     <span class='ocr_line' id='line_1_57' title="bbox 1170 404 2042 455; baseline 0.01 -17"><span class='ocrx_word' id='word_1_356' title='bbox 1170 404 1536 447; x_wconf 83' lang='lat' dir='ltr'>anathematizavimus,</span> <span class='ocrx_word' id='word_1_357' title='bbox 1563 407 1596 441; x_wconf 76' lang='lat' dir='ltr'>dc</span> <span class='ocrx_word' id='word_1_358' title='bbox 1617 409 1672 451; x_wconf 89' lang='lat' dir='ltr'>qui</span> <span class='ocrx_word' id='word_1_359' title='bbox 1696 419 1772 442; x_wconf 90' lang='lat' dir='ltr'>eum</span> <span class='ocrx_word' id='word_1_360' title='bbox 1794 413 1959 455; x_wconf 83' lang='lat' dir='ltr'>excipiunt</span> <span class='ocrx_word' id='word_1_361' title='bbox 1973 439 1983 453; x_wconf 91' lang='lat'>‚</span> <span class='ocrx_word' id='word_1_362' title='bbox 2007 416 2042 450; x_wconf 71' lang='grc' dir='ltr'>ὃς</span> 
     </span>
     <span class='ocr_line' id='line_1_58' title="bbox 1170 455 2045 503; baseline 0.011 -15"><span class='ocrx_word' id='word_1_363' title='bbox 1170 456 1275 499; x_wconf 87' lang='lat' dir='ltr'>quiea</span> <span class='ocrx_word' id='word_1_364' title='bbox 1286 455 1420 495; x_wconf 89' lang='lat' dir='ltr'>eadem,</span> <span class='ocrx_word' id='word_1_365' title='bbox 1446 467 1516 499; x_wconf 88' lang='lat' dir='ltr'>quae</span> <span class='ocrx_word' id='word_1_366' title='bbox 1541 457 1619 496; x_wconf 89' lang='lat' dir='ltr'>ille,</span> <span class='ocrx_word' id='word_1_367' title='bbox 1642 457 1774 493; x_wconf 75' lang='lat' dir='ltr'>alienea</span> <span class='ocrx_word' id='word_1_368' title='bbox 1787 460 1836 503; x_wconf 89' lang='lat' dir='ltr'>pia</span> <span class='ocrx_word' id='word_1_369' title='bbox 1847 462 2045 498; x_wconf 81' lang='lat' dir='ltr'>confeffione</span> 
     </span>
     <span class='ocr_line' id='line_1_59' title="bbox 1170 506 2045 554; baseline 0.008 -17"><span class='ocrx_word' id='word_1_370' title='bbox 1170 506 1299 548; x_wconf 85' lang='lat' dir='ltr'>sapiunt</span> <span class='ocrx_word' id='word_1_371' title='bbox 1325 530 1333 538; x_wconf 91' lang='lat'>.</span> <span class='ocrx_word' id='word_1_372' title='bbox 1358 507 1459 553; x_wconf 84' lang='lat' dir='ltr'>Qod</span> <span class='ocrx_word' id='word_1_373' title='bbox 1483 508 1629 541; x_wconf 87' lang='lat' dir='ltr'>fecerunt</span> <span class='ocrx_word' id='word_1_374' title='bbox 1657 519 1774 543; x_wconf 87' lang='lat' dir='ltr'>omnes</span> <span class='ocrx_word' id='word_1_375' title='bbox 1802 509 2045 554; x_wconf 82' lang='lat' dir='ltr'>Religiofiffimi</span> 
     </span>
     <span class='ocr_line' id='line_1_60' title="bbox 1170 555 2045 603; baseline 0.007 -13"><span class='ocrx_word' id='word_1_376' title='bbox 1170 555 1318 590; x_wconf 85' lang='lat' dir='ltr'>Orientis</span> <span class='ocrx_word' id='word_1_377' title='bbox 1342 555 1515 600; x_wconf 85' lang='lat' dir='ltr'>Episcopi,</span> <span class='ocrx_word' id='word_1_378' title='bbox 1542 557 1620 592; x_wconf 83' lang='lat' dir='ltr'>ficut</span> <span class='ocrx_word' id='word_1_379' title='bbox 1642 558 1675 592; x_wconf 91' lang='lat'>&amp;</span> <span class='ocrx_word' id='word_1_380' title='bbox 1691 557 1744 599; x_wconf 92' lang='lat' dir='ltr'>hi,</span> <span class='ocrx_word' id='word_1_381' title='bbox 1771 559 1827 600; x_wconf 87' lang='lat' dir='ltr'>qui</span> <span class='ocrx_word' id='word_1_382' title='bbox 1839 559 1959 603; x_wconf 88' lang='lat' dir='ltr'>ubique</span> <span class='ocrx_word' id='word_1_383' title='bbox 1973 563 2045 596; x_wconf 88' lang='lat' dir='ltr'>sunt</span> 
     </span>
     <span class='ocr_line' id='line_1_61' title="bbox 1171 604 2047 653; baseline 0.008 -16"><span class='ocrx_word' id='word_1_384' title='bbox 1171 604 1202 638; x_wconf 92' lang='lat' dir='ltr'>id</span> <span class='ocrx_word' id='word_1_385' title='bbox 1222 604 1289 645; x_wconf 82' lang='lat' dir='ltr'>est,</span> <span class='ocrx_word' id='word_1_386' title='bbox 1315 615 1381 640; x_wconf 91' lang='lat' dir='ltr'>tam</span> <span class='ocrx_word' id='word_1_387' title='bbox 1406 617 1487 647; x_wconf 89' lang='lat' dir='ltr'>nos,</span> <span class='ocrx_word' id='word_1_388' title='bbox 1512 618 1608 651; x_wconf 84' lang='lat' dir='ltr'>quam</span> <span class='ocrx_word' id='word_1_389' title='bbox 1622 609 1752 649; x_wconf 71' lang='lat' dir='ltr'>cunsti,</span> <span class='ocrx_word' id='word_1_390' title='bbox 1781 609 1837 652; x_wconf 88' lang='lat' dir='ltr'>qui</span> <span class='ocrx_word' id='word_1_391' title='bbox 1857 610 2047 653; x_wconf 81' lang='lat' dir='ltr'>undiquein</span> 
     </span>
     <span class='ocr_line' id='line_1_62' title="bbox 1170 652 2048 703; baseline 0.008 -16"><span class='ocrx_word' id='word_1_392' title='bbox 1170 652 1335 697; x_wconf 87' lang='lat' dir='ltr'>Ephesum</span> <span class='ocrx_word' id='word_1_393' title='bbox 1348 665 1572 690; x_wconf 89' lang='lat' dir='ltr'>convenerunt</span> <span class='ocrx_word' id='word_1_394' title='bbox 1587 659 1660 692; x_wconf 87' lang='lat' dir='ltr'>Deo</span> <span class='ocrx_word' id='word_1_395' title='bbox 1673 658 1870 693; x_wconf 88' lang='lat' dir='ltr'>Amicissimi</span> <span class='ocrx_word' id='word_1_396' title='bbox 1881 660 2048 703; x_wconf 86' lang='lat' dir='ltr'>Episcopi,</span> 
     </span>
     <span class='ocr_line' id='line_1_63' title="bbox 1170 703 2051 753; baseline 0.008 -16"><span class='ocrx_word' id='word_1_397' title='bbox 1170 703 1288 746; x_wconf 89' lang='lat' dir='ltr'>quibus</span> <span class='ocrx_word' id='word_1_398' title='bbox 1308 706 1490 740; x_wconf 82' lang='lat' dir='ltr'>aflenfimus</span> <span class='ocrx_word' id='word_1_399' title='bbox 1511 707 1701 743; x_wconf 79' lang='lat' dir='ltr'>Nestorium</span> <span class='ocrx_word' id='word_1_400' title='bbox 1734 706 1936 753; x_wconf 87' lang='lat' dir='ltr'>deponentes</span> <span class='ocrx_word' id='word_1_401' title='bbox 1966 708 2051 753; x_wconf 83' lang='lat' dir='ltr'>deje-</span> 
     </span>
     <span class='ocr_line' id='line_1_64' title="bbox 1170 754 1276 787; baseline 0.009 -1"><span class='ocrx_word' id='word_1_402' title='bbox 1170 754 1255 787; x_wconf 63' lang='lat' dir='ltr'>&amp;um</span> <span class='ocrx_word' id='word_1_403' title='bbox 1269 779 1276 787; x_wconf 91' lang='lat'><strong>.</strong></span> 
     </span>
    </p>

    <p class='ocr_par' dir='ltr' id='par_1_12' title="bbox 1169 802 2056 1598">
     <span class='ocr_line' id='line_1_65' title="bbox 1221 802 2051 850; baseline 0.012 -15"><span class='ocrx_word' id='word_1_404' title='bbox 1221 802 1263 836; x_wconf 88' lang='lat' dir='ltr'>Et</span> <span class='ocrx_word' id='word_1_405' title='bbox 1285 804 1525 848; x_wconf 88' lang='lat' dir='ltr'>complacemus</span> <span class='ocrx_word' id='word_1_406' title='bbox 1533 816 1632 850; x_wconf 83' lang='lat' dir='ltr'>atque</span> <span class='ocrx_word' id='word_1_407' title='bbox 1643 809 1796 844; x_wconf 86' lang='lat' dir='ltr'>sentimus</span> <span class='ocrx_word' id='word_1_408' title='bbox 1809 833 1820 850; x_wconf 92' lang='lat'>,</span> <span class='ocrx_word' id='word_1_409' title='bbox 1846 817 1883 844; x_wconf 88' lang='lat' dir='ltr'>ut</span> <span class='ocrx_word' id='word_1_410' title='bbox 1900 809 1984 844; x_wconf 89' lang='lat' dir='ltr'>nihil</span> <span class='ocrx_word' id='word_1_411' title='bbox 1997 820 2051 845; x_wconf 88' lang='lat' dir='ltr'>ne-</span> 
     </span>
     <span class='ocr_line' id='line_1_66' title="bbox 1171 851 2047 904; baseline 0.013 -20"><span class='ocrx_word' id='word_1_412' title='bbox 1171 863 1232 895; x_wconf 92' lang='lat' dir='ltr'>que</span> <span class='ocrx_word' id='word_1_413' title='bbox 1244 851 1413 896; x_wconf 87' lang='lat' dir='ltr'>adjiciatur</span> <span class='ocrx_word' id='word_1_414' title='bbox 1426 878 1436 895; x_wconf 89' lang='lat'>,</span> <span class='ocrx_word' id='word_1_415' title='bbox 1463 867 1566 900; x_wconf 88' lang='lat' dir='ltr'>neque</span> <span class='ocrx_word' id='word_1_416' title='bbox 1583 857 1731 893; x_wconf 86' lang='lat' dir='ltr'>dematur</span> <span class='ocrx_word' id='word_1_417' title='bbox 1746 861 1786 894; x_wconf 90' lang='lat' dir='ltr'>de</span> <span class='ocrx_word' id='word_1_418' title='bbox 1797 861 2000 904; x_wconf 78' lang='lat' dir='ltr'>expositione</span> <span class='ocrx_word' id='word_1_419' title='bbox 2011 862 2047 895; x_wconf 85' lang='lat' dir='ltr'>in</span> 
     </span>
     <span class='ocr_line' id='line_1_67' title="bbox 1169 900 2048 954; baseline 0.011 -20"><span class='ocrx_word' id='word_1_420' title='bbox 1169 900 1204 934; x_wconf 96' lang='lat' dir='ltr'>N</span> <span class='ocrx_word' id='word_1_421' title='bbox 1208 903 1278 936; x_wconf 88' lang='lat' dir='ltr'>icaea</span> <span class='ocrx_word' id='word_1_422' title='bbox 1290 903 1307 936; x_wconf 72' lang='lat' dir='ltr'>a</span> <span class='ocrx_word' id='word_1_423' title='bbox 1319 904 1432 938; x_wconf 67' lang='lat' dir='ltr'>saneris</span> <span class='ocrx_word' id='word_1_424' title='bbox 1445 905 1597 941; x_wconf 89' lang='lat' dir='ltr'>Patribus</span> <span class='ocrx_word' id='word_1_425' title='bbox 1609 908 1689 942; x_wconf 67' lang='lat' dir='ltr'>faeta</span> <span class='ocrx_word' id='word_1_426' title='bbox 1702 932 1713 948; x_wconf 91' lang='lat'>,</span> <span class='ocrx_word' id='word_1_427' title='bbox 1739 910 1793 943; x_wconf 91' lang='lat' dir='ltr'>sed</span> <span class='ocrx_word' id='word_1_428' title='bbox 1815 920 1851 944; x_wconf 90' lang='lat' dir='ltr'>ut</span> <span class='ocrx_word' id='word_1_429' title='bbox 1864 921 2048 954; x_wconf 88' lang='lat' dir='ltr'>permanea-</span> 
     </span>
     <span class='ocr_line' id='line_1_68' title="bbox 1170 952 2048 1002; baseline 0.01 -18"><span class='ocrx_word' id='word_1_430' title='bbox 1170 961 1222 985; x_wconf 90' lang='lat' dir='ltr'>tur</span> <span class='ocrx_word' id='word_1_431' title='bbox 1244 952 1277 986; x_wconf 91' lang='lat' dir='ltr'>in</span> <span class='ocrx_word' id='word_1_432' title='bbox 1302 963 1358 987; x_wconf 86' lang='lat' dir='ltr'>ea.</span> <span class='ocrx_word' id='word_1_433' title='bbox 1388 955 1431 988; x_wconf 86' lang='lat' dir='ltr'>Et</span> <span class='ocrx_word' id='word_1_434' title='bbox 1456 965 1491 988; x_wconf 90' lang='lat' dir='ltr'>ut</span> <span class='ocrx_word' id='word_1_435' title='bbox 1511 957 1831 1002; x_wconf 49' lang='lat' dir='ltr'>omnibuspraefufigeat</span> <span class='ocrx_word' id='word_1_436' title='bbox 1858 959 2048 996; x_wconf 88' lang='lat' dir='ltr'>venerabilis</span> 
     </span>
     <span class='ocr_line' id='line_1_69' title="bbox 1171 1001 2052 1049; baseline 0.011 -14"><span class='ocrx_word' id='word_1_437' title='bbox 1171 1001 1235 1036; x_wconf 86' lang='lat' dir='ltr'>haec</span> <span class='ocrx_word' id='word_1_438' title='bbox 1256 1003 1323 1046; x_wconf 88' lang='lat' dir='ltr'>ipsa</span> <span class='ocrx_word' id='word_1_439' title='bbox 1346 1002 1387 1037; x_wconf 87' lang='lat' dir='ltr'>de</span> <span class='ocrx_word' id='word_1_440' title='bbox 1412 1003 1478 1038; x_wconf 88' lang='lat' dir='ltr'>fide</span> <span class='ocrx_word' id='word_1_441' title='bbox 1501 1007 1656 1040; x_wconf 83' lang='lat' dir='ltr'>confeffio</span> <span class='ocrx_word' id='word_1_442' title='bbox 1677 1009 1867 1042; x_wconf 62' lang='lat' dir='ltr'>Sanctorum</span> <span class='ocrx_word' id='word_1_443' title='bbox 1896 1011 2052 1049; x_wconf 78' lang='lat' dir='ltr'>Parrum,</span> 
     </span>
     <span class='ocr_line' id='line_1_70' title="bbox 1169 1051 2049 1099; baseline 0.011 -15"><span class='ocrx_word' id='word_1_444' title='bbox 1169 1053 1226 1095; x_wconf 90' lang='lat' dir='ltr'>qui</span> <span class='ocrx_word' id='word_1_445' title='bbox 1249 1052 1282 1085; x_wconf 92' lang='lat' dir='ltr'>in</span> <span class='ocrx_word' id='word_1_446' title='bbox 1305 1051 1418 1087; x_wconf 83' lang='lat' dir='ltr'>Nicaea</span> <span class='ocrx_word' id='word_1_447' title='bbox 1440 1055 1739 1099; x_wconf 86' lang='lat' dir='ltr'>congregatisunt‚</span> <span class='ocrx_word' id='word_1_448' title='bbox 1764 1069 1863 1099; x_wconf 88' lang='lat' dir='ltr'>quam</span> <span class='ocrx_word' id='word_1_449' title='bbox 1880 1059 2049 1093; x_wconf 60' lang='lat' dir='ltr'>roboravi‘</span> 
     </span>
     <span class='ocr_line' id='line_1_71' title="bbox 1170 1102 2052 1152; baseline 0.008 -17"><span class='ocrx_word' id='word_1_450' title='bbox 1170 1112 1241 1135; x_wconf 86' lang='lat' dir='ltr'>mus</span> <span class='ocrx_word' id='word_1_451' title='bbox 1260 1102 1360 1137; x_wconf 87' lang='lat' dir='ltr'>etiam</span> <span class='ocrx_word' id='word_1_452' title='bbox 1386 1114 1448 1136; x_wconf 89' lang='lat' dir='ltr'>nos</span> <span class='ocrx_word' id='word_1_453' title='bbox 1467 1127 1477 1142; x_wconf 90' lang='lat'>‚</span> <span class='ocrx_word' id='word_1_454' title='bbox 1503 1105 1537 1137; x_wconf 79' lang='grc' dir='ltr'>ἀ</span> <span class='ocrx_word' id='word_1_455' title='bbox 1558 1106 1791 1140; x_wconf 88' lang='lat' dir='ltr'>confirmantes</span> <span class='ocrx_word' id='word_1_456' title='bbox 1811 1117 1866 1149; x_wconf 86' lang='lat' dir='ltr'>per</span> <span class='ocrx_word' id='word_1_457' title='bbox 1894 1108 1959 1141; x_wconf 90' lang='lat' dir='ltr'>Dei</span> <span class='ocrx_word' id='word_1_458' title='bbox 1982 1120 2052 1152; x_wconf 87' lang='lat' dir='ltr'>gra-</span> 
     </span>
     <span class='ocr_line' id='line_1_72' title="bbox 1169 1152 2053 1198; baseline 0.007 -13"><span class='ocrx_word' id='word_1_459' title='bbox 1169 1152 1249 1186; x_wconf 91' lang='lat' dir='ltr'>tiam</span> <span class='ocrx_word' id='word_1_460' title='bbox 1276 1152 1538 1196; x_wconf 85' lang='lat' dir='ltr'>permanebimus</span> <span class='ocrx_word' id='word_1_461' title='bbox 1558 1177 1570 1194; x_wconf 92' lang='lat'>,</span> <span class='ocrx_word' id='word_1_462' title='bbox 1595 1154 1630 1187; x_wconf 91' lang='lat' dir='ltr'>in</span> <span class='ocrx_word' id='word_1_463' title='bbox 1659 1165 1723 1198; x_wconf 86' lang='lat' dir='ltr'>qua</span> <span class='ocrx_word' id='word_1_464' title='bbox 1749 1155 1782 1189; x_wconf 88' lang='lat'>&amp;</span> <span class='ocrx_word' id='word_1_465' title='bbox 1805 1156 1875 1190; x_wconf 83' lang='lat' dir='ltr'>nati</span> <span class='ocrx_word' id='word_1_466' title='bbox 1898 1180 1910 1196; x_wconf 90' lang='lat'><em>‚</em></span> <span class='ocrx_word' id='word_1_467' title='bbox 1935 1157 1969 1191; x_wconf 74' lang='grc' dir='ltr'>δε</span> <span class='ocrx_word' id='word_1_468' title='bbox 1995 1169 2053 1191; x_wconf 86' lang='lat' dir='ltr'>nu-</span> 
     </span>
     <span class='ocr_line' id='line_1_73' title="bbox 1170 1201 2054 1249; baseline 0.007 -14"><span class='ocrx_word' id='word_1_469' title='bbox 1170 1202 1262 1241; x_wconf 86' lang='lat' dir='ltr'>triti,</span> <span class='ocrx_word' id='word_1_470' title='bbox 1289 1202 1323 1236; x_wconf 78' lang='grc' dir='ltr'>δε</span> <span class='ocrx_word' id='word_1_471' title='bbox 1344 1201 1501 1246; x_wconf 89' lang='lat' dir='ltr'>baptizati</span> <span class='ocrx_word' id='word_1_472' title='bbox 1524 1204 1657 1244; x_wconf 88' lang='lat' dir='ltr'>sumus,</span> <span class='ocrx_word' id='word_1_473' title='bbox 1680 1205 1722 1239; x_wconf 81' lang='lat' dir='ltr'>eo</span> <span class='ocrx_word' id='word_1_474' title='bbox 1750 1203 1840 1247; x_wconf 90' lang='lat' dir='ltr'>quod</span> <span class='ocrx_word' id='word_1_475' title='bbox 1860 1204 1928 1249; x_wconf 89' lang='lat' dir='ltr'>ipsa</span> <span class='ocrx_word' id='word_1_476' title='bbox 1947 1205 2054 1241; x_wconf 88' lang='lat' dir='ltr'>trahat</span> 
     </span>
     <span class='ocr_line' id='line_1_74' title="bbox 1171 1251 2054 1298; baseline 0.007 -14"><span class='ocrx_word' id='word_1_477' title='bbox 1171 1251 1356 1286; x_wconf 84' lang='lat' dir='ltr'>firmitatem</span> <span class='ocrx_word' id='word_1_478' title='bbox 1389 1253 1681 1298; x_wconf 86' lang='lat' dir='ltr'>credulitatemque</span> <span class='ocrx_word' id='word_1_479' title='bbox 1706 1255 1740 1288; x_wconf 91' lang='lat' dir='ltr'>in</span> <span class='ocrx_word' id='word_1_480' title='bbox 1767 1255 1929 1298; x_wconf 87' lang='lat' dir='ltr'>semetipsa</span> <span class='ocrx_word' id='word_1_481' title='bbox 1950 1279 1962 1296; x_wconf 89' lang='lat'>‚</span> <span class='ocrx_word' id='word_1_482' title='bbox 1986 1256 2054 1290; x_wconf 87' lang='lat' dir='ltr'>exi-</span> 
     </span>
     <span class='ocr_line' id='line_1_75' title="bbox 1170 1301 2056 1349; baseline 0.006 -15"><span class='ocrx_word' id='word_1_483' title='bbox 1170 1301 1304 1335; x_wconf 82' lang='lat' dir='ltr'>stentem</span> <span class='ocrx_word' id='word_1_484' title='bbox 1331 1303 1364 1334; x_wconf 91' lang='lat' dir='ltr'>in</span> <span class='ocrx_word' id='word_1_485' title='bbox 1390 1302 1559 1347; x_wconf 77' lang='lat' dir='ltr'>scripturis</span> <span class='ocrx_word' id='word_1_486' title='bbox 1571 1302 1930 1349; x_wconf 86' lang='lat' dir='ltr'>Divinitusinspiratis‚</span> <span class='ocrx_word' id='word_1_487' title='bbox 1958 1304 2056 1340; x_wconf 85' lang='lat' dir='ltr'>&amp;his</span> 
     </span>
     <span class='ocr_line' id='line_1_76' title="bbox 1170 1348 2053 1400; baseline 0.005 -15"><span class='ocrx_word' id='word_1_488' title='bbox 1170 1362 1239 1394; x_wconf 80' lang='lat' dir='ltr'>quae</span> <span class='ocrx_word' id='word_1_489' title='bbox 1264 1348 1434 1395; x_wconf 84' lang='lat' dir='ltr'>Prophetae</span> <span class='ocrx_word' id='word_1_490' title='bbox 1459 1377 1470 1393; x_wconf 91' lang='lat'>,</span> <span class='ocrx_word' id='word_1_491' title='bbox 1496 1354 1531 1387; x_wconf 77' lang='grc' dir='ltr'>δε</span> <span class='ocrx_word' id='word_1_492' title='bbox 1565 1353 1779 1400; x_wconf 85' lang='lat' dir='ltr'>Evangelistae</span> <span class='ocrx_word' id='word_1_493' title='bbox 1799 1379 1810 1395; x_wconf 91' lang='lat'>,</span> <span class='ocrx_word' id='word_1_494' title='bbox 1837 1356 1872 1389; x_wconf 91' lang='lat'>&amp;</span> <span class='ocrx_word' id='word_1_495' title='bbox 1899 1355 2053 1398; x_wconf 84' lang='lat' dir='ltr'>Apostoli</span> 
     </span>
     <span class='ocr_line' id='line_1_77' title="bbox 1170 1401 2055 1444; baseline 0.006 -10"><span class='ocrx_word' id='word_1_496' title='bbox 1170 1401 1379 1444; x_wconf 71' lang='lat' dir='ltr'>praedicarunt</span> <span class='ocrx_word' id='word_1_497' title='bbox 1402 1416 1412 1436; x_wconf 88' lang='lat'><em>:</em></span> <span class='ocrx_word' id='word_1_498' title='bbox 1441 1401 1514 1438; x_wconf 91' lang='lat' dir='ltr'>Nec</span> <span class='ocrx_word' id='word_1_499' title='bbox 1538 1415 1607 1438; x_wconf 89' lang='lat' dir='ltr'>non</span> <span class='ocrx_word' id='word_1_500' title='bbox 1639 1405 1674 1439; x_wconf 76' lang='grc' dir='ltr'>ἀ</span> <span class='ocrx_word' id='word_1_501' title='bbox 1693 1414 1809 1439; x_wconf 89' lang='lat' dir='ltr'>omues</span> <span class='ocrx_word' id='word_1_502' title='bbox 1832 1404 1974 1439; x_wconf 85' lang='lat' dir='ltr'>Gloriofi</span> <span class='ocrx_word' id='word_1_503' title='bbox 1995 1404 2055 1439; x_wconf 91' lang='lat' dir='ltr'>Pa-</span> 
     </span>
     <span class='ocr_line' id='line_1_78' title="bbox 1170 1451 2055 1497; baseline 0.005 -12"><span class='ocrx_word' id='word_1_504' title='bbox 1170 1461 1254 1491; x_wconf 88' lang='lat' dir='ltr'>tres,</span> <span class='ocrx_word' id='word_1_505' title='bbox 1275 1451 1331 1495; x_wconf 91' lang='lat' dir='ltr'>qui</span> <span class='ocrx_word' id='word_1_506' title='bbox 1345 1452 1412 1495; x_wconf 89' lang='lat' dir='ltr'>post</span> <span class='ocrx_word' id='word_1_507' title='bbox 1435 1464 1491 1488; x_wconf 90' lang='lat' dir='ltr'>eos</span> <span class='ocrx_word' id='word_1_508' title='bbox 1514 1454 1661 1497; x_wconf 91' lang='lat' dir='ltr'>usquead</span> <span class='ocrx_word' id='word_1_509' title='bbox 1672 1454 1846 1489; x_wconf 86' lang='lat' dir='ltr'>Nicaenum</span> <span class='ocrx_word' id='word_1_510' title='bbox 1861 1454 2055 1490; x_wconf 88' lang='lat' dir='ltr'>Concilium</span> 
     </span>
     <span class='ocr_line' id='line_1_79' title="bbox 1169 1501 2054 1549; baseline 0.007 -16"><span class='ocrx_word' id='word_1_511' title='bbox 1169 1501 1261 1534; x_wconf 89' lang='lat' dir='ltr'>omni</span> <span class='ocrx_word' id='word_1_512' title='bbox 1285 1502 1444 1544; x_wconf 88' lang='lat' dir='ltr'>spirituali</span> <span class='ocrx_word' id='word_1_513' title='bbox 1468 1502 1672 1539; x_wconf 85' lang='lat' dir='ltr'>Charismate</span> <span class='ocrx_word' id='word_1_514' title='bbox 1694 1505 1879 1539; x_wconf 89' lang='lat' dir='ltr'>micuerunt</span> <span class='ocrx_word' id='word_1_515' title='bbox 1897 1529 1909 1546; x_wconf 87' lang='lat'>,</span> <span class='ocrx_word' id='word_1_516' title='bbox 1935 1505 1970 1539; x_wconf 90' lang='lat'>&amp;</span> <span class='ocrx_word' id='word_1_517' title='bbox 1995 1505 2054 1549; x_wconf 75' lang='lat' dir='ltr'>qui</span> 
     </span>
     <span class='ocr_line' id='line_1_80' title="bbox 1171 1549 2002 1598; baseline 0.005 -16"><span class='ocrx_word' id='word_1_518' title='bbox 1171 1549 1240 1593; x_wconf 88' lang='lat' dir='ltr'>post</span> <span class='ocrx_word' id='word_1_519' title='bbox 1267 1551 1350 1593; x_wconf 88' lang='lat' dir='ltr'>ipsos</span> <span class='ocrx_word' id='word_1_520' title='bbox 1371 1563 1502 1596; x_wconf 89' lang='lat' dir='ltr'>quoque</span> <span class='ocrx_word' id='word_1_521' title='bbox 1515 1555 1613 1596; x_wconf 84' lang='lat' dir='ltr'>usque</span> <span class='ocrx_word' id='word_1_522' title='bbox 1633 1554 1674 1588; x_wconf 89' lang='lat' dir='ltr'>ad</span> <span class='ocrx_word' id='word_1_523' title='bbox 1688 1555 1844 1598; x_wconf 86' lang='lat' dir='ltr'>nosipsos</span> <span class='ocrx_word' id='word_1_524' title='bbox 1854 1555 2002 1589; x_wconf 88' lang='lat' dir='ltr'>fuerunt.</span> 
     </span>
    </p>

    <p class='ocr_par' dir='ltr' id='par_1_13' title="bbox 1161 1599 2075 3135">
     <span class='ocr_line' id='line_1_81' title="bbox 1220 1599 2056 1645; baseline 0.004 -11"><span class='ocrx_word' id='word_1_525' title='bbox 1220 1599 1372 1642; x_wconf 81' lang='lat' dir='ltr'>Adjicere</span> <span class='ocrx_word' id='word_1_526' title='bbox 1400 1602 1476 1637; x_wconf 76' lang='lat' dir='ltr'>vero</span> <span class='ocrx_word' id='word_1_527' title='bbox 1493 1602 1617 1644; x_wconf 89' lang='lat' dir='ltr'>aliquid</span> <span class='ocrx_word' id='word_1_528' title='bbox 1639 1603 1695 1644; x_wconf 91' lang='lat' dir='ltr'>ei,</span> <span class='ocrx_word' id='word_1_529' title='bbox 1721 1614 1777 1638; x_wconf 89' lang='lat' dir='ltr'>aut</span> <span class='ocrx_word' id='word_1_530' title='bbox 1798 1605 1923 1639; x_wconf 88' lang='lat' dir='ltr'>auferre</span> <span class='ocrx_word' id='word_1_531' title='bbox 1945 1602 1987 1637; x_wconf 94' lang='lat' dir='ltr'>ab</span> <span class='ocrx_word' id='word_1_532' title='bbox 1997 1614 2056 1645; x_wconf 86' lang='lat' dir='ltr'>ea,</span> 
     </span>
     <span class='ocr_line' id='line_1_82' title="bbox 1169 1649 2075 1696; baseline 0.006 -14"><span class='ocrx_word' id='word_1_533' title='bbox 1169 1649 1221 1683; x_wconf 90' lang='lat' dir='ltr'>vel</span> <span class='ocrx_word' id='word_1_534' title='bbox 1242 1650 1403 1686; x_wconf 89' lang='lat' dir='ltr'>divertere</span> <span class='ocrx_word' id='word_1_535' title='bbox 1424 1677 1436 1693; x_wconf 90' lang='lat'>‚</span> <span class='ocrx_word' id='word_1_536' title='bbox 1461 1651 1598 1694; x_wconf 85' lang='lat' dir='ltr'>impium</span> <span class='ocrx_word' id='word_1_537' title='bbox 1633 1653 1917 1696; x_wconf 87' lang='lat' dir='ltr'>periculosumque</span> <span class='ocrx_word' id='word_1_538' title='bbox 1936 1651 2055 1695; x_wconf 87' lang='lat' dir='ltr'>judica·</span> <span class='ocrx_word' id='word_1_539' title='bbox 2072 1656 2075 1661; x_wconf 89' lang='grc'><em>“</em></span> 
     </span>
     <span class='ocr_line' id='line_1_83' title="bbox 1170 1700 2058 1743; baseline 0.005 -10"><span class='ocrx_word' id='word_1_540' title='bbox 1170 1710 1242 1734; x_wconf 91' lang='lat' dir='ltr'>mus</span> <span class='ocrx_word' id='word_1_541' title='bbox 1264 1724 1271 1732; x_wconf 90' lang='lat'>.</span> <span class='ocrx_word' id='word_1_542' title='bbox 1301 1700 1381 1735; x_wconf 90' lang='lat' dir='ltr'>Non</span> <span class='ocrx_word' id='word_1_543' title='bbox 1403 1702 1448 1735; x_wconf 85' lang='lat' dir='ltr'>est</span> <span class='ocrx_word' id='word_1_544' title='bbox 1471 1703 1563 1736; x_wconf 89' lang='lat' dir='ltr'>enim</span> <span class='ocrx_word' id='word_1_545' title='bbox 1589 1710 1695 1737; x_wconf 88' lang='lat' dir='ltr'>tutum</span> <span class='ocrx_word' id='word_1_546' title='bbox 1716 1705 1840 1738; x_wconf 87' lang='lat' dir='ltr'>auferre</span> <span class='ocrx_word' id='word_1_547' title='bbox 1874 1703 2058 1743; x_wconf 84' lang='lat' dir='ltr'>terminos,</span> 
     </span>
     <span class='ocr_line' id='line_1_84' title="bbox 1170 1750 2053 1793; baseline 0.006 -10"><span class='ocrx_word' id='word_1_548' title='bbox 1170 1760 1253 1792; x_wconf 88' lang='lat' dir='ltr'>quos</span> <span class='ocrx_word' id='word_1_549' title='bbox 1275 1751 1453 1793; x_wconf 91' lang='lat' dir='ltr'>posuerunt</span> <span class='ocrx_word' id='word_1_550' title='bbox 1492 1750 1601 1786; x_wconf 86' lang='lat' dir='ltr'>Patres</span> <span class='ocrx_word' id='word_1_551' title='bbox 1623 1753 1725 1787; x_wconf 88' lang='lat' dir='ltr'>nostri</span> <span class='ocrx_word' id='word_1_552' title='bbox 1749 1779 1756 1786; x_wconf 91' lang='lat'><strong>.</strong></span> <span class='ocrx_word' id='word_1_553' title='bbox 1785 1752 2053 1789; x_wconf 86' lang='lat' dir='ltr'>Anathematiza-</span> 
     </span>
     <span class='ocr_line' id='line_1_85' title="bbox 1171 1799 2055 1846; baseline 0.006 -13"><span class='ocrx_word' id='word_1_554' title='bbox 1171 1809 1243 1833; x_wconf 91' lang='lat' dir='ltr'>mus</span> <span class='ocrx_word' id='word_1_555' title='bbox 1264 1799 1365 1843; x_wconf 82' lang='lat' dir='ltr'>igitur</span> <span class='ocrx_word' id='word_1_556' title='bbox 1390 1812 1467 1842; x_wconf 88' lang='lat' dir='ltr'>eos,</span> <span class='ocrx_word' id='word_1_557' title='bbox 1492 1801 1549 1845; x_wconf 95' lang='lat' dir='ltr'>qui</span> <span class='ocrx_word' id='word_1_558' title='bbox 1571 1801 1677 1836; x_wconf 75' lang='lat' dir='ltr'>aliene</span> <span class='ocrx_word' id='word_1_559' title='bbox 1688 1802 1805 1846; x_wconf 87' lang='lat' dir='ltr'>abipsa</span> <span class='ocrx_word' id='word_1_560' title='bbox 1816 1814 1989 1846; x_wconf 86' lang='lat' dir='ltr'>exponunt</span> <span class='ocrx_word' id='word_1_561' title='bbox 2000 1816 2055 1837; x_wconf 90' lang='lat' dir='ltr'>co·</span> 
     </span>
     <span class='ocr_line' id='line_1_86' title="bbox 1170 1849 2053 1896; baseline 0.006 -14"><span class='ocrx_word' id='word_1_562' title='bbox 1170 1860 1235 1882; x_wconf 90' lang='lat' dir='ltr'>ram</span> <span class='ocrx_word' id='word_1_563' title='bbox 1263 1849 1425 1891; x_wconf 80' lang='lat' dir='ltr'>Ecclesia,</span> <span class='ocrx_word' id='word_1_564' title='bbox 1451 1851 1502 1884; x_wconf 94' lang='lat' dir='ltr'>vel</span> <span class='ocrx_word' id='word_1_565' title='bbox 1527 1851 1583 1895; x_wconf 87' lang='lat' dir='ltr'>qui</span> <span class='ocrx_word' id='word_1_566' title='bbox 1609 1850 1954 1896; x_wconf 71' lang='lat' dir='ltr'>maleinterpretantur</span> <span class='ocrx_word' id='word_1_567' title='bbox 1968 1853 2053 1887; x_wconf 85' lang='lat' dir='ltr'>hanc</span> 
     </span>
     <span class='ocr_line' id='line_1_87' title="bbox 1169 1898 2057 1948; baseline 0.009 -17"><span class='ocrx_word' id='word_1_568' title='bbox 1169 1898 1294 1942; x_wconf 79' lang='lat' dir='ltr'>ipsam,</span> <span class='ocrx_word' id='word_1_569' title='bbox 1321 1899 1371 1933; x_wconf 88' lang='lat' dir='ltr'>vel</span> <span class='ocrx_word' id='word_1_570' title='bbox 1393 1899 1450 1946; x_wconf 87' lang='lat' dir='ltr'>qui</span> <span class='ocrx_word' id='word_1_571' title='bbox 1471 1912 1543 1936; x_wconf 89' lang='lat' dir='ltr'>eam</span> <span class='ocrx_word' id='word_1_572' title='bbox 1566 1901 1708 1938; x_wconf 69' lang='lat' dir='ltr'>studiose</span> <span class='ocrx_word' id='word_1_573' title='bbox 1738 1913 1950 1948; x_wconf 87' lang='lat' dir='ltr'>corrumpunt</span> <span class='ocrx_word' id='word_1_574' title='bbox 1974 1928 1982 1936; x_wconf 84' lang='lat'><strong>.</strong></span> <span class='ocrx_word' id='word_1_575' title='bbox 2011 1903 2057 1939; x_wconf 86' lang='lat' dir='ltr'>Et</span> 
     </span>
     <span class='ocr_line' id='line_1_88' title="bbox 1169 1947 2055 1998; baseline 0.008 -17"><span class='ocrx_word' id='word_1_576' title='bbox 1169 1948 1226 1990; x_wconf 91' lang='lat' dir='ltr'>qui</span> <span class='ocrx_word' id='word_1_577' title='bbox 1237 1947 1321 1983; x_wconf 88' lang='lat' dir='ltr'>circa</span> <span class='ocrx_word' id='word_1_578' title='bbox 1334 1960 1406 1984; x_wconf 88' lang='lat' dir='ltr'>eam</span> <span class='ocrx_word' id='word_1_579' title='bbox 1424 1962 1492 1985; x_wconf 87' lang='lat' dir='ltr'>non</span> <span class='ocrx_word' id='word_1_580' title='bbox 1505 1950 1588 1986; x_wconf 75' lang='lat' dir='ltr'>forte</span> <span class='ocrx_word' id='word_1_581' title='bbox 1599 1965 1640 1987; x_wconf 84' lang='lat' dir='ltr'>ex</span> <span class='ocrx_word' id='word_1_582' title='bbox 1654 1954 1840 1998; x_wconf 87' lang='lat' dir='ltr'>ignorantia</span> <span class='ocrx_word' id='word_1_583' title='bbox 1852 1954 1918 1989; x_wconf 82' lang='lat' dir='ltr'>tale</span> <span class='ocrx_word' id='word_1_584' title='bbox 1928 1954 2055 1998; x_wconf 87' lang='lat' dir='ltr'>aliquid</span> 
     </span>
     <span class='ocr_line' id='line_1_89' title="bbox 1170 1998 2056 2046; baseline 0.011 -15"><span class='ocrx_word' id='word_1_585' title='bbox 1170 1998 1360 2041; x_wconf 87' lang='lat' dir='ltr'>patiuntur,</span> <span class='ocrx_word' id='word_1_586' title='bbox 1387 2002 1481 2045; x_wconf 91' lang='lat' dir='ltr'>quale</span> <span class='ocrx_word' id='word_1_587' title='bbox 1508 2000 1649 2037; x_wconf 82' lang='lat' dir='ltr'>haeretici</span> <span class='ocrx_word' id='word_1_588' title='bbox 1675 2004 1875 2046; x_wconf 83' lang='lat' dir='ltr'>pertulerunt</span> <span class='ocrx_word' id='word_1_589' title='bbox 1897 2027 1904 2035; x_wconf 92' lang='lat'><strong>.</strong></span> <span class='ocrx_word' id='word_1_590' title='bbox 1931 2003 1968 2037; x_wconf 83' lang='lat' dir='ltr'>ld</span> <span class='ocrx_word' id='word_1_591' title='bbox 1987 2005 2056 2041; x_wconf 70' lang='lat' dir='ltr'>est·</span> 
     </span>
     <span class='ocr_line' id='line_1_90' title="bbox 1171 2047 2054 2090; baseline 0.009 -11"><span class='ocrx_word' id='word_1_592' title='bbox 1171 2047 1295 2087; x_wconf 86' lang='lat' dir='ltr'>Arius,</span> <span class='ocrx_word' id='word_1_593' title='bbox 1321 2049 1354 2081; x_wconf 76' lang='grc' dir='ltr'>ἀ</span> <span class='ocrx_word' id='word_1_594' title='bbox 1378 2050 1557 2090; x_wconf 75' lang='lat' dir='ltr'>Sabelflus,</span> <span class='ocrx_word' id='word_1_595' title='bbox 1584 2052 1617 2085; x_wconf 90' lang='lat'>&amp;</span> <span class='ocrx_word' id='word_1_596' title='bbox 1640 2052 1826 2086; x_wconf 86' lang='lat' dir='ltr'>Photinus:</span> <span class='ocrx_word' id='word_1_597' title='bbox 1857 2052 2054 2089; x_wconf 78' lang='lat' dir='ltr'>Etanteeos</span> 
     </span>
     <span class='ocr_line' id='line_1_91' title="bbox 1170 2095 2052 2144; baseline 0.009 -14"><span class='ocrx_word' id='word_1_598' title='bbox 1170 2095 1369 2130; x_wconf 87' lang='lat' dir='ltr'>Valentinus</span> <span class='ocrx_word' id='word_1_599' title='bbox 1389 2122 1400 2139; x_wconf 90' lang='lat'>,</span> <span class='ocrx_word' id='word_1_600' title='bbox 1427 2099 1460 2132; x_wconf 75' lang='grc' dir='ltr'>δε</span> <span class='ocrx_word' id='word_1_601' title='bbox 1494 2099 1649 2135; x_wconf 88' lang='lat' dir='ltr'>Marcion</span> <span class='ocrx_word' id='word_1_602' title='bbox 1674 2125 1684 2141; x_wconf 90' lang='lat'>,</span> <span class='ocrx_word' id='word_1_603' title='bbox 1710 2102 1745 2136; x_wconf 73' lang='grc' dir='ltr'>ὅ(</span> <span class='ocrx_word' id='word_1_604' title='bbox 1768 2100 1988 2144; x_wconf 83' lang='lat' dir='ltr'>Manichaeus‚</span> <span class='ocrx_word' id='word_1_605' title='bbox 2018 2103 2052 2138; x_wconf 69' lang='grc' dir='ltr'>ὃς</span> 
     </span>
     <span class='ocr_line' id='line_1_92' title="bbox 1170 2146 2054 2197; baseline 0.01 -18"><span class='ocrx_word' id='word_1_606' title='bbox 1170 2146 1290 2180; x_wconf 89' lang='lat' dir='ltr'>Paulus</span> <span class='ocrx_word' id='word_1_607' title='bbox 1304 2147 1533 2182; x_wconf 86' lang='lat' dir='ltr'>Samosatenus</span> <span class='ocrx_word' id='word_1_608' title='bbox 1543 2173 1554 2188; x_wconf 88' lang='lat'>,</span> <span class='ocrx_word' id='word_1_609' title='bbox 1582 2151 1635 2183; x_wconf 88' lang='lat' dir='ltr'>seu</span> <span class='ocrx_word' id='word_1_610' title='bbox 1649 2151 1763 2184; x_wconf 85' lang='lat' dir='ltr'>Simon</span> <span class='ocrx_word' id='word_1_611' title='bbox 1777 2175 1788 2190; x_wconf 88' lang='lat'>‚</span> <span class='ocrx_word' id='word_1_612' title='bbox 1808 2153 1843 2186; x_wconf 70' lang='grc' dir='ltr'>ὃς</span> <span class='ocrx_word' id='word_1_613' title='bbox 1853 2154 2054 2197; x_wconf 89' lang='lat' dir='ltr'>quicumque</span> 
     </span>
     <span class='ocr_line' id='line_1_93' title="bbox 1170 2193 2052 2237; baseline 0.012 -11"><span class='ocrx_word' id='word_1_614' title='bbox 1170 2193 1220 2227; x_wconf 89' lang='lat' dir='ltr'>his</span> <span class='ocrx_word' id='word_1_615' title='bbox 1240 2193 1352 2227; x_wconf 84' lang='lat' dir='ltr'>similis</span> <span class='ocrx_word' id='word_1_616' title='bbox 1379 2196 1476 2229; x_wconf 74' lang='lat' dir='ltr'>Sestae</span> <span class='ocrx_word' id='word_1_617' title='bbox 1496 2197 1586 2230; x_wconf 92' lang='lat' dir='ltr'>sunt.</span> <span class='ocrx_word' id='word_1_618' title='bbox 1617 2197 1684 2231; x_wconf 91' lang='lat' dir='ltr'>Uti</span> <span class='ocrx_word' id='word_1_619' title='bbox 1709 2197 1785 2232; x_wconf 77' lang='lat' dir='ltr'>vero</span> <span class='ocrx_word' id='word_1_620' title='bbox 1805 2200 1840 2233; x_wconf 77' lang='grc' dir='ltr'>ἀ</span> <span class='ocrx_word' id='word_1_621' title='bbox 1854 2201 2052 2237; x_wconf 85' lang='lat' dir='ltr'>volumus&amp;</span> 
     </span>
     <span class='ocr_line' id='line_1_94' title="bbox 1169 2242 2053 2292; baseline 0.011 -17"><span class='ocrx_word' id='word_1_622' title='bbox 1169 2242 1439 2277; x_wconf 88' lang='lat' dir='ltr'>commendamus</span> <span class='ocrx_word' id='word_1_623' title='bbox 1451 2244 1619 2286; x_wconf 72' lang='lat' dir='ltr'>universis,</span> <span class='ocrx_word' id='word_1_624' title='bbox 1638 2246 1704 2281; x_wconf 90' lang='lat' dir='ltr'>illis</span> <span class='ocrx_word' id='word_1_625' title='bbox 1716 2247 1818 2283; x_wconf 88' lang='lat' dir='ltr'>verbis</span> <span class='ocrx_word' id='word_1_626' title='bbox 1830 2273 1840 2289; x_wconf 95' lang='lat'>,</span> <span class='ocrx_word' id='word_1_627' title='bbox 1866 2250 1900 2285; x_wconf 71' lang='grc' dir='ltr'>ὅ(</span> <span class='ocrx_word' id='word_1_628' title='bbox 1912 2251 1971 2285; x_wconf 92' lang='lat' dir='ltr'>illo</span> <span class='ocrx_word' id='word_1_629' title='bbox 1984 2252 2053 2292; x_wconf 83' lang='lat' dir='ltr'>sen·</span> 
     </span>
     <span class='ocr_line' id='line_1_95' title="bbox 1170 2291 2051 2337; baseline 0.015 -14"><span class='ocrx_word' id='word_1_630' title='bbox 1170 2292 1204 2324; x_wconf 89' lang='lat' dir='ltr'>su</span> <span class='ocrx_word' id='word_1_631' title='bbox 1215 2291 1271 2335; x_wconf 91' lang='lat' dir='ltr'>qui</span> <span class='ocrx_word' id='word_1_632' title='bbox 1285 2293 1319 2325; x_wconf 89' lang='lat' dir='ltr'>in</span> <span class='ocrx_word' id='word_1_633' title='bbox 1338 2293 1465 2336; x_wconf 85' lang='lat' dir='ltr'>praefato</span> <span class='ocrx_word' id='word_1_634' title='bbox 1474 2293 1632 2337; x_wconf 74' lang='lat' dir='ltr'>symbolo</span> <span class='ocrx_word' id='word_1_635' title='bbox 1643 2297 1852 2333; x_wconf 85' lang='lat' dir='ltr'>continetur:</span> <span class='ocrx_word' id='word_1_636' title='bbox 1878 2301 1952 2335; x_wconf 88' lang='lat' dir='ltr'>Nec</span> <span class='ocrx_word' id='word_1_637' title='bbox 1972 2294 2051 2336; x_wconf 82' lang='lat' dir='ltr'>ulla·</span> 
     </span>
     <span class='ocr_line' id='line_1_96' title="bbox 1168 2341 2049 2394; baseline 0.012 -19"><span class='ocrx_word' id='word_1_638' title='bbox 1168 2351 1263 2375; x_wconf 85' lang='lat' dir='ltr'>tenus</span> <span class='ocrx_word' id='word_1_639' title='bbox 1273 2341 1440 2377; x_wconf 86' lang='lat' dir='ltr'>abscedere</span> <span class='ocrx_word' id='word_1_640' title='bbox 1454 2355 1562 2387; x_wconf 81' lang='lat' dir='ltr'>praeter</span> <span class='ocrx_word' id='word_1_641' title='bbox 1571 2357 1664 2380; x_wconf 89' lang='lat' dir='ltr'>eum.</span> <span class='ocrx_word' id='word_1_642' title='bbox 1680 2347 1758 2394; x_wconf 67' lang='lat' dir='ltr'>,Qi</span> <span class='ocrx_word' id='word_1_643' title='bbox 1775 2350 1849 2382; x_wconf 81' lang='lat' dir='ltr'>vero</span> <span class='ocrx_word' id='word_1_644' title='bbox 1862 2350 1892 2383; x_wconf 92' lang='lat' dir='ltr'>id</span> <span class='ocrx_word' id='word_1_645' title='bbox 1906 2350 2049 2387; x_wconf 81' lang='lat' dir='ltr'>corrum-</span> 
     </span>
     <span class='ocr_line' id='line_1_97' title="bbox 1169 2391 2047 2436; baseline 0.014 -12"><span class='ocrx_word' id='word_1_646' title='bbox 1169 2392 1240 2435; x_wconf 88' lang='lat' dir='ltr'>pit,</span> <span class='ocrx_word' id='word_1_647' title='bbox 1265 2391 1354 2427; x_wconf 91' lang='lat' dir='ltr'>hunc</span> <span class='ocrx_word' id='word_1_648' title='bbox 1364 2393 1426 2427; x_wconf 86' lang='lat' dir='ltr'>esse</span> <span class='ocrx_word' id='word_1_649' title='bbox 1436 2393 1477 2428; x_wconf 91' lang='lat' dir='ltr'>ab</span> <span class='ocrx_word' id='word_1_650' title='bbox 1490 2396 1583 2429; x_wconf 88' lang='lat' dir='ltr'>omni</span> <span class='ocrx_word' id='word_1_651' title='bbox 1594 2396 1778 2432; x_wconf 85' lang='lat' dir='ltr'>Christiana</span> <span class='ocrx_word' id='word_1_652' title='bbox 1800 2399 2047 2436; x_wconf 83' lang='lat' dir='ltr'>confeffione&amp;</span> 
     </span>
     <span class='ocr_line' id='line_1_98' title="bbox 1168 2444 2047 2492; baseline 0.011 -17"><span class='ocrx_word' id='word_1_653' title='bbox 1168 2444 1403 2478; x_wconf 89' lang='lat' dir='ltr'>communione</span> <span class='ocrx_word' id='word_1_654' title='bbox 1423 2445 1549 2477; x_wconf 73' lang='lat' dir='ltr'>alienum</span> <span class='ocrx_word' id='word_1_655' title='bbox 1573 2469 1578 2477; x_wconf 92' lang='lat'><em>.</em></span> <span class='ocrx_word' id='word_1_656' title='bbox 1609 2446 1826 2492; x_wconf 88' lang='lat' dir='ltr'>lntelligimus</span> <span class='ocrx_word' id='word_1_657' title='bbox 1858 2449 1932 2483; x_wconf 80' lang='lat' dir='ltr'>vero</span> <span class='ocrx_word' id='word_1_658' title='bbox 1953 2462 2047 2492; x_wconf 84' lang='lat' dir='ltr'>eam,</span> 
     </span>
     <span class='ocr_line' id='line_1_99' title="bbox 1166 2490 2047 2537; baseline 0.011 -13"><span class='ocrx_word' id='word_1_659' title='bbox 1166 2490 1380 2536; x_wconf 88' lang='lat' dir='ltr'>traditamque</span> <span class='ocrx_word' id='word_1_660' title='bbox 1401 2495 1572 2537; x_wconf 85' lang='lat' dir='ltr'>recipimus</span> <span class='ocrx_word' id='word_1_661' title='bbox 1595 2496 1679 2530; x_wconf 87' lang='lat' dir='ltr'>circa</span> <span class='ocrx_word' id='word_1_662' title='bbox 1702 2498 1902 2533; x_wconf 70' lang='lat' dir='ltr'>intellestum</span> <span class='ocrx_word' id='word_1_663' title='bbox 1924 2500 1958 2534; x_wconf 71' lang='grc' dir='ltr'>ὅ(</span> <span class='ocrx_word' id='word_1_664' title='bbox 1981 2512 2047 2534; x_wconf 87' lang='lat' dir='ltr'>ver·</span> 
     </span>
     <span class='ocr_line' id='line_1_100' title="bbox 1168 2540 2046 2592; baseline 0.013 -18"><span class='ocrx_word' id='word_1_665' title='bbox 1168 2540 1267 2582; x_wconf 86' lang='lat' dir='ltr'>burn,</span> <span class='ocrx_word' id='word_1_666' title='bbox 1294 2543 1544 2585; x_wconf 86' lang='lat' dir='ltr'>&amp;sermonem‚</span> <span class='ocrx_word' id='word_1_667' title='bbox 1571 2546 1647 2579; x_wconf 77' lang='lat' dir='ltr'>sicut</span> <span class='ocrx_word' id='word_1_668' title='bbox 1658 2544 1691 2579; x_wconf 92' lang='lat' dir='ltr'>hi</span> <span class='ocrx_word' id='word_1_669' title='bbox 1706 2572 1716 2588; x_wconf 95' lang='lat'>,</span> <span class='ocrx_word' id='word_1_670' title='bbox 1742 2549 1883 2592; x_wconf 86' lang='lat' dir='ltr'>quiante</span> <span class='ocrx_word' id='word_1_671' title='bbox 1906 2561 1966 2583; x_wconf 91' lang='lat' dir='ltr'>nos</span> <span class='ocrx_word' id='word_1_672' title='bbox 1978 2552 2046 2584; x_wconf 91' lang='lat' dir='ltr'>fue-</span> 
     </span>
     <span class='ocr_line' id='line_1_101' title="bbox 1166 2593 2046 2641; baseline 0.011 -17"><span class='ocrx_word' id='word_1_673' title='bbox 1166 2603 1264 2632; x_wconf 87' lang='lat' dir='ltr'>runt,</span> <span class='ocrx_word' id='word_1_674' title='bbox 1292 2593 1367 2626; x_wconf 86' lang='lat' dir='ltr'>Deo</span> <span class='ocrx_word' id='word_1_675' title='bbox 1395 2593 1590 2627; x_wconf 84' lang='lat' dir='ltr'>Amiciffimi</span> <span class='ocrx_word' id='word_1_676' title='bbox 1614 2595 1785 2641; x_wconf 88' lang='lat' dir='ltr'>Episcopi:</span> <span class='ocrx_word' id='word_1_677' title='bbox 1815 2600 1850 2631; x_wconf 89' lang='lat' dir='ltr'>ln</span> <span class='ocrx_word' id='word_1_678' title='bbox 1864 2598 2046 2636; x_wconf 87' lang='lat' dir='ltr'>Occidente</span> 
     </span>
     <span class='ocr_line' id='line_1_102' title="bbox 1166 2640 2047 2691; baseline 0.011 -17"><span class='ocrx_word' id='word_1_679' title='bbox 1166 2640 1297 2685; x_wconf 82' lang='lat' dir='ltr'>quidem</span> <span class='ocrx_word' id='word_1_680' title='bbox 1332 2643 1490 2678; x_wconf 87' lang='lat' dir='ltr'>Damasus</span> <span class='ocrx_word' id='word_1_681' title='bbox 1510 2669 1521 2684; x_wconf 94' lang='lat'>‚</span> <span class='ocrx_word' id='word_1_682' title='bbox 1547 2644 1761 2680; x_wconf 85' lang='lat' dir='ltr'>Innocentius</span> <span class='ocrx_word' id='word_1_683' title='bbox 1791 2672 1801 2688; x_wconf 90' lang='lat'>,</span> <span class='ocrx_word' id='word_1_684' title='bbox 1829 2647 2018 2684; x_wconf 83' lang='lat' dir='ltr'>Ambrofius</span> <span class='ocrx_word' id='word_1_685' title='bbox 2034 2674 2047 2691; x_wconf 87' lang='lat'>,</span> 
     </span>
     <span class='ocr_line' id='line_1_103' title="bbox 1165 2691 2047 2740; baseline 0.009 -16"><span class='ocrx_word' id='word_1_686' title='bbox 1165 2692 1199 2725; x_wconf 74' lang='grc' dir='ltr'>ἀ</span> <span class='ocrx_word' id='word_1_687' title='bbox 1210 2691 1265 2725; x_wconf 87' lang='lat' dir='ltr'>alii</span> <span class='ocrx_word' id='word_1_688' title='bbox 1279 2692 1407 2735; x_wconf 77' lang='lat' dir='ltr'>Patres3</span> <span class='ocrx_word' id='word_1_689' title='bbox 1434 2692 1470 2725; x_wconf 92' lang='lat' dir='ltr'>ln</span> <span class='ocrx_word' id='word_1_690' title='bbox 1485 2694 1628 2729; x_wconf 88' lang='lat' dir='ltr'>Hellade</span> <span class='ocrx_word' id='word_1_691' title='bbox 1638 2695 1715 2729; x_wconf 74' lang='lat' dir='ltr'>vero</span> <span class='ocrx_word' id='word_1_692' title='bbox 1726 2697 1758 2730; x_wconf 78' lang='grc' dir='ltr'>δε</span> <span class='ocrx_word' id='word_1_693' title='bbox 1770 2697 1903 2740; x_wconf 91' lang='lat' dir='ltr'>lllyrico</span> <span class='ocrx_word' id='word_1_694' title='bbox 1911 2698 2047 2732; x_wconf 88' lang='lat' dir='ltr'>Metho-</span> 
     </span>
     <span class='ocr_line' id='line_1_104' title="bbox 1164 2740 2044 2790; baseline 0.008 -15"><span class='ocrx_word' id='word_1_695' title='bbox 1164 2740 1257 2781; x_wconf 89' lang='lat' dir='ltr'>dius‚</span> <span class='ocrx_word' id='word_1_696' title='bbox 1283 2741 1317 2775; x_wconf 76' lang='grc' dir='ltr'>ἀ</span> <span class='ocrx_word' id='word_1_697' title='bbox 1335 2743 1390 2776; x_wconf 88' lang='lat' dir='ltr'>alii</span> <span class='ocrx_word' id='word_1_698' title='bbox 1415 2742 1542 2782; x_wconf 89' lang='lat' dir='ltr'>Patres,</span> <span class='ocrx_word' id='word_1_699' title='bbox 1567 2746 1622 2786; x_wconf 92' lang='lat' dir='ltr'>qui</span> <span class='ocrx_word' id='word_1_700' title='bbox 1651 2747 1769 2789; x_wconf 87' lang='lat' dir='ltr'>pietate</span> <span class='ocrx_word' id='word_1_701' title='bbox 1780 2746 1985 2790; x_wconf 85' lang='lat' dir='ltr'>claruerunt;</span> <span class='ocrx_word' id='word_1_702' title='bbox 2010 2750 2044 2783; x_wconf 87' lang='lat'>&amp;</span> 
     </span>
     <span class='ocr_line' id='line_1_105' title="bbox 1164 2791 2041 2837; baseline 0.007 -13"><span class='ocrx_word' id='word_1_703' title='bbox 1164 2792 1199 2825; x_wconf 92' lang='lat' dir='ltr'>in</span> <span class='ocrx_word' id='word_1_704' title='bbox 1216 2792 1327 2825; x_wconf 82' lang='lat' dir='ltr'>Africa</span> <span class='ocrx_word' id='word_1_705' title='bbox 1341 2791 1545 2836; x_wconf 78' lang='lat' dir='ltr'>Cyprianus3</span> <span class='ocrx_word' id='word_1_706' title='bbox 1574 2795 1606 2827; x_wconf 93' lang='lat' dir='ltr'>in</span> <span class='ocrx_word' id='word_1_707' title='bbox 1622 2794 1820 2830; x_wconf 85' lang='lat' dir='ltr'>Alexandria</span> <span class='ocrx_word' id='word_1_708' title='bbox 1834 2796 2041 2837; x_wconf 84' lang='lat' dir='ltr'>Alexander,</span> 
     </span>
     <span class='ocr_line' id='line_1_106' title="bbox 1165 2839 2039 2890; baseline 0.008 -16"><span class='ocrx_word' id='word_1_709' title='bbox 1165 2839 1360 2875; x_wconf 76' lang='lat' dir='ltr'>Athanasius</span> <span class='ocrx_word' id='word_1_710' title='bbox 1382 2866 1393 2882; x_wconf 92' lang='lat'>,</span> <span class='ocrx_word' id='word_1_711' title='bbox 1419 2842 1629 2887; x_wconf 89' lang='lat' dir='ltr'>Theophilus</span> <span class='ocrx_word' id='word_1_712' title='bbox 1649 2857 1658 2886; x_wconf 89' lang='lat'>;</span> <span class='ocrx_word' id='word_1_713' title='bbox 1689 2845 1723 2878; x_wconf 90' lang='lat' dir='ltr'>in</span> <span class='ocrx_word' id='word_1_714' title='bbox 1746 2845 2039 2890; x_wconf 89' lang='lat' dir='ltr'>Constantinopoli</span> 
     </span>
     <span class='ocr_line' id='line_1_107' title="bbox 1165 2891 2040 2939; baseline 0.006 -14"><span class='ocrx_word' id='word_1_715' title='bbox 1165 2891 1336 2925; x_wconf 72' lang='lat' dir='ltr'>Nenarius</span> <span class='ocrx_word' id='word_1_716' title='bbox 1355 2916 1366 2931; x_wconf 91' lang='lat'>,</span> <span class='ocrx_word' id='word_1_717' title='bbox 1394 2892 1533 2935; x_wconf 85' lang='lat' dir='ltr'>Joannes</span> <span class='ocrx_word' id='word_1_718' title='bbox 1557 2917 1567 2932; x_wconf 93' lang='lat'>‚</span> <span class='ocrx_word' id='word_1_719' title='bbox 1595 2893 1725 2928; x_wconf 85' lang='lat' dir='ltr'>Atticus</span> <span class='ocrx_word' id='word_1_720' title='bbox 1743 2907 1758 2935; x_wconf 93' lang='lat'><em>;</em></span> <span class='ocrx_word' id='word_1_721' title='bbox 1785 2895 1818 2928; x_wconf 92' lang='lat' dir='ltr'>in</span> <span class='ocrx_word' id='word_1_722' title='bbox 1845 2895 1955 2930; x_wconf 87' lang='lat' dir='ltr'>Ponto</span> <span class='ocrx_word' id='word_1_723' title='bbox 1982 2897 2040 2939; x_wconf 89' lang='lat' dir='ltr'>qui</span> 
     </span>
     <span class='ocr_line' id='line_1_108' title="bbox 1162 2941 2040 2987; baseline 0.007 -13"><span class='ocrx_word' id='word_1_724' title='bbox 1162 2941 1245 2975; x_wconf 85' lang='lat' dir='ltr'>circa</span> <span class='ocrx_word' id='word_1_725' title='bbox 1265 2941 1424 2976; x_wconf 83' lang='lat' dir='ltr'>Bafilium&#39;</span> <span class='ocrx_word' id='word_1_726' title='bbox 1439 2953 1537 2985; x_wconf 84' lang='lat' dir='ltr'>atque</span> <span class='ocrx_word' id='word_1_727' title='bbox 1558 2944 1778 2987; x_wconf 84' lang='lat' dir='ltr'>Gregorium;</span> <span class='ocrx_word' id='word_1_728' title='bbox 1806 2945 1838 2978; x_wconf 86' lang='lat' dir='ltr'>in</span> <span class='ocrx_word' id='word_1_729' title='bbox 1864 2945 1938 2980; x_wconf 83' lang='lat' dir='ltr'>Alia</span> <span class='ocrx_word' id='word_1_730' title='bbox 1960 2946 2040 2980; x_wconf 87' lang='lat' dir='ltr'>Am-</span> 
     </span>
     <span class='ocr_line' id='line_1_109' title="bbox 1163 2989 2038 3037; baseline 0.006 -13"><span class='ocrx_word' id='word_1_731' title='bbox 1163 2989 1348 3034; x_wconf 85' lang='lat' dir='ltr'>philochius</span> <span class='ocrx_word' id='word_1_732' title='bbox 1366 3017 1377 3033; x_wconf 89' lang='lat'>,</span> <span class='ocrx_word' id='word_1_733' title='bbox 1403 2994 1555 3035; x_wconf 85' lang='lat' dir='ltr'>Optimus</span> <span class='ocrx_word' id='word_1_734' title='bbox 1579 3005 1588 3035; x_wconf 81' lang='lat'>3</span> <span class='ocrx_word' id='word_1_735' title='bbox 1616 2993 1648 3026; x_wconf 93' lang='lat' dir='ltr'>in</span> <span class='ocrx_word' id='word_1_736' title='bbox 1683 2994 1819 3028; x_wconf 76' lang='lat' dir='ltr'>Oriente</span> <span class='ocrx_word' id='word_1_737' title='bbox 1852 2995 2038 3037; x_wconf 83' lang='lat' dir='ltr'>Eustatius‚</span> 
     </span>
     <span class='ocr_line' id='line_1_110' title="bbox 1163 3040 2038 3088; baseline 0.006 -13"><span class='ocrx_word' id='word_1_738' title='bbox 1163 3040 1316 3075; x_wconf 90' lang='lat' dir='ltr'>Meletius</span> <span class='ocrx_word' id='word_1_739' title='bbox 1335 3064 1346 3081; x_wconf 91' lang='lat'>,</span> <span class='ocrx_word' id='word_1_740' title='bbox 1372 3043 1543 3076; x_wconf 87' lang='lat' dir='ltr'>Flavianus</span> <span class='ocrx_word' id='word_1_741' title='bbox 1563 3067 1569 3074; x_wconf 91' lang='lat'><strong><em>.</em></strong></span> <span class='ocrx_word' id='word_1_742' title='bbox 1598 3043 1642 3076; x_wconf 89' lang='lat' dir='ltr'>Et</span> <span class='ocrx_word' id='word_1_743' title='bbox 1665 3054 1777 3078; x_wconf 91' lang='lat' dir='ltr'>omnes</span> <span class='ocrx_word' id='word_1_744' title='bbox 1803 3068 1814 3085; x_wconf 94' lang='lat'>,</span> <span class='ocrx_word' id='word_1_745' title='bbox 1839 3046 2038 3088; x_wconf 89' lang='lat' dir='ltr'>quicumque</span> 
     </span>
     <span class='ocr_line' id='line_1_111' title="bbox 1161 3091 1789 3135; baseline 0.003 -10"><span class='ocrx_word' id='word_1_746' title='bbox 1161 3091 1305 3126; x_wconf 76' lang='lat' dir='ltr'>similiter</span> <span class='ocrx_word' id='word_1_747' title='bbox 1317 3092 1434 3125; x_wconf 85' lang='lat' dir='ltr'>talibus</span> <span class='ocrx_word' id='word_1_748' title='bbox 1446 3093 1561 3135; x_wconf 85' lang='lat' dir='ltr'>pietate</span> <span class='ocrx_word' id='word_1_749' title='bbox 1587 3093 1772 3128; x_wconf 88' lang='lat' dir='ltr'>micuerunt</span> <span class='ocrx_word' id='word_1_750' title='bbox 1781 3118 1789 3127; x_wconf 92' lang='lat'><strong>.</strong></span> 
     </span>
    </p>

    <p class='ocr_par' dir='ltr' id='par_1_14' title="bbox 1159 3140 2038 3388">
     <span class='ocr_line' id='line_1_112' title="bbox 1208 3140 2036 3185; baseline 0.006 -11"><span class='ocrx_word' id='word_1_751' title='bbox 1208 3140 1321 3176; x_wconf 80' lang='lat' dir='ltr'>Habet</span> <span class='ocrx_word' id='word_1_752' title='bbox 1344 3142 1418 3176; x_wconf 77' lang='lat' dir='ltr'>vero</span> <span class='ocrx_word' id='word_1_753' title='bbox 1445 3142 1603 3185; x_wconf 82' lang='lat' dir='ltr'>expofitio</span> <span class='ocrx_word' id='word_1_754' title='bbox 1626 3143 1701 3178; x_wconf 88' lang='lat' dir='ltr'>fidei</span> <span class='ocrx_word' id='word_1_755' title='bbox 1724 3144 1765 3178; x_wconf 87' lang='lat' dir='ltr'>fic</span> <span class='ocrx_word' id='word_1_756' title='bbox 1788 3158 1799 3178; x_wconf 91' lang='lat'>.·</span> <span class='ocrx_word' id='word_1_757' title='bbox 1824 3146 1979 3179; x_wconf 78' lang='lat' dir='ltr'>Credimus</span> <span class='ocrx_word' id='word_1_758' title='bbox 2001 3153 2036 3179; x_wconf 80' lang='lat' dir='ltr'>m</span> 
     </span>
     <span class='ocr_line' id='line_1_113' title="bbox 1159 3194 2038 3236; baseline 0.005 -11"><span class='ocrx_word' id='word_1_759' title='bbox 1159 3203 1248 3225; x_wconf 88' lang='lat' dir='ltr'>unum</span> <span class='ocrx_word' id='word_1_760' title='bbox 1272 3197 1387 3231; x_wconf 84' lang='lat' dir='ltr'>Deum,</span> <span class='ocrx_word' id='word_1_761' title='bbox 1418 3194 1538 3225; x_wconf 82' lang='lat' dir='ltr'>Patrem</span> <span class='ocrx_word' id='word_1_762' title='bbox 1561 3199 1809 3236; x_wconf 77' lang='lat' dir='ltr'>omnipotentem,</span> <span class='ocrx_word' id='word_1_763' title='bbox 1835 3201 1961 3229; x_wconf 81' lang='lat' dir='ltr'>omnium</span> <span class='ocrx_word' id='word_1_764' title='bbox 1971 3195 2038 3236; x_wconf 73' lang='lat' dir='ltr'>vifi-</span> 
     </span>
     <span class='ocr_line' id='line_1_114' title="bbox 1159 3241 2036 3283; baseline 0.003 -9"><span class='ocrx_word' id='word_1_765' title='bbox 1159 3242 1260 3275; x_wconf 74' lang='lat' dir='ltr'>bilium</span> <span class='ocrx_word' id='word_1_766' title='bbox 1279 3243 1313 3275; x_wconf 65' lang='grc' dir='ltr'>Θ</span> <span class='ocrx_word' id='word_1_767' title='bbox 1331 3241 1522 3282; x_wconf 79' lang='lat' dir='ltr'>invissbilium</span> <span class='ocrx_word' id='word_1_768' title='bbox 1537 3242 1704 3283; x_wconf 69' lang='lat' dir='ltr'>fuc‘i‘orem.</span> <span class='ocrx_word' id='word_1_769' title='bbox 1735 3248 1779 3276; x_wconf 81' lang='lat' dir='ltr'>Er</span> <span class='ocrx_word' id='word_1_770' title='bbox 1789 3251 1821 3278; x_wconf 77' lang='lat' dir='ltr'>in</span> <span class='ocrx_word' id='word_1_771' title='bbox 1835 3256 1926 3279; x_wconf 86' lang='lat' dir='ltr'>unum</span> <span class='ocrx_word' id='word_1_772' title='bbox 1939 3249 2036 3277; x_wconf 76' lang='lat' dir='ltr'>Domi-</span> 
     </span>
     <span class='ocr_line' id='line_1_115' title="bbox 1159 3291 2034 3338; baseline 0.005 -15"><span class='ocrx_word' id='word_1_773' title='bbox 1159 3304 1228 3325; x_wconf 84' lang='lat' dir='ltr'>num</span> <span class='ocrx_word' id='word_1_774' title='bbox 1240 3295 1270 3336; x_wconf 86' lang='lat' dir='ltr'><em>J</em></span> <span class='ocrx_word' id='word_1_775' title='bbox 1273 3291 1350 3334; x_wconf 74' lang='lat' dir='ltr'>esiam</span> <span class='ocrx_word' id='word_1_776' title='bbox 1373 3291 1521 3332; x_wconf 70' lang='lat' dir='ltr'>christum</span> <span class='ocrx_word' id='word_1_777' title='bbox 1541 3292 1636 3334; x_wconf 82' lang='lat' dir='ltr'>filium</span> <span class='ocrx_word' id='word_1_778' title='bbox 1653 3297 1709 3327; x_wconf 79' lang='lat' dir='ltr'>Dei</span> <span class='ocrx_word' id='word_1_779' title='bbox 1724 3301 1862 3338; x_wconf 73' lang='lat' dir='ltr'>genitum</span> <span class='ocrx_word' id='word_1_780' title='bbox 1872 3307 1910 3329; x_wconf 80' lang='lat' dir='ltr'>ex</span> <span class='ocrx_word' id='word_1_781' title='bbox 1924 3298 2034 3333; x_wconf 76' lang='lat' dir='ltr'>Patre,</span> 
     </span>
     <span class='ocr_line' id='line_1_116' title="bbox 1160 3341 2033 3388; baseline 0.002 -13"><span class='ocrx_word' id='word_1_782' title='bbox 1160 3346 1358 3386; x_wconf 74' lang='lat' dir='ltr'>Unigenitum,</span> <span class='ocrx_word' id='word_1_783' title='bbox 1387 3341 1487 3384; x_wconf 74' lang='lat' dir='ltr'>idest,</span> <span class='ocrx_word' id='word_1_784' title='bbox 1513 3342 1549 3377; x_wconf 81' lang='lat' dir='ltr'>de</span> <span class='ocrx_word' id='word_1_785' title='bbox 1555 3341 1722 3386; x_wconf 83' lang='lat' dir='ltr'>substantia</span> <span class='ocrx_word' id='word_1_786' title='bbox 1735 3347 1853 3388; x_wconf 85' lang='lat' dir='ltr'>Patris,</span> <span class='ocrx_word' id='word_1_787' title='bbox 1881 3349 1975 3378; x_wconf 86' lang='lat' dir='ltr'>Deum</span> <span class='ocrx_word' id='word_1_788' title='bbox 1996 3354 2033 3377; x_wconf 78' lang='lat' dir='ltr'>ex</span> 
     </span>
    </p>

    <p class='ocr_par' dir='ltr' id='par_1_15' title="bbox 1903 3396 1983 3435">
     <span class='ocr_line' id='line_1_117' title="bbox 1903 3396 1983 3435; baseline -0.013 -9"><span class='ocrx_word' id='word_1_789' title='bbox 1903 3396 1983 3435; x_wconf 83' lang='lat' dir='ltr'>Deo,</span> 
     </span>
    </p>
   </div>
  </div>
 </body>
</html>
