2320 3730
587 225 899 281 Scirorus,
939 238 1002 267 ET
1037 221 1233 269 No·r1s
1269 232 1665 267 utus-ritant.

217 311 327 347 verbis
348 308 555 353 praecedentis
583 309 737 354 Epistolae
758 323 766 342 :
794 308 925 352 Misimus
946 310 1099 352 exemplar

217 358 420 402 expoffliont‘s,
446 370 479 393 ut
500 362 557 394 duo
579 362 765 404 exemplaria
786 361 869 405 fiant
891 385 902 402 ,
930 358 1099 405 duobusque

217 407 495 453 illtssubscribatis.
527 410 720 446 Caffinenfis
732 410 901 447 translatio
922 410 967 444 est
978 409 1101 453 expres-

216 458 297 493 sior:
327 463 365 493 Ut
376 463 433 494 duo
445 461 616 495 authentica
634 463 823 504 exemplaria
833 462 1002 505 dignemint
1013 469 1100 494 tran·

210 507 361 552 scribere,
388 513 421 546 ὁ·
427 511 625 556 subscribatis
637 511 795 545 ambobus.
822 508 1020 553 Respondeo
1043 518 1099 542 aut

216 560 361 604 Legatos
373 562 444 605 post
455 562 588 606 scriptas
605 562 727 596 litteras
745 561 878 594 mutasse
899 559 1076 594 consilium
1089 582 1100 599 ,

216 610 250 644 &
271 611 340 645 duo
356 612 554 656 exemplaria
580 612 694 647 mififfe
719 609 886 654 Ephesum
913 635 924 650 ,
950 619 1007 644 aut
1032 618 1100 642 tam

217 660 389 705 vulgatum
408 673 507 705 quam
534 661 754 697 Caffinensem
777 659 1025 694 Translatorem
1047 659 1101 692 de-

216 711 314 746 viasse
331 711 373 745 ab
394 713 549 759 originali
562 711 688 746 littera.
717 711 761 744 Et
782 711 942 756 quoniam
953 708 1020 744 haec
1031 720 1099 744 non

215 761 319 796 exstat
331 786 341 802 ,
363 773 428 807 ego
439 763 550 798 nescio
560 760 650 795 aliud
666 786 675 795 .

266 811 415 855 Epistola
437 812 505 847 haec
526 822 588 845 nos
608 809 706 846 docet
718 811 804 845 varia
818 836 826 843 .
851 809 987 852 Primo,
1013 806 1102 854 quod

215 860 380 906 Ephefina
390 861 545 906 Synodus
556 861 655 896 etiam
668 862 739 905 post
755 862 953 896 transmissos
960 860 1002 895 ad
1013 860 1103 893 Prin-

215 923 293 956 pem
314 912 459 956 Legatos
489 912 662 956 perrexerit
694 912 731 946 in
759 912 825 945 suis
846 910 1042 946 Seffionibus
1066 921 1103 943 ac

214 959 399 1005 Operibus:
425 963 516 1006 quod
537 963 713 1006 perrexerit
737 960 958 1006 quorumdam
986 960 1106 997 Nesto-

214 1012 383 1046 rianorum
395 1011 476 1046 Asta
488 1014 522 1047 δε
543 1013 669 1060 Scripta
681 1011 844 1047 discutere
860 1037 867 1044 .
892 1011 998 1057 Qod
1009 1011 1105 1054 quos-

215 1061 293 1095 dam
313 1062 535 1101 damnaverit,
560 1062 594 1095 ὃς
615 1062 841 1097 damnationis
852 1061 974 1096 litteras
985 1061 1107 1095 miserit

213 1110 255 1144 ad
268 1111 413 1152 ipsorum
427 1110 603 1146 Ecclesiam
614 1135 624 1150 ,
650 1111 811 1147 mandans
822 1112 953 1156 procedi
973 1112 1014 1146 ad
1026 1112 1106 1145 novi

212 1160 373 1203 Episcopi
395 1161 593 1196 elestionem
614 1163 649 1196 &
675 1163 977 1203 consecrationem,
1003 1162 1038 1195 δε
1059 1173 1110 1195 va-

213 1210 320 1245 cantis
343 1210 493 1247 Ecclesiae
516 1212 604 1249 bona
622 1213 722 1255 usque
733 1223 815 1247 tunc
825 1211 1107 1257 regi&custodiri

213 1272 271 1305 per
300 1260 504 1296 OEconomos
524 1287 531 1293 .
560 1262 650 1296 Inter
676 1261 737 1296 hos
757 1264 891 1296 fuerunt
915 1260 1108 1296 Dorotheus

211 1311 577 1354 Martianopolitanus,
604 1312 782 1347 Helladius
803 1311 1019 1351 Tharsensis,
1047 1312 1110 1345 Hi-

211 1361 335 1395 merius
360 1362 644 1402 Nicomediensis,
673 1361 852 1396 Eutherius
872 1361 1105 1405 Thyanensis,

212 1411 250 1448 &
272 1410 379 1454 plures
401 1411 472 1445 alii.
500 1412 579 1446 Erat
604 1411 821 1457 enim&ipse
835 1413 977 1456 Joannes
991 1412 1110 1446 Antio-

214 1459 356 1496 chenus.
384 1461 598 1506 Singulorum
625 1463 762 1497 nomina
788 1459 887 1496 habes
911 1463 946 1497 in
971 1463 1108 1506 septima

215 1510 359 1545 Aetione
381 1509 536 1553 Ephesini
564 1510 714 1546 Concilii
739 1538 746 1547 ,
776 1512 902 1548 Verum
938 1512 1108 1556 Cyrinus,

215 1559 393 1595 Primarius
404 1560 533 1604 Synodi
545 1559 662 1597 Praeses
675 1587 686 1603 ,
713 1562 887 1597 tenebatur
896 1562 931 1596 in
944 1563 1087 1597 vinculis
1099 1587 1109 1603 ,

213 1609 380 1646 Arcadius
410 1610 488 1645 vero
508 1612 613 1649 ltaliae
638 1612 821 1656 Episcopus
840 1636 851 1653 ,
877 1624 915 1646 ac
935 1611 1108 1656 Philippus

213 1658 444 1698 Romanorum
457 1661 630 1705 Presbyter
641 1673 733 1697 erant
755 1660 988 1697 Chalcedone.
1016 1663 1109 1710 Qo-

211 1711 322 1747 modo
342 1712 445 1758 igitur
458 1712 525 1747 sine
537 1712 727 1748 praesidibus
745 1722 923 1756 potuerunt
934 1714 1059 1748 tractari
1072 1725 1109 1747 ac

215 1761 348 1797 definiri
374 1761 556 1808 Synodalia
580 1764 597 1796 ‚2
624 1763 670 1798 Et
695 1763 832 1808 quidem
859 1763 1110 1809 degradationes

214 1810 508 1857 Metropolitarum
520 1839 527 1845 .
550 1812 748 1857 Respondeo
760 1813 840 1849 hinc
854 1814 930 1849 duci
942 1824 1112 1858 argumen-

215 1872 287 1896 tum
300 1886 312 1902 ,
338 1862 429 1907 quod
440 1862 620 1906 Imperator
631 1861 842 1898 Theodosius
853 1888 864 1905 ‚
890 1863 970 1897 dum
992 1863 1115 1897 Nesto·

216 1911 257 1945 rii
277 1911 528 1947 damnationem
554 1912 706 1953 admisit,
732 1914 834 1947 etiam
857 1912 1027 1957 Cyrilliac
1039 1913 1113 1948 Me·

216 1961 352 1996 mnonis
363 1962 602 2006 reparationem
625 1961 842 2003 stabiliverit,
867 1972 964 2005 atque
977 1962 1022 1997 ita
1035 1962 1090 1996 ille
1099 1986 1110 2003 ,

217 2019 254 2045 ut
273 2011 457 2045 canonicus
480 2009 616 2053 PraeseS,
643 2010 756 2047 denuc>
775 2011 909 2056 coeperit
930 2012 1113 2057 synodales

215 2059 378 2096 Actiones
399 2060 561 2096 celebrare
577 2085 584 2092 .
612 2061 657 2095 Et
680 2063 826 2096 firmatur
840 2061 906 2095 hoc
916 2072 959 2094 ex
973 2061 1024 2095 his
1037 2062 1112 2104 Epi·

215 2111 305 2146 stolae
316 2110 424 2146 verbis
435 2136 442 2144 .
470 2114 519 2145 Εὸ
530 2112 610 2154 quod
634 2111 748 2145 nullam
759 2113 997 2155 indignationem
1008 2120 1113 2153 exper-

215 2165 242 2195 ti
253 2160 317 2202 fint
337 2186 345 2194 .
373 2162 571 2197 Caffinenfis
592 2162 766 2196 translatio
786 2162 832 2196 est
855 2161 998 2196 lucidior
1021 2162 1038 2195 ἓ
1064 2163 1112 2197 Ec>

215 2213 298 2254 quod
316 2212 429 2245 nullam
448 2210 594 2256 senserint
617 2213 776 2247 ultionem.
806 2211 906 2247 Certe
928 2211 1051 2255 Cyrilli
1075 2223 1113 2245 ac

216 2261 413 2296 Memnonis
434 2261 628 2306 degradatio
640 2261 675 2295 &
688 2261 864 2296 carceratio
875 2263 1005 2296 fuerant
1025 2261 1111 2295 haud

217 2310 350 2347 modica
361 2310 447 2345 ultio
460 2336 467 2345 .
495 2310 641 2346 Proinde
654 2311 735 2346 dum
749 2309 816 2346 haec
826 2311 1023 2349 scribebatur
1035 2311 1113 2355 Epi-

217 2360 301 2395 stola
326 2385 338 2402 ,
365 2361 430 2395 illae
457 2360 610 2396 videntur
630 2362 723 2396 fuiffe
742 2361 972 2397 circumduslae
990 2387 1001 2404 ,
1030 2373 1112 2396 tam-

216 2422 318 2453 quam
344 2411 366 2443 fi
391 2422 573 2452 numquam
589 2412 722 2446 fuissent
745 2436 756 2451 ,
784 2412 963 2446 exsufflatae
985 2437 991 2443 .
1019 2409 1113 2457 Qid

218 2459 299 2500 quid
321 2459 359 2491 sit
383 2480 393 2496 ‚
419 2459 586 2501 Projeems
610 2460 793 2502 Episcopus
821 2461 940 2493 mansit
970 2458 1113 2502 Ephesi,

219 2508 255 2542 &
272 2507 330 2541 alii
343 2507 459 2551 Legati
472 2507 504 2540 in
518 2508 624 2551 ipsum
636 2508 755 2550 poffint
776 2508 1053 2553 compromisisse,
1079 2509 1114 2543 &

219 2556 436 2591 accumulasse
449 2557 518 2591 suas
528 2557 613 2590 vices
624 2556 855 2601 Apostolieas.
883 2559 926 2592 Et
946 2570 988 2592 ex
1001 2557 1052 2592 his
1063 2569 1114 2602 pa-

218 2616 268 2642 tet
289 2605 468 2649 Synodalia
489 2608 571 2641 Asta
594 2608 656 2640 esse
680 2606 777 2641 nobis
797 2607 913 2640 mutila
927 2633 934 2640 .
968 2608 1114 2651 Maiores

217 2657 354 2692 forsitan
376 2656 478 2690 nostri
501 2655 568 2697 haec
581 2655 758 2700 posteriora
781 2656 827 2691 ob
838 2657 1023 2691 Primatum
1036 2657 1114 2701 Epi-

216 2707 392 2751 scoporum
413 2706 593 2741 absentiam
615 2708 811 2742 censuerunt
832 2718 902 2742 non
934 2708 999 2742 esse
1027 2708 1112 2751 paris

214 2768 295 2792 cum
309 2757 382 2791 aliis
393 2757 601 2792 authoritatis
611 2783 619 2790 .

269 2806 422 2841 Secundo
432 2806 589 2841 docemur
601 2806 803 2842 horrendum
816 2807 983 2842 Faaionis
993 2807 1110 2844 odium

219 2857 256 2890 in
279 2857 443 2900 S-Cyrilli
466 2858 637 2901 Capitula.
668 2858 841 2892 Horrenda
863 2860 936 2892 sunt
957 2858 1027 2892 odii
1046 2870 1111 2893 ver·

217 2907 260 2941 ba
273 2921 284 2941 .·
313 2909 421 2941 Parati
430 2913 522 2942 etiam
529 2906 631 2950 sumus
646 2914 733 2950 prius
744 2914 816 2943 mort
827 2933 839 2950 ‚
866 2920 954 2951 quam
960 2907 1110 2953 sufttpere

219 2968 309 2991 unum
327 2969 366 2991 ex
389 2960 545 2992 Haereticis
566 2957 665 2997 cmm
698 2961 895 2994 Alexandrini
928 2961 1084 3002 Capitulis
1100 2984 1107 2990 .

220 3006 412 3042 Caffinenfis
442 3009 611 3043 translatio
641 3012 801 3045 consonat
827 3025 838 3045 .·
867 3013 978 3044 Parati
1002 3009 1107 3055 sumus

215 3057 307 3098 prius
320 3065 453 3091 animam
464 3060 589 3093 reddere
600 3084 610 3100 ‚
636 3070 725 3102 quam
743 3060 894 3103 quodlibet
906 3060 1107 3095 baereticorum

219 3109 427 3148 Capitulorum
452 3110 553 3148 Cyrillt‘
579 3111 776 3144 Alexandrini
800 3109 944 3155 ficscipere
969 3138 976 3144 .
1006 3110 1107 3146 Recte

220 3159 362 3191 afferunt
386 3155 449 3191 hoc
468 3160 583 3193 odium
603 3161 664 3194 esse
686 3163 775 3195 suam
787 3162 1020 3196 concordiam.
1049 3162 1106 3195 Et-

218 3207 311 3241 enim
331 3207 410 3250 quid
438 3208 505 3251 ipse
525 3211 626 3245 etiam
656 3212 796 3254 Joannes
819 3211 1009 3246 Patriarcha
1031 3234 1042 3252 ‚
1067 3223 1104 3246 ac

220 3257 289 3299 eius
301 3259 334 3291 in
346 3257 409 3292 hac
423 3258 606 3303 Legatione
618 3261 694 3295 socii
707 3262 749 3296 de
760 3262 926 3306 Capitulis
937 3262 1105 3303 senserint,

219 3306 319 3342 docet
340 3309 500 3351 postrema
526 3310 669 3352 ipsorum
688 3311 727 3345 ad
750 3313 838 3347 suam
852 3311 969 3357 Ephefi
984 3313 1104 3348 Fatuo-

220 3369 297 3392 nem
324 3358 471 3403 Epistola
490 3373 496 3392 :
523 3363 640 3404 ,Quinta
661 3362 779 3405 accessus
804 3363 886 3396 nobis
901 3368 1043 3408 contigit,
1071 3365 1105 3397 (ε’

217 3410 345 3444 multum
368 3411 406 3445 de
429 3415 584 3445 Haereticts
608 3414 758 3454 Capitulis
778 3411 1011 3456 difieptavtmus
1024 3437 1035 3455 ‚
1055 3416 1104 3455 ju-

1166 304 1472 351 ravimusquesaepisis
1485 305 1663 345 Pienriffimo
1678 307 1753 348 Regi
1762 327 1772 343 2
1798 308 2050 351 quodae‘mpoffibile

1160 356 1197 397 fit
1214 357 1299 391 nobis
1318 363 1531 391 communicare
1541 354 1590 388 bis
1603 379 1615 395 ,
1640 360 1695 397 qut
1718 355 1843 399 diversa
1850 357 2005 399 sentiunt,
2024 359 2055 401 si

1165 410 1295 441 nondum
1325 405 1504 451 exploserint
1524 407 1670 449 capitula
1694 430 1701 436 .
1729 407 1774 437 Et
1794 409 1875 448 quod
1896 411 2024 447 cyrillus
2038 434 2049 450 ,

1167 458 1286 502 etiamsi
1294 460 1424 499 rejecerit
1446 458 1613 500 Capitula,
1640 458 1661 490 ci
1674 455 1758 488 nobis
1775 454 1981 498 suscipiendus
1993 470 2051 492 non

1156 507 1216 549 fit,
1241 511 1274 543 eo
1297 510 1378 552 quod
1395 505 1458 552 ipse
1484 518 1550 544 tam
1568 511 1671 549 impiae
1682 505 1824 550 baereseos
1841 506 2051 548 Haerefiarches

1147 552 1323 600 lfas‘lusfit.
1354 558 1525 603 Antiquus
1539 581 1550 600 2
1576 559 1605 592 S.
1619 556 1803 591 Athanasio
1822 555 1961 591 authore
1973 569 2055 592 con—

1163 607 1252 641 ditus
1275 634 1286 649 ‚
1315 609 1466 644 Ecclesia:
1487 609 1608 643 Canon
1628 630 1639 647 ‚
1666 617 1723 641 aut
1752 607 1863 651 potius
1885 618 1971 640 nova
1997 619 2052 650 per

1163 655 1252 691 hunc
1274 658 1449 694 Canonem
1471 658 1602 694 industa
1623 657 1801 692 clementia
1822 657 1927 701 lapsos
1944 657 1977 690 in
1992 657 2054 691 hae-

1164 707 1254 742 resim
1278 731 1288 747 ‚
1314 708 1348 744 &
1384 709 1424 742 de
1451 710 1514 743 isto
1535 709 1624 754 lapsu
1653 709 1850 752 poenitentes
1872 707 2053 751 Episcopos

1164 758 1286 801 recepit
1307 769 1346 791 ac
1369 760 1511 800 reposuit
1534 760 1569 793 in
1591 756 1750 805 gradum,
1775 758 1919 801 exceptis
1941 768 2054 792 tamen

1166 805 1416 844 Haeresiarchis:
1442 807 1482 840 ln
1506 805 1566 841 hos
1592 820 1778 852 permanere
1798 808 1907 843 voluit
1928 809 2055 842 avitum

1166 858 1310 902 rigorem
1324 881 1335 898 ‚
1362 857 1420 901 qui
1442 857 1575 901 quosvis
1596 859 1630 891 in
1653 858 1795 893 haeresim
1813 858 1967 895 cadentes
1979 858 2058 902 Epi-

1165 909 1282 952 scopos
1292 918 1349 942 aut
1361 907 1510 942 Clericos
1521 930 1533 947 ‚
1561 905 1638 940 licet
1648 919 1689 940 ex
1700 911 1828 951 pedore
1840 909 2036 954 poenitentes
2048 932 2059 948 ‚

1167 969 1237 991 non
1263 956 1496 1001 impartiebat,
1522 957 1580 991 nisi
1602 956 1671 990 sola
1696 960 1934 994 communione
1954 959 2057 994 laica.

1166 1008 1223 1045 Ab
1236 1007 1301 1043 hoc
1316 1007 1480 1047 Canone,
1505 1007 1582 1041 licet
1601 1016 1680 1041 tunc
1701 1006 1870 1050 mitigatus
1880 1009 1979 1049 esset,
2007 1010 2057 1052 Jo-

1168 1069 1269 1094 annes
1282 1059 1401 1103 juravit
1413 1058 1497 1092 circa
1509 1056 1677 1100 Cyrillum
1690 1067 1758 1090 nou
1777 1056 1943 1091 recedere.
1972 1059 2059 1101 Jura-

1170 1111 1216 1144 vit
1243 1110 1374 1153 saepius.
1403 1109 1447 1144 Et
1467 1108 1602 1153 quidam
1627 1118 1742 1141 coram
1766 1105 1945 1149 Principe,
1973 1120 2060 1143 toto-

1170 1171 1233 1202 que
1244 1160 1450 1194 Consistorio
1462 1185 1469 1192 .
1499 1160 1543 1193 Et
1556 1157 1621 1193 hoc
1635 1169 1676 1192 ex
1690 1154 1803 1191 hostili
1815 1156 1898 1191 odio
1909 1167 1983 1200 erga
1996 1159 2062 1200 Cy·

1171 1211 1283 1244 rillum
1310 1222 1349 1245 ac
1375 1210 1444 1254 ejus
1474 1209 1630 1255 Capitula
1654 1233 1661 1240 .
1689 1207 1883 1242 Graviffitne
1908 1208 2060 1241 excellit.

1172 1260 1253 1293 Non
1276 1260 1451 1295 dumtaxat
1471 1260 1547 1304 quia
1578 1258 1812 1294 Herodianum
1836 1282 1847 1298 ‚
1875 1257 1930 1292 sed
1961 1259 2062 1292 etiam

1172 1311 1251 1353 quia
1270 1311 1511 1354 qualecumque
1534 1310 1678 1354 praestitit
1699 1308 1938 1352 juramentum.
1965 1306 2063 1342 Anti·

1172 1372 1255 1404 quus
1265 1361 1357 1398 enim
1370 1361 1494 1395 Canon
1506 1360 1540 1396 id
1553 1360 1679 1394 cunetis
1688 1359 1862 1395 interdixit
1874 1358 2045 1402 Episcopis
2054 1383 2061 1390 .

1172 1410 1350 1447 Praesertim
1372 1409 1591 1446 Antiocheno
1604 1435 1612 1444 .
1639 1410 1726 1458 Qis
1747 1409 1838 1444 enim
1860 1408 1981 1443 nesciat
1992 1409 2064 1443 An-

1173 1459 1368 1496 tiochenum
1392 1462 1423 1497 S.
1438 1462 1576 1505 Joannis
1587 1459 1821 1507 chrysostomi
1833 1459 2036 1495 Miraculum
2048 1460 2061 1492 2

1172 1511 1251 1545 Hoc
1271 1512 1375 1546 etiam
1402 1512 1525 1557 aurigis
1549 1511 1583 1547 δε
1607 1511 1716 1545 nautis
1727 1521 1828 1544 omne
1843 1510 2066 1555 juramentum

1172 1561 1255 1599 adeo
1266 1561 1439 1597 abstulerat
1453 1586 1465 1603 ,
1491 1571 1529 1596 ut
1549 1561 1660 1596 omnis
1681 1560 1716 1594 in
1731 1560 1765 1594 id
1777 1571 1833 1603 per
1845 1560 1964 1603 linguae
1974 1559 2065 1592 incu-

1171 1612 1254 1646 riam
1282 1622 1338 1647 aut
1364 1612 1581 1657 praecipitium
1607 1611 1713 1654 lapsus
1742 1610 1950 1651 semetipsum
1984 1620 2067 1642 mox

1173 1661 1355 1697 vindicaret
1370 1686 1381 1702 ,
1407 1663 1441 1696 &
1465 1661 1530 1696 isto
1551 1660 1607 1695 die
1627 1668 1759 1704 cogeret
1768 1657 2068 1693 dormireincoena-

1172 1721 1266 1746 tum.
1295 1712 1339 1745 Et
1355 1711 1541 1756 Joannesin
1554 1711 1647 1744 suurn
1660 1717 1757 1753 caput
1767 1708 1902 1753 juravit.
1932 1708 2068 1743 Etenim

1172 1760 1349 1806 postmodo
1370 1762 1389 1797 a
1413 1761 1559 1806 pluribus
1580 1761 1647 1795 suis
1674 1759 1866 1805 Episcopis,
1894 1759 1964 1803 ejus
1988 1769 2067 1793 curn

1173 1813 1204 1848 S.
1214 1812 1346 1856 Cyrillo
1359 1824 1474 1856 pacem
1486 1810 1707 1847 aversantibus
1722 1835 1733 1852 ,
1759 1812 1865 1856 passus
1877 1810 1923 1843 est
1936 1809 2067 1843 acerbas

1173 1861 1451 1896 contradictiones
1463 1863 1496 1895 &
1510 1861 1750 1904 persecutiones
1762 1874 1773 1896 ,·
1802 1859 1847 1893 Et
1866 1859 2010 1902 palmare
2021 1858 2068 1902 ip-

1175 1912 1284 1946 sorum
1302 1911 1559 1946 fundamentum
1579 1920 1647 1944 erat
1668 1909 1889 1953 juramentum
1902 1933 1910 1942 .
1937 1908 2068 1943 Clama-

1174 1961 1254 1995 bant
1275 1962 1371 1995 suum
1395 1959 1621 1995 Patriarcham
1638 1969 1750 2003 praeter
1769 1959 1849 1993 alias
1861 1959 1895 1992 in
1913 1958 1973 1992 ista
1988 1971 2067 2003 pace

1175 2010 1457 2053 praevaricationes
1481 2012 1545 2044 effe
1577 2008 1763 2051 frequentis·
1787 2007 1917 2051 perjurii
1954 2019 2069 2050 reum,

1173 2058 1315 2100 ideoque
1342 2059 1530 2103 semetipsos
1554 2059 1587 2093 &
1599 2060 1671 2093 suas
1683 2057 1839 2092 Ecclefias
1849 2058 1890 2092 ab
1902 2057 1971 2101 ejus
1981 2070 2071 2093 com·

1174 2110 1339 2144 munione
1351 2110 1563 2153 pertinaciter
1576 2109 1784 2154 segregarunt
1796 2133 1803 2140 .
1831 2108 1895 2143 Per
1917 2119 1988 2150 quae
1997 2109 2069 2153 quis

1174 2169 1287 2207 peccat
1297 2184 1309 2202 ,
1336 2171 1392 2204 per
1402 2160 1517 2194 eadem
1530 2160 1666 2204 punitur
1677 2184 1685 2192 .

1226 2210 1388 2244 Notanda
1407 2212 1483 2244 sunt
1507 2209 1577 2244 haec
1601 2209 1721 2244 verba:
1749 2211 1832 2253 ,ραι
1841 2217 1941 2244 autem
1950 2211 2070 2252 adper-

1172 2258 1314 2306 anarum
1336 2259 1601 2301 dehonestationem
1626 2265 1781 2300 attinent,
1802 2268 1953 2301 perpetuo>
1956 2258 2069 2301 silentio

1173 2310 1348 2355 abrogamus
1360 2336 1367 2343 .
1396 2313 1462 2354 ,Qui
1475 2315 1557 2344 enim
1566 2315 1714 2352 recipiunt
1725 2320 1790 2343 eum
1801 2315 1835 2343 in
1845 2309 1993 2343 baerett'cts
2005 2311 2066 2343 illis

1173 2365 1405 2395 commentatus
1429 2363 1441 2399 (
1463 2360 1606 2394 haeretica
1626 2364 1849 2395 commentaria
1874 2385 1886 2401 ‚
1911 2368 1946 2394 ut
1961 2359 2067 2403 seim,

1175 2413 1306 2443 Patrum
1323 2411 1397 2451 fidet
1420 2413 1638 2450 conjunxerunt
1652 2413 1676 2451 )
1697 2410 1754 2445 bac
1773 2416 1890 2446 ratione
1912 2412 2067 2445 declarant

1171 2457 1286 2500 seipsos
1318 2458 1468 2492 baereticos
1487 2480 1501 2497 ,
1527 2461 1562 2492 (τί
1594 2460 1634 2491 ab
1654 2459 1830 2493 Ortbodoxa
1848 2459 1912 2501 fide
1933 2460 2063 2492 alienos.

1174 2508 1328 2551 ,Quomodb
1341 2513 1435 2550 igitur
1450 2530 1461 2546 ,
1484 2518 1552 2547 oro,
1566 2507 1638 2552 fieri
1644 2508 1759 2550 potest,
1785 2515 1818 2542 ut
1828 2509 1884 2541 duo
1893 2507 1959 2540 haec
1968 2510 2069 2543 diver·

1168 2557 1208 2600 sa
1225 2581 1237 2597 ‚
1266 2555 1397 2599 depofitio
1420 2559 1455 2591 (rt
1474 2559 1618 2598 Capitula
1639 2560 1844 2591 conveniant?
1871 2558 1955 2592 Sunt
1976 2558 2068 2593 invo-

1174 2607 1243 2640 luta
1266 2619 1304 2641 ac
1330 2606 1574 2641 obscuriffima.
1606 2606 1803 2642 Caffinensis
1823 2609 1994 2655 trapslatio
2021 2609 2068 2644 est

1173 2656 1275 2702 longe
1296 2657 1457 2692 lucidior:
1484 2660 1537 2691 Ea
1556 2659 1627 2691 veto
1640 2681 1651 2698 ,
1676 2669 1745 2700 quae
1765 2666 1869 2693 contra
1888 2650 2066 2701 perfhnam,

1171 2718 1239 2750 quae
1264 2706 1441 2748 injustitiam
1467 2708 1596 2749 pertulit
1626 2731 1637 2749 ,
1662 2705 1860 2751 cognoscentes
1884 2731 1895 2747 ,
1921 2714 2011 2743 totius
2032 2710 2067 2743 ob

1164 2757 1293 2799 stuporis
1301 2756 1404 2802 sumus
1415 2764 1624 2793 taciturnitate
1641 2757 1783 2802 perculsi.
1813 2761 1878 2802 ‚Qui
1890 2764 1968 2793 enim
1980 2762 2066 2802 depo-

1169 2807 1292 2851 suerunt
1302 2818 1367 2842 eum
1377 2833 1388 2850 ‚
1414 2813 1446 2842 in
1457 2807 1526 2851 ipfis
1551 2808 1644 2848 Gestis
1656 2807 1806 2843 haereticis
1818 2809 1960 2843 haererica
1970 2814 2066 2852 Cap!-

1172 2860 1258 2899 tula,
1276 2856 1351 2899 ficut
1373 2858 1480 2900 nostis,
1510 2861 1639 2893 Patr-um
1660 2859 1735 2901 fidet
1757 2860 1990 2901 conjunxerunt.
2019 2862 2064 2892 Et

1167 2917 1225 2951 per·
1247 2907 1298 2942 hoc
1316 2907 1488 2952 semetipsos
1513 2909 1667 2942 haerettcos
1693 2910 1890 2948 denotantes,
1917 2911 1953 2943 Θ
1972 2911 1991 2941 ἃ
1999 2909 2063 2951 fide

1170 2959 1280 2992 alienos
1291 2958 1454 2994 orthodoxa
1467 2985 1474 2992 .
1502 2960 1654 3003 ‚Quomodo
1670 2964 1784 3003 igitur,
1809 2957 1907 3002 quaefh
1919 2984 1930 2999 ,
1952 2960 2063 3002 poffibt-

1170 3010 1197 3043 le
1208 3009 1246 3050 est
1259 3034 1270 3050 ,
1295 3019 1328 3044 ut
1339 3011 1383 3044 ad
1391 3022 1483 3045 unum
1498 3034 1509 3050 ,
1531 3012 1602 3043 dum
1619 3008 1693 3053 sunt
1702 3016 1872 3049 contraria,
1898 3009 1963 3044 baec
1973 3017 2062 3044 utra·-

1169 3071 1223 3102 que
1234 3063 1441 3096 conveniant?
1468 3062 1508 3095 Id
1517 3060 1576 3100 est,
1602 3068 1636 3093 ut
1646 3058 1779 3103 depositio
1799 3058 1996 3103 approbatur,
2025 3062 2060 3094 (2¹

1169 3112 1313 3153 Capitula
1334 3112 1556 3155 improbentur.
1583 3108 1704 3154 Agunt
1727 3122 1798 3144 non
1821 3109 1863 3144 de
1884 3109 1980 3144 variis
1992 3121 2061 3154 per-

1169 3162 1278 3201 sonis,
1303 3162 1359 3196 sed
1384 3160 1425 3196 de
1453 3161 1524 3196 solo
1537 3159 1718 3204 Nestotio,
1743 3161 1829 3196 &de
1841 3160 1937 3204 ipsius
1948 3159 2060 3206 degra-

1169 3211 1303 3246 datione
1324 3213 1404 3246 facta
1432 3224 1487 3257 per
1506 3209 1680 3256 Synodum
1704 3236 1710 3245 .
1742 3212 1786 3246 Et
1808 3210 1925 3246 dicunt
1947 3213 2056 3245 varia.

1170 3260 1303 3302 Primo,
1329 3262 1420 3306 quod
1443 3262 1502 3296 ista
1521 3261 1693 3297 damnatio
1718 3262 1755 3297 sit
1766 3261 1898 3307 penitus
1919 3260 2058 3304 injusta:

1168 3313 1272 3360 Qod
1295 3314 1396 3356 ipsam
1419 3312 1589 3348 audientes
1608 3311 1848 3357 obstupuerunt
1874 3311 1960 3347 adeo
1983 3336 1995 3352 ,
2022 3319 2057 3344 ut

1171 3374 1231 3397 nec
1251 3363 1343 3407 loqui
1366 3363 1547 3407 potuerint.
1576 3361 1731 3407 Vulgatae
1754 3361 1980 3399 translationis
1994 3370 2058 3394 ver-

1170 3412 1210 3447 ba
1231 3437 1243 3454 ‚
1274 3416 1424 3457 Perpetua
1441 3411 1554 3455 filentlo
1578 3412 1756 3458 abrogamus
1780 3439 1791 3456 ,
1816 3420 1927 3493 carensit
1951 3409 2054 3493 somni

1905 3470 1945 3493 en
1964 3469 1983 3492 u
1998 3483 2006 3492 .
