2320 3730
359 204 458 247 106¹

549 280 586 293 ·=.'·‘

473 384 968 436 Scuortow

393 529 463 563 AEc
487 527 683 564 contestatio
696 528 794 562 etiam
818 524 919 560 exstat
942 523 975 556 in
989 520 1081 555 Actis
1104 519 1160 564 Syr

284 614 287 617 ,
417 578 591 613 nodalibus
602 603 609 610 .
623 578 748 612 Verum
759 575 843 610 deest
858 572 970 607 titulus
979 570 1158 605 admodum

281 628 440 663 notabilis
452 653 462 669 ‚
483 639 542 662 nos
553 628 676 662 docens
686 629 747 661 tria
760 649 767 656 -
794 622 905 656 Prim0'
919 646 930 662 2
956 622 1044 665 qUOd
1058 620 1157 656 etiam

279 678 316 711 in
326 678 438 722 quinta
461 678 547 722 apud
560 677 744 720 Principem
759 672 940 707 Audientia
961 671 1081 706 fuerint
1096 671 1156 704 soli

279 728 400 772 septem
413 725 727 772 Fastionileegati·
757 722 888 766 Nempe
907 731 965 756 aut
990 721 1157 756 Himerius

278 777 389 812 aberat
414 802 424 817 ,
451 786 506 811 aut
533 776 709 809 Helladius
732 799 738 806 .
766 771 918 807 Secundo
945 783 1005 806 nos
1039 772 1156 810 docet,

277 825 369 869 quod
381 825 448 860 haec
461 824 655 859 contestatio
668 834 736 858 non
762 832 872 866 quarta
886 821 1080 865 Septembris
1102 821 1155 855 die

275 875 471 918 {itPrincipi
484 873 732 908 Chalcedonem
753 872 943 907 advenienti
963 872 1039 906 data
1062 896 1073 912 ,
1099 870 1153 905 sed

274 925 346 968 post
369 925 517 968 quintam
534 923 755 958 Audientiam
769 947 780 963 ‚
806 922 877 966 post
890 923 1033 967 Legatos
1045 923 1152 956 secum

271 974 449 1016 assumptos
469 974 504 1007 in
529 973 669 1016 Regiam
692 974 879 1007 civitatem.
910 972 986 1006 Post
1011 972 1154 1016 despera·

269 1031 339 1056 tam
354 1023 482 1057 causam
495 1046 502 1053 .
531 1022 574 1055 Et
588 1022 667 1057 hinc
690 1023 791 1068 longe
805 1021 919 1056 rectius
942 1022 960 1055 a
973 1022 1149 1056 Caffinenfi

270 1071 398 1107 Codice
419 1071 599 1116 appellatur
621 1074 798 1114 contestatio
820 1097 831 1114 ‚
857 1083 955 1116 quam
977 1073 994 1106 a
1017 1072 1150 1117 vulgato

269 1120 486 1157 Translatore
508 1124 632 1156 Petitio.
661 1123 717 1157 Est
728 1124 816 1157 enirn
839 1122 969 1156 libellus
993 1121 1150 1155 contesta-

267 1172 374 1206 torius
383 1181 499 1206 contra
510 1174 673 1216 praevisam
688 1172 850 1216 Principis
871 1170 1061 1205 sententiam
1075 1194 1086 1210 ,
1116 1171 1149 1204 &

266 1223 378 1265 potius
399 1222 440 1256 ad
463 1223 574 1256 Deum
598 1223 778 1265 interjeiius
798 1246 808 1262 ,
837 1232 934 1265 quarn
962 1221 1002 1254 ad
1026 1221 1148 1254 Princi-

266 1281 342 1314 pem
355 1297 362 1304 .
390 1272 444 1307 Sic
457 1273 551 1308 enim
562 1275 803 1307 consueverunt
820 1271 978 1316 desperati
990 1270 1146 1304 Errones.

269 1316 315 1355 Et
343 1321 431 1357 lucet
469 1334 511 1357 ex
535 1323 630 1366 ipfius
655 1324 824 1358 Contextu
849 1336 860 1356 .·
896 1323 1005 1355 Idcirco
1025 1329 1148 1363 propter

89 1375 193 1418 Epistgi
203 1387 251 1409 12.
266 1374 366 1406 Deum
377 1397 388 1413 ‚
416 1378 467 1416 qui
478 1374 565 1407 videt
586 1379 703 1416 omnia;
730 1375 765 1407 <5
771 1382 828 1415 per
843 1376 1002 1405 Dominum
1024 1372 1148 1409 nollrum

258 1421 373 1467 Jesum
388 1421 559 1464 Christum,
584 1430 636 1466 qur·
638 1425 831 1465 judicaturus
857 1423 895 1463 est
907 1433 1006 1455 omnes
1029 1420 1149 1461 injusti-

263 1472 309 1504 'tia
318 1484 334 1513 ,·
362 1474 396 1505 (9⁴
402 1480 457 1513 per
468 1475 610 1514 Spiritum
622 1474 764 1507 sanarum
778 1498 788 1514 ‚
811 1475 892 1514 cujus
897 1478 1001 1519 gratia
1015 1474 1148 1514 Regnum

260 1521 467 1564 gubernatur3
494 1522 528 1554 (et
547 1530 602 1563 per
623 1523 725 1556 eleetos
751 1525 892 1568 Angelos,
919 1527 968 1564 qut
992 1533 1046 1554 vos
1066 1521 1147 1561 custo-

262 1568 354 1604 diunt
370 1595 380 1610 ‚
408 1574 558 1605 Pietatem
568 1571 696 1612 vestram
709 1572 912 1615 obsecramus.
940 1572 1024 1619 Qae
1035 1572 1145 1604 omnia

265 1620 300 1653 in
313 1621 439 1663 praefata
453 1620 493 1654 ad
503 1620 679 1655 Domuum
692 1622 838 1665 Epistola
850 1623 1022 1656 confirmat
1035 1621 1145 1654 Theo·

262 1669 396 1704 doretus
420 1682 427 1702 z
468 1669 748 1713 constantinopolim
787 1678 901 1705 evocati
923 1695 933 1711 ,
969 1677 1146 1715 cognitiones

258 1718 410 1762 prasente
434 1717 494 1762 ipso
506 1723 686 1762 Imperatore
710 1727 820 1764 quinas
837 1720 992 1754 habuimus
1006 1745 1017 1762 ,
1043 1723 1147 1754 &tres

257 1769 322 1812 post
334 1768 399 1803 haec
422 1770 465 1802 ad
474 1771 831 1813 eundemprotestationes
854 1770 1000 1813 misimur.
1027 1769 1090 1804 Iste
1111 1772 1148 1804 ti-

260 1819 350 1852 tulus
362 1829 422 1853 nos
435 1819 532 1854 tertio
553 1820 651 1854 docet
666 1845 676 1861 ,
703 1822 792 1864 quod
812 1820 1007 1855 orthodoxi
1029 1821 1146 1863 Legati

259 1879 330 1903 non
353 1869 454 1903 solius
483 1868 610 1911 Synodi
638 1893 650 1911 ,
677 1871 730 1903 sed
753 1871 853 1904 etiam
875 1895 885 1910 ,
913 1881 950 1903 ac
977 1870 1146 1911 praesertim

260 1919 368 1955 Santsti
382 1918 502 1962 Cyrilli
521 1944 531 1959 ‚
557 1927 671 1962 utpote
684 1920 823 1953 Praesidis
838 1945 847 1959 ,
875 1920 960 1953 vices
971 1920 1143 1962 gesserint,

260 1970 295 2002 ὃς
308 1968 449 2001 utitales
462 1969 582 2001 fuerint
593 1968 971 2003 admiffiaTheodofio.
1001 1970 1052 2001 Ex
1081 1981 1147 2011 quo

262 2017 417 2051 discimus
440 2018 474 2050 ὃς
501 2016 614 2056 aliud,
643 2018 794 2052 videlicet
812 2018 900 2061 quod
924 2019 1059 2051 Sanctus
1084 2021 1147 2060 Cy-

262 2067 356 2101 tillus
380 2067 477 2099 fuerit
498 2066 663 2110 supremus
685 2067 814 2110 Synodi
843 2066 956 2100 Praeses
981 2091 987 2098 .
1014 2067 1147 2101 Etenim

265 2116 429 2152 Arcadius
438 2116 619 2160 Episcopus
630 2118 662 2151 &
676 2116 849 2160 Philippus
861 2115 1033 2160 Presbyter
1045 2140 1055 2155 ‚
1083 2117 1147 2150 Ro·

264 2178 318 2201 ma
331 2167 347 2199 a
360 2167 478 2200 Sancto
491 2166 659 2201 Celestino
670 2166 756 2211 Papa
770 2165 939 2206 transmissi
951 2190 961 2206 ,
975 2177 1077 2211 agunt
1093 2165 1147 2201 hic

264 2217 332 2261 ejus
345 2217 490 2261 Legatos
512 2228 550 2251 ac
571 2214 723 2251 Vicarios
736 2243 743 2249 .

316 2266 443 2300 Totius
468 2267 548 2300 item
572 2265 667 2310 hujus
688 2292 698 2307 ‚
726 2267 820 2311 cujus
851 2267 1001 2301 Graecum
1022 2275 1145 2301 textum

264 2328 336 2352 non
361 2315 534 2356 habemus,
557 2318 807 2352 contestationis
833 2318 1147 2361 praesenstranslatio

266 2368 431 2412 vulgatam
455 2367 487 2399 in
511 2366 622 2400 multis
644 2368 724 2402 locis
735 2368 887 2401 emendat
916 2378 972 2401 aut
988 2367 1147 2408 illustrat,

267 2417 409 2460 ideoque
422 2428 490 2450 non
512 2417 575 2451 fuit
598 2417 884 2459 praetermittenda.
912 2416 1042 2449 Primus
1057 2418 1148 2450 locus

266 2467 312 2501 est
327 2480 337 2499 .-
358 2471 396 2499 Ut
403 2464 543 2508 serviant
569 2471 656 2507 viro,
683 2473 734 2507 qut
748 2465 904 2509 praefitmit
925 2476 960 2498 ac
979 2464 1084 2508 sperat
1090 2465 1124 2509 se
1139 2491 1148 2505 ‚

265 2514 659 2557 &auxiliumfibiferentes
669 2522 767 2549 omnia
779 2516 856 2550 relic
876 2514 1002 2558 gesturos
1018 2541 1024 2548 .
1051 2516 1149 2550 Gaffi-

267 2566 374 2601 nenfis
402 2565 570 2598 translatio
595 2565 642 2599 est
666 2565 768 2609 longe
788 2566 978 2607 expreffior:
1004 2566 1061 2597 Soli
1079 2569 1149 2599 vero

267 2619 331 2658 ejus
357 2619 420 2648 viri
440 2618 597 2647 intentioni·
613 2612 788 2655 servirent,
812 2620 862 2655 qui
873 2625 910 2646 ex
918 2622 1080 2655 praeventu
1093 2628 1145 2647 om·

267 2672 321 2699 ma
343 2664 482 2706 speravit
505 2672 567 2694 tam
586 2661 662 2702 fibi,
684 2674 774 2710 quam
786 2670 878 2697 etiam
892 2663 958 2703 his,
987 2669 1036 2705 qui
1049 2664 1150 2698 adhoc

269 2719 295 2748 ei
304 2717 444 2755 cooperati
453 2709 523 2754 sunt
535 2734 544 2750 ‚
562 2717 698 2745 evenire.
727 2713 848 2757 Arguit
860 2713 1044 2757 Cyrillum,
1061 2715 1148 2757 quod

270 2764 420 2800 Nestorii
442 2762 687 2795 damnationem
714 2763 987 2806 praecipitaturus,
1015 2764 1150 2807 Ioannis

271 2811 478 2849 Antiocheni
500 2809 677 2845 adventurn
710 2814 921 2855 praevenerir,
947 2822 1044 2856 atque
1067 2812 1150 2847 hanc

271 2863 442 2898 audaciam
467 2863 694 2905 praesumpserit
716 2862 773 2896 sibi
802 2863 936 2906 impune
957 2874 994 2897 ac
1014 2863 1150 2898 feliciter

273 2924 460 2948 eventuram
483 2936 490 2945 .
519 2912 701 2955 Episcopos
732 2913 810 2946 item
834 2913 941 2957 arguit
961 2938 971 2954 ,
998 2914 1087 2956 quod
1110 2912 1149 2948 ad

272 2961 534 3007 haecadjuvanda
557 2963 702 2996 facinora
725 2962 849 2996 nullam
888 2961 1042 2998 haberent
1079 2974 1152 2997 cau-

273 3014 361 3055 sam,
389 3013 448 3047 nisi
462 3011 552 3046 istius
576 3013 633 3045 viri
648 3013 852 3055 potentiam,
879 3013 931 3045 cui
946 3013 1071 3056 propria
1086 3025 1150 3046 am-

275 3062 358 3097 bitio
380 3063 463 3106 ipsos
486 3062 663 3105 compellat
678 3063 833 3096 serviliter
865 3061 999 3096 obedire
1021 3087 1028 3094 .
1057 3062 1149 3096 Circa

276 3111 362 3146 hanc
375 3124 439 3147 rem
465 3112 505 3146 ad
526 3114 677 3146 Sanstum
691 3112 855 3156 Cyrillum
869 3112 989 3154 scripsit
1001 3112 1150 3146 adversus

277 3159 519 3196 Martinianum
541 3187 551 3202 ,
576 3161 732 3196 Pelufinae
758 3162 903 3196 Ecclesiae
923 3161 1149 3204 Presbyterum

279 3219 318 3242 ac
340 3210 580 3252 OEconomum,
607 3212 633 3247 S.
657 3211 813 3253 Isidorus,
840 3210 980 3253 ejusdem
1007 3211 1151 3246 Ecclefiae

279 3257 452 3300 Presbyter
474 3261 506 3292 &
532 3258 808 3295 Archimandrita:
842 3265 1067 3301 Mamaeanas,
1088 3274 1151 3295 cum

281 3306 491 3348 Ecclesiasticus
512 3321 607 3343 omne:
626 3309 791 3351 facultates
812 3313 845 3345 Θ·
866 3317 964 3352 copias
989 3310 1148 3354 insuumfi-

281 3369 352 3399 nun)
363 3358 552 3402 condtdtffet,
578 3368 669 3406 nuper
693 3363 812 3405 quidem
825 3373 931 3398 aurum
942 3362 1152 3397 Alexandriam

698 196 1037 242 Vaiuoitum
1072 191 1316 238 Panum
1352 189 1673 252 Eptsrora,

1221 269 1383 313 praemtfit,
1410 273 1621 316 Episcopatum
1641 283 1812 322 aucupans.
1839 274 1935 320 ,Quod
1952 285 2014 309 cum
2023 278 2100 310 san-⁴

1224 321 1313 354 elttas
1333 331 1385 354 tua
1412 324 1586 365 comperrffet
1598 333 1656 365 pro
1679 337 1711 359 eo
1735 334 1824 367 atque
1833 337 1897 359 eum
1920 325 1957 358 ab
1972 326 2097 368 Ecclesia

1220 370 1397 414 profi-ubere
1423 372 1550 405 debebat
1572 395 1584 412 ,
1606 380 1663 413 per
1692 375 1810 412 litteras
1838 370 2015 408 comminata
2035 376 2072 416 est
2085 401 2096 417 ‚

1222 431 1311 464 atque
1330 423 1494 468 affirmavit
1515 419 1548 464 se
1568 432 1653 462 eum,
1673 420 1703 464 fi
1707 421 1810 465 rursus
1824 425 1903 458 idom
1925 427 2098 470 aggredere—

1221 480 1270 504 tur
1283 495 1294 511 ,
1320 481 1353 505 ut
1376 478 1481 516 ingens
1504 472 1698 509 Divinffmae
1707 472 1838 516 religioni
1848 474 1970 507 dedecus
1982 481 2097 509 inuren-

1221 530 1281 554 tem
1293 546 1304 561 ,
1330 527 1362 554 in
1377 531 1438 553 tota
1450 524 1631 566 AEgyptiaca
1647 525 1773 566 Regione
1783 520 2012 565 proscripturum
2023 550 2034 566 ‚
2060 527 2096 560 6*

1219 572 1425 604 abdicaturum
1436 596 1447 612 ‚
1473 582 1565 614 atque
1585 582 1660 604 nunc
1681 573 1762 606 idem
1771 596 1782 614 ,
1807 573 1915 606 litteris
1925 577 1985 605 tuis
1994 574 2030 606 ὑ
2040 581 2096 607 ml-

1219 627 1268 653 ms
1280 628 1455 664 contemptis
1467 646 1478 662 ‚
1504 622 1723 657 Alexandriam
1730 627 1870 664 perrexit
1880 647 1890 663 ,
1910 621 1967 663 fibi
1977 625 2095 666 quidem

1219 670 1432 713 Epifiopatum
1447 680 1576 714 captans
1589 695 1600 712 ,
1625 680 1686 707 tuae
1704 682 1805 706 autem
1817 671 1917 714 famae
1927 682 2016 716 atque
2031 678 2098 708 exi-

1213 720 1396 761 stimationi,
1423 731 1457 756 ut
1478 728 1531 764 qui
1550 724 1658 756 sacras
1679 723 1889 756 Ordinationes
1903 729 2031 765 pecunia
2041 724 2095 757 ad-

1217 771 1324 811 dicat,
1351 771 1448 804 labem
1471 772 1603 814 inferens
1617 798 1624 804 .
1652 773 1704 806 Ex
1726 771 1776 807 his
1802 772 1954 808 discimus
1967 797 1978 815 ,
2002 772 2095 818 quod

1218 819 1459 865 AEgyptiorum
1471 822 1633 856 ambitiosi
1656 823 1718 857 isto
1729 832 1874 867 tempore
1887 823 2009 857 Clerici
2018 826 2094 858 suos
2109 821 2171 852 Lib.
2191 833 2217 852 ²·

1215 870 1343 905 loculos
1368 871 1713 906 nummisinfarcirent
1735 897 1746 913 ‚
1773 883 1869 916 atque
1880 873 1923 907 ita
1947 872 2093 907 Alexan·
2108 865 2226 902 ΕΡᾸΠ·

1214 920 1317 955 driam
1330 922 1607 965 proficiscerentur
1619 946 1631 963 ,
1654 923 1673 956 ὲ,
1684 921 1876 957 Patriarchae
1887 923 1990 967 gratia
2000 933 2098 957 aucu-

1216 973 1318 1014 paturi
1333 996 1342 1013 ,
1366 971 1471 1006 immo
1482 973 1697 1006 nundinaturi
1711 972 1942 1016 Episcopatum
1955 997 1962 1005 .
1989 972 2095 1021 Qod

1215 1032 1329 1065 nempe
1353 1021 1410 1056 ille
1433 1021 1530 1056 istum
1554 1022 1694 1066 Apicern
1708 1046 1719 1062 ‚
1745 1023 1844 1056 etiam
1858 1023 1936 1056 citra
1956 1022 2044 1057 Cleri
2057 1026 2097 1063 ac,

1214 1069 1332 1113 Populi
1354 1072 1548 1116 ele-{tionem
1574 1096 1585 1113 ‚
1611 1073 1666 1108 sua
1686 1070 1885 1106 authoritate
1906 1070 2012 1106 daret.
2040 1072 2095 1106 Ex

1211 1129 1279 1161 quo
1291 1120 1380 1154 vides
1394 1121 1635 1164 Episcopaliurn
1647 1121 1845 1156 electionum
1856 1121 2096 1165 suspensionem

1212 1179 1248 1202 ac
1259 1170 1513 1205 reservationem
1538 1181 1606 1204 non
1627 1169 1754 1203 duxisse
1765 1171 1928 1214 originem
1939 1170 1957 1203 a
1969 1171 2097 1216 Grego-

1213 1219 1261 1253 rio
1273 1230 1365 1253 nono
1379 1228 1435 1254 aut
1457 1220 1526 1254 alio
1539 1219 1630 1253 istius
1647 1220 1697 1253 vel
1710 1218 1810 1254 vicini
1823 1221 1924 1253 saeculi
1937 1220 2095 1255 Romano

1213 1268 1375 1304 Pontifice
1388 1294 1399 1310 ‚
1425 1269 1476 1304 sed
1491 1268 1577 1314 apud
1591 1267 1799 1304 Alexandria:
1821 1269 2024 1305 Patriarchas
2033 1271 2096 1304 effe

1214 1320 1326 1352 multis
1348 1320 1466 1354 saeculis
1478 1319 1697 1362 antiquiorem
1710 1344 1718 1351 .
1747 1320 1791 1353 Et
1802 1320 1876 1354 sane
1893 1321 2001 1355 nullus
2011 1321 2095 1355 olim

1211 1368 1528 1403 Patriarchatantam
1552 1370 1586 1402 in
1609 1368 1765 1411 subjectos
1776 1368 1833 1402 fibi
1847 1370 2027 1414 Epis-:opos
2039 1380 2096 1413 po·-

1212 1418 1357 1452 testatem
1380 1417 1515 1452 habuit.
1546 1417 1612 1450 Eos
1633 1418 1826 1461 omnesipse
1836 1428 1904 1452 non
1917 1419 2096 1453 solummo-

1210 1466 1255 1501 do
1270 1467 1385 1511 praevie
1407 1465 1621 1503 confirmabat
1634 1491 1645 1507 ‚
1672 1467 1724 1502 sed
1747 1467 1788 1501 ad
1808 1469 1878 1502 suas
1890 1479 2008 1503 manus
2017 1480 2096 1503 evo-

1210 1527 1301 1552 catos
1326 1516 1552 1552 consecrabat.
1583 1518 1714 1560 Insuper
1730 1518 1833 1552 multa
1860 1518 1923 1552 alia
1950 1519 1984 1552 in
2008 1519 2095 1563 ipsos

1212 1567 1354 1612 pollebat
1374 1566 1572 1602 authoritate
1599 1593 1605 1599 .
1634 1566 1739 1602 Lucet
1767 1579 1809 1602 ex
1835 1569 1928 1603 sexto
1950 1569 2095 1603 Nicaeno

1211 1619 1371 1658 Canone‚
1397 1619 1431 1651 ἀ
1446 1618 1537 1651 Astis
1563 1616 1838 1651 Chalcedonensis
1851 1618 2019 1653 Concilii.
2047 1619 2093 1653 Et

1211 1667 1287 1701 hinc
1308 1669 1408 1703 etiam
1440 1664 1671 1710 Theophilum
1686 1691 1695 1707 ,
1723 1668 1828 1702 Sancti
1844 1668 1966 1711 Cyrilli
1981 1669 2096 1703 Avun-

1210 1718 1319 1752 culum
1331 1719 1364 1752 &
1380 1718 1621 1753 Anteceflorem
1633 1742 1643 1758 ‚
1663 1716 1827 1752 Palladius
1845 1718 2095 1762 Helenopolita-

1212 1780 1270 1802 nus
1283 1769 1462 1812 Episcopus
1474 1768 1508 1801 in
1524 1767 1671 1812 Dialogo
1682 1779 1757 1802 cum
1772 1767 1957 1803 Theodoro
1970 1769 2095 1803 Roma-

1212 1831 1258 1851 nae
1283 1818 1427 1851 Ecclesiae
1452 1819 1608 1852 Diacono
1638 1817 1679 1851 de
1703 1818 1795 1852 Actis
1825 1819 1933 1852 Sancti
1956 1819 2093 1862 Joannis

1211 1866 1438 1909 Chrysostomi
1449 1868 1557 1910 arguit
1568 1867 1656 1909 quod
1666 1868 1793 1901 nullum
1804 1869 1861 1901 nisi
1871 1867 1929 1901 sibi
1941 1868 2095 1903 serviliter

1211 1917 1392 1950 obnoxium
1405 1939 1415 1955 ,
1440 1925 1559 1950 crearet
1572 1916 1771 1960 Episcopum
1786 1941 1797 1957 ‚
1822 1916 1965 1962 ‘ideoque
1982 1918 2094 1961 passim

1212 1969 1337 2009 ineptos
1360 1966 1509 2000 eveheret
1534 1990 1544 2006 ,
1571 1966 1676 1999 immo
1713 1968 1747 2001 δε
1780 1967 1976 2002 criminosos
1993 1993 2000 2000 .
2028 1968 2095 2001 His

1210 2017 1297 2049 enirn
1318 2014 1481 2058 desporie&
1503 2014 1695 2058 imperabat.
1724 2016 1804 2050 Hoc
1827 2017 1933 2060 ipsum
1959 2017 2093 2052 factiosa

1211 2065 1349 2108 Legatio
1369 2064 1423 2098 hic
1449 2066 1647 2108 improperat
1669 2065 1863 2109 S-Cyrfflo,
1890 2068 1922 2101 ὅ(
1935 2078 2002 2100 non
2019 2067 2094 2101 solis

1213 2114 1278 2156 ejus
1292 2113 1466 2158 AEgyptiis
1477 2138 1487 2155 ‚
1513 2114 1566 2148 sed
1578 2114 1611 2147 &
1623 2116 1748 2148 cunctis
1759 2126 1833 2149 cum
1849 2118 1917 2159 ipso
1936 2117 1971 2150 in
1985 2116 2095 2161 Ephe-

1211 2165 1276 2198 fina
1289 2165 1425 2206 Synodo
1438 2162 1589 2198 adunatis
1600 2164 1786 2208 Episcopis:
1816 2166 1872 2199 Eis
1884 2167 2097 2210 improperat,

1209 2215 1297 2256 quod
1311 2213 1377 2256 ejus
1389 2214 1570 2262 potentiam
1585 2214 1773 2253 timuerint,
1797 2216 1886 2258 quod
1910 2216 2032 2259 abipso
2045 2228 2095 2249 va-

1211 2266 1254 2298 ria
1266 2264 1480 2307 speraverint,
1505 2263 1595 2307 quod
1610 2262 1664 2297 hic
1677 2262 1840 2299 humanus
1862 2265 1931 2299 dies
1946 2266 2032 2308 ipsos
2053 2267 2096 2300 se·

1211 2315 1337 2348 duxerit
1350 2314 1390 2348 ad
1407 2314 1454 2348 illi
1470 2315 1504 2347 in
1519 2314 1633 2357 iniqua
1645 2313 1790 2349 Nestorii
1802 2315 2017 2350 damnatione
2037 2317 2095 2350 ser·

1212 2365 1315 2398 viliter
1329 2364 1621 2408 obtemperandum
1634 2389 1643 2396 .

1260 2415 1428 2448 Secundus
1450 2414 1542 2447 locus
1564 2415 1612 2447 est
1627 2413 1680 2446 hic
1695 2427 1706 2446 .·
1732 2417 1868 2458 ,Quifiila
1880 2420 2094 2460 nugacitatem

1211 2465 1229 2495 5
1232 2463 1340 2495 antias
1354 2466 1408 2495 Dei
1421 2461 1564 2503 Ecclefias
1586 2461 1725 2496 baerett'ca
1745 2465 1912 2498 introduxit
1926 2469 2075 2510 Dogmata
2085 2488 2097 2505 ,

1210 2523 1297 2554 eaque
1307 2513 1426 2556 confidit
1440 2511 1474 2555 se
1486 2519 1671 2555 argumentis
1680 2514 1933 2555 comprobaturum
1945 2539 1956 2556 ,
1982 2517 2016 2550 <⁰5
2036 2527 2095 2549 cor·

1211 2563 1363 2596 rec‘lionem
1380 2571 1565 2603 peccatorum
1586 2561 1776 2603 efficgeresblo
1788 2567 1954 2596 Memnonis
1973 2566 2094 2605 &pree-

1211 2612 1297 2643 diHae
1317 2609 1538 2653 conspirationis
1549 2608 1756 2651 Episcoporum
1766 2612 2068 2655 mlnisteriosperavt't
2082 2639 2090 2646 .

1211 2660 1402 2694 Caffinensis
1422 2659 1590 2693 translatio
1612 2660 1659 2692 est
1685 2659 1785 2705 longe
1809 2662 1948 2695 melior.-
1974 2662 2093 2707 ,Quisv-

1210 2712 1270 2743 lius
1282 2707 1482 2749 controverfiae
1501 2706 1588 2752 causa
1612 2707 1750 2743 haerett'ca
1758 2711 1875 2744 5anc¹lis
1890 2715 1946 2745 Dei
1956 2711 2089 2753 Ecclefiis

1207 2758 1443 2802 superinducens
1456 2761 1624 2801 Dogmata,
1647 2760 1680 2792 eb·
1692 2759 1754 2793 haec
1786 2763 1987 2795 convincenda
2007 2771 2090 2805 prae-

1206 2808 1339 2853 sentiens
1352 2834 1363 2851 ,
1388 2817 1445 2851 per
1459 2806 1554 2850 solum
1575 2812 1738 2842 Memnonis
1761 2811 1953 2852 ministerium
1970 2814 2004 2847 o·
2016 2816 2090 2854 Epi-

1207 2859 1358 2903 scoporum
1383 2863 1598 2892 conniventiam
1617 2859 1828 2900 pradieJorum
1861 2862 2000 2906 defugere
2026 2861 2090 2905 spe-

1211 2916 1297 2944 ravit
1310 2919 1404 2943 eorum
1417 2933 1428 2948 ‚
1455 2919 1522 2950 quae
1539 2911 1686 2950 peccando
1705 2909 1883 2952 commiserat
1894 2935 1905 2951 ,
1930 2913 2088 2945 ultlonem.

1213 2960 1320 3003 Hujus
1342 2958 1592 2993 contestationis
1613 2957 1746 2994 Author
1766 2962 1820 2994 seu
1844 2960 2088 2997 Distatorhaud

1212 3009 1309 3044 dubie
1341 3009 1404 3042 fuit
1425 3007 1660 3043 Theodoretus
1684 3023 1691 3042 :
1719 3010 1768 3044 Os
1796 3010 1830 3043 δε
1852 3010 1963 3055 lingua
1986 3012 2089 3046 totius

1210 3060 1389 3095 Orientalis
1401 3058 1591 3092 Dioeceseos
1607 3085 1612 3091 .
1640 3059 1681 3092 Et
1695 3061 1759 3102 ipse
1781 3060 1814 3092 in
1832 3059 1977 3103 Epistola
1989 3086 2000 3102 ‚
2024 3072 2089 3105 qua

1216 3110 1326 3144 suasio
1340 3109 1443 3142 Sancti
1457 3107 1738 3152 CyrilliCapitula
1763 3109 1943 3144 invectivas
1963 3111 2090 3145 dedica-

1214 3162 1259 3194 vit
1273 3160 1328 3193 suo
1339 3158 1530 3191 Patriarchae
1541 3158 1657 3201 Joanni
1677 3184 1689 3200 ,
1715 3159 1824 3194 scribit
1837 3173 1849 3193 .-
1874 3161 1998 3199 eyrtllus
2014 3162 2090 3195 suos

1212 3204 1498 3244 anathematismos
1518 3210 1640 3249 proJ'ecit
1678 3215 1710 3242 in
1742 3211 1872 3243 modium
1894 3233 1906 3249 ,
1927 3209 2090 3253 secundum

1212 3261 1306 3300 illud,
1331 3259 1410 3300 quod
1429 3257 1464 3297 est
1488 3263 1519 3290 in
1535 3257 1647 3298 fabula
1666 3284 1676 3300 ,
1698 3267 1818 3301 pomum
1844 3258 1997 3302 discordiae
2020 3284 2030 3300 ,
2055 3265 2087 3294 m

1210 3312 1307 3343 altum
1319 3309 1469 3346 flammam
1489 3309 1647 3341 exaltans.
1679 3308 1820 3343 Proinde
1841 3310 1874 3342 &
1897 3310 1928 3342 in
1944 3308 2087 3353 praesenti

1212 3359 1451 3395 contestatione
1472 3357 1635 3401 Cyrillum
1648 3370 1715 3394 non
1734 3359 1775 3396 de
1787 3359 1972 3404 nugacitate
1983 3358 2090 3393 tradu-

1978 3418 2038 3448 xit,
