2320 3730
595 174 911 227 Scuomw,
948 183 1011 213 nr
1048 166 1238 212 Nous
1276 179 1664 210 ILLUSTRATAE.

193 261 356 299 rhaetica,
383 259 404 289 ἆ
430 257 534 294 Cyrillo
554 256 758 289 Alexandrino
780 252 906 297 expofita
920 276 931 292 ,
956 251 1082 285 anathe—

193 314 346 349 matizetis
362 331 371 339 .
398 306 498 340 Hanc
510 306 712 348 synodalem
724 305 954 348 Capitulorum
964 303 1081 339 confir-

193 361 377 401 mationem
400 356 499 390 fastio
517 356 596 396 &in
612 357 729 391 litteris
749 356 781 389 ὃς
794 357 828 390 iu
849 354 1017 393 Actisnou
1027 352 1081 386 de-

200 410 252 443 fiit
264 407 432 441 vociferari
446 431 453 439 .

248 458 292 491 Et
305 458 384 491 hinc
407 457 540 500 quaestio
553 456 598 490 est
610 481 620 496 ‚
648 456 704 498 An
719 453 873 499 synodus
885 464 992 488 revera
1012 463 1082 495 pro·

195 508 325 549 ,baverit
346 507 526 551 Capitula?
553 507 719 541 Videntur
729 505 824 546 fuisse
834 502 969 547 probata
987 526 995 534 .
1023 502 1080 541 Et·

197 559 287 593 enirn
306 559 377 602 post
395 552 514 591 'lectam
537 557 570 591 &
583 557 751 601 probatam
775 553 949 594 secundam
974 551 1081 586 Sansti

198 609 321 651 Cyrilli
344 608 385 643 ad
396 607 587 648 Nestorium
611 604 813 650 Epistolarn,
841 603 912 647 post
937 604 1017 637 item
1041 602 1083 634 le-

197 660 263 692 stas
285 660 319 693 &
333 657 483 702 probatas
504 658 643 697 litteras,
663 654 785 699 quibus
797 653 982 688 Celestinus
994 651 1083 685 Pon-

198 709 280 742 tifex
299 708 448 747 Nestorii
461 708 643 749 doctrinam
653 716 691 739 ac
703 706 874 749 personam
885 702 1053 738 damnavit
1069 726 1079 742 ,

199 758 317 798 Petrus
335 758 568 796 Alexandriam
592 755 740 790 Ecclefiae
759 754 932 797 Presbyter
944 779 954 795 ‚
981 752 1083 795 &Sy-

199 809 374 844 modalium
397 807 611 843 Notariorum
630 805 842 847 Primicerius
866 803 954 840 dixit
975 801 1015 837 ad
1027 803 1083 845 Sy-

198 858 327 894 nodum
339 874 350 893 .-
377 863 435 891 His
454 868 523 899 quae
534 857 617 889 modo
635 854 795 896 audivistis
807 879 818 896 ‚
845 855 1001 895 sanHitas
1012 864 1080 895 quo·

197 921 259 952 ,que
273 907 416 951 Episcopi
436 906 525 947 *nostri
538 907 644 946 Cyrilli
665 905 788 950 consona
787 903 908 951 scripsit
921 930 932 945 ‚
955 915 1028 947 quae
1049 903 1083 936 o·

196 968 266 1002 prae
288 956 429 990 manibus
451 956 614 998 habemus,
640 955 708 998 &ſs
718 954 825 993 Pietas
835 955 1055 996 pestrajusjerit
1071 976 1081 992 ,

192 1005 389 1047 'recitabimus
412 1031 418 1038 .
447 1006 492 1040 Et:
514 1007 690 1040 Flavianus
709 1005 928 1050 Philippensis
951 1004 1083 1047 Episco-

200 1070 260 1100 pus
275 1083 286 1098 ,
312 1057 422 1100 primae
439 1055 651 1097 Macedoniae
670 1055 889 1100 Metropolita
902 1080 914 1096 ‚
940 1066 979 1089 ac
1003 1053 1083 1087 Rufi

195 1106 502 1145 ‘Thessalonicensis
523 1105 797 1150 Archi-Episcopi
820 1105 974 1144 Vicarius
994 1114 1085 1147 repo·

197 1158 283 1191 suit:
311 1161 466 1201 Leguntur
484 1156 549 1194 baec
570 1167 681 1198 quoque
694 1181 705 1197 ‚
732 1158 767 1190 (9·
784 1161 817 1189 in
842 1155 979 1197 AcJorum
999 1158 1087 1187 ,Com-

194 1213 363 1246 ,meritorios
385 1206 577 1248 referantur.
604 1207 648 1241 Et
672 1205 818 1249 praefatus
832 1205 992 1242 Notarius
1005 1201 1085 1247 legit

197 1267 307 1292 totam
319 1257 447 1296 tertiam
465 1281 476 1297 ‚
504 1267 576 1289 miae
587 1256 632 1289 est
642 1254 819 1289 duodecim
831 1254 1063 1297 Capitulorum
1073 1276 1083 1292 ‚

200 1306 442 1350 SanctiCyrilli
464 1305 667 1350 fifhidam.
695 1306 739 1339 Et
762 1305 825 1339 fuit
846 1303 1085 1347 comprobarat

201 1352 281 1391 Fui‘t
290 1357 380 1396 enirn
391 1357 491 1391 relata
502 1357 538 1390 in
552 1355 712 1390 Aitorum
723 1355 992 1390 Commentarios
1002 1378 1009 1385 .
1038 1351 1082 1392 Et

200 1406 269 1440 huc
290 1407 422 1449 respicit
441 1407 574 1447 Sanctus
585 1405 733 1447 Cyrillus
754 1406 789 1439 in
815 1403 1038 1449 Apologetico
1052 1402 1088 1436 li-

199 1456 264 1491 bro
283 1456 326 1490 ad
337 1456 570 1499 ,Imperatorem
581 1453 813 1496 Theodosium
825 1479 832 1486 .
864 1454 1000 1489 Etenim
1020 1452 1090 1486 illic

201 1506 245 1540 de
254 1506 393 1548 Joannis
403 1502 612 1543 Antiocheni
623 1506 659 1538 in
674 1506 729 1538 sua
739 1504 895 1547 Capitula
911 1502 1088 1548 impotenti

202 1556 310 1590 furore
326 1555 468 1599 graviter
476 1554 623 1597 queritur
641 1577 653 1594 ,
677 1563 778 1598 atque
790 1553 942 1598 adjungit
959 1566 966 1586 :
996 1554 1089 1587 Fidei

202 1616 333 1648 namque
340 1601 596 1643 {neaereHitudini
607 1603 802 1644 testimonium
811 1603 964 1645 perbibuit
986 1604 1021 1636 (5
1031 1607 1088 1635 Ro·

202 1667 296 1690 mana
307 1652 432 1695 Ecclesia
442 1679 454 1695 ,
481 1656 515 1693 3&
526 1654 639 1687 sanda
651 1665 763 1696 quoque
774 1654 903 1692 synodus
913 1665 952 1689 ,ex
965 1659 1088 1690 univer·

201 1705 324 1749 storbe
340 1699 535 1750 congregata.
566 1706 661 1748 ,Quod
680 1710 759 1738 enim
781 1706 866 1743 nulla
890 1712 1027 1746 exparte
1048 1702 1087 1736 ab

203 1757 394 1800 ,Evangelica
423 1757 458 1790 ὠ·
483 1754 643 1797 Apostolica
669 1756 831 1790 traditione
858 1754 1064 1788 aberraverim
1078 1777 1089 1794 ,

203 1809 295 1840 immo
305 1807 387 1849 quod
403 1805 515 1840 retiam
528 1830 538 1846 ,
561 1807 740 1848 mimmcque
765 1805 912 1849 obliquam
936 1807 1089 1838 Sacrorum

205 1858 377 1900 dogmatum
390 1854 533 1899 semitam
556 1865 694 1896 teneam,
721 1855 954 1897 &posteaquam
975 1854 1089 1896 Episto-

206 1908 255 1940 las
274 1929 285 1945 ,
312 1917 389 1946 quas
413 1908 458 1937 ad
484 1905 653 1944 Nestorium
673 1903 907 1946 perscripseram
928 1928 939 1943 ,
965 1903 1090 1947 Iegtffent

207 1959 354 1992 communi
369 1952 522 1996 sententia
543 1953 654 1995 confeffi
669 1953 743 1996 sunt
767 1965 890 1987 omnes.-
915 1957 961 1985 Et
970 1953 1091 1995 quidem

209 2007 326 2046 scripto
335 2008 369 2041 in
388 2002 457 2046 ipsa
465 2002 529 2044 fide
542 2009 787 2035 monimentorum
798 2026 809 2043 ‚
834 2013 989 2044 rerumque
994 2001 1091 2045 gesta-

204 2064 291 2087 rum.
321 2051 435 2087 Palam
459 2053 597 2098 affirmat
621 2052 710 2087 suam
723 2052 952 2096 Capitulorum
964 2051 1091 2095 Episto-

205 2104 275 2138 lam
298 2103 392 2143 fnisse
412 2102 447 2141 ,δε
468 2103 487 2137 ὲ
511 2103 663 2137 Romana
686 2100 851 2143 Ecclesia,
877 2102 911 2136 ὅ(
935 2100 976 2136 ab
996 2101 1090 2135 omni

205 2151 370 2198 Ephefina
390 2152 533 2197 Synodo
549 2153 797 2197 comprobatam
811 2178 818 2186 .
847 2153 890 2190 Et
903 2152 936 2186 in
950 2150 1013 2186 hoc
1023 2151 1093 2186 Co·

204 2202 280 2241 dice
301 2201 417 2243 exstat
433 2202 612 2247 Epiphanii
633 2228 643 2244 ‚
681 2202 915 2240 Alexandrinae
942 2202 1091 2240 Ecclefiae

206 2252 474 2292 Archi-Diaconi
489 2277 499 2293 ,
525 2253 687 2287 &saneto
700 2253 833 2297 Cyrillo
854 2252 1023 2295 syncelli,
1048 2251 1090 2291 ad

205 2303 454 2342 Maximianum
465 2302 881 2347 ,Constantinopolitanum
896 2302 1089 2337 Antistitem

205 2353 357 2397 Epistola
377 2378 389 2395 ‚
414 2353 602 2389 constanter
623 2352 689 2391 haec
714 2353 838 2388 habens
860 2368 871 2387 :
897 2356 977 2386 Dum
1001 2354 1091 2396 prius

207 2405 380 2437 Orientales
402 2406 436 2437 (a
457 2411 629 2444 expeterent
642 2427 654 2443 ,
678 2413 713 2437 ut
732 2405 879 2446 Capitula
893 2427 903 2443 ‚
926 2414 994 2445 quae
1017 2406 1095 2436 San-

210 2453 341 2491 c‘liffimus
364 2456 392 2483 F
396 2460 476 2484 rater
498 2453 592 2491 vester
612 2454 735 2490 cyrillus
757 2452 911 2494 exposuit,
937 2452 1002 2485 baec
1023 2450 1093 2493 ipsa

210 2499 475 2536 anathematizans
496 2502 575 2533 idem
611 2509 700 2533 extra
722 2501 878 2542 Ecclefiam
905 2499 1093 2535 catholicam

206 2551 322 2593 faceret
342 2574 354 2590 ‚
380 2555 412 2581 in
433 2549 483 2582 boc
513 2550 595 2582 idem
617 2552 760 2585 Dominus
788 2561 870 2583 meus
891 2549 1091 2589 SanHffmus

211 2603 303 2633 Pater
315 2601 441 2638 cyrillus
454 2598 621 2632 recertabat
634 2623 645 2638 ‚
667 2607 755 2641 atque
766 2599 883 2637 dicebat
894 2623 904 2639 ‚
929 2600 1009 2641 quod
1018 2602 1095 2632 San·

209 2651 261 2683 lia
282 2651 432 2693 &magna
443 2650 570 2688 synodus
582 2649 740 2692 agnoscens
753 2673 763 2688 ,
789 2660 910 2691 quorum
929 2654 1093 2682 veritatem

207 2698 364 2744 sancivit,
389 2711 425 2733 ea
436 2699 527 2736 rec‘lae
547 2697 675 2742 &sanae
693 2699 769 2741 fidei
793 2700 866 2742 esse,
890 2699 925 2734 (θ’
930 2702 961 2744 ]
965 2711 1092 2737 oannem

210 2762 278 2789 cum
303 2752 422 2792 reliquis
448 2748 641 2794 segregationi
669 2748 798 2794 subjecit
824 2774 832 2781 .
862 2751 910 2782 Et
935 2751 1093 2791 quomodo,

211 2805 311 2842 inquit
322 2824 333 2840 ,
358 2811 408 2843 ego
421 2811 488 2838 cum
506 2799 670 2841 eisfaciam
686 2808 792 2842 pacem
806 2824 817 2840 ,
844 2801 878 2833 (θ’
890 2808 1027 2833 evertam
1046 2802 1094 2838 sy-

211 2850 503 2893 nodaleJudicium?
530 2850 640 2883 Poffet
665 2850 749 2895 legi:
778 2852 911 2889 synodus
930 2848 1090 2894 agnoscens

212 2910 310 2938 eorum
320 2904 480 2937 veritatem
493 2924 503 2939 ,
525 2898 658 2943 sancivit
678 2911 713 2937 ea
724 2901 812 2938 ret‘lae
818 2900 892 2943 fidei
904 2901 955 2944 effe
966 2925 973 2932 .
987 2899 1095 2947 Qid-

214 2949 295 2993 quid
318 2949 355 2989 fit
370 2950 515 2994 Cyrinus
529 2951 614 2993 apud
636 2948 820 2984 orientales
841 2951 1027 2985 constanter
1046 2951 1095 2984 as·

216 2999 312 3032 seruit
341 3002 395 3034 sua
421 3000 575 3043 Capitula
610 3000 751 3034 omnino
780 3002 874 3035 fuiffe
899 3001 1094 3035 confirmata

217 3047 335 3090 Ephesl
361 3074 372 3090 ,
405 3051 439 3087 ,δε
468 3052 498 3084 se
530 3050 572 3083 ab
597 3050 658 3084 isto
684 3051 844 3094 Synodali
871 3050 997 3094 judicio
1024 3062 1092 3085 non

217 3098 316 3181 pgffe·
332 3101 476 3140 recedere
497 3124 504 3131 .
532 3101 612 3135 Hoc
636 3112 678 3135 ex
702 3101 771 3145 ejus
791 3113 848 3136 ore
869 3102 989 3146 scripsit
1018 3101 1093 3145 Epi-

217 3159 239 3191 p
263 3158 377 3180 anius.

267 3198 348 3237 ,Hoc
371 3198 474 3241 ipsum
489 3201 626 3236 affirmat
646 3201 679 3237 iu
704 3201 880 3245 synodicis
903 3202 967 3237 suis
980 3202 1020 3236 ad
1033 3202 1095 3236 lm-

218 3257 403 3290 peratorem
426 3248 573 3283 Leonem
599 3248 882 3295 litteris'Joannes
903 3252 1094 3292 Sebastenfis

219 3297 422 3340 Episcopus,
449 3297 662 3341 Metropolim
682 3299 792 3344 primae
803 3301 987 3337 Armeniae:
1012 3303 1096 3340 ,cele-

211 3346 287 3394 stini
307 3348 449 3386 &Cyrllli
461 3348 622 3391 Epistolae,
646 3352 923 3395 adversusimpium
931 3352 1095 3394 Nestorium

219 3398 265 3437 ad
271 3399 439 3433 orientales
463 3398 616 3444 universos
641 3402 722 3435 datae
733 3427 745 3445 ,
771 3405 805 3438 (a
817 3403 855 3438 ab
876 3404 975 3438 eodem
991 3404 1095 3443 Cyrillo

1892 181 1953 227 45

1148 257 1248 282 contra
1258 250 1385 282 cundem
1397 252 1432 280 N
1434 246 1564 287 estorium
1574 247 1779 283 anathemata
1795 249 2025 294 proposseasunt

1146 298 1265 338 firmata
1286 308 1376 341 atque
1393 297 1531 335 roborata
1552 323 1559 331 .
1599 297 1738 341 Utique
1752 300 1870 343 Ephesi
1889 326 1897 333 .
1926 300 1970 335 Et
1989 302 2027 337 in

1147 349 1313 384 Breviario
1325 348 1497 390 Liberatus
1508 349 1681 383 Diaconus
1693 361 1699 380 :
1721 351 1752 393 J
1755 361 1866 383 oannes
1878 351 2030 387 Antioche·
2097 375 2100 378 ι

1145 411 1222 442 nus,
1248 398 1414 444 cognoscens
1438 411 1506 442 quae
1521 399 1607 446 'gesta
1622 395 1752 440 fuerant
1763 398 1875 440 Ephesi
1891 409 1924 433 in
1942 405 2029 437 ,dam-

1145 456 1265 484 natione
1287 449 1438 491 Nestorii,
1464 451 1563 487 &illa
1582 450 1735 487 duodecim
1743 450 1876 491 capitula
1887 454 2029 489 Cyn-illim

1146 500 1208 544 ipso
1231 502 1361 534 Concilio
1379 498 1517 544 suscepta
1534 499 1757 542 &confirmata
1775 523 1786 539 ,
1809 499 2032 542 indignabatur

1145 553 1238 585 vaide
1263 560 1366 584 contra
1387 552 1555 591 cyrillum..·
1571 550 1615 584 Et
1632 549 1792 591 habemus
1803 547 2033 587 testimonium

1146 600 1253 634 adhuc
1278 601 1530 646 longefirmius.
1559 601 1694 635 Etenim
1718 601 1935 643 inDecreto,
1963 611 2031 644 quo

1148 652 1221 685 suos
1243 650 1616 686 CardinalesDiaconos
1639 650 1815 684 Rusticum
1826 661 1864 683 ac
1874 649 2033 691 Sebastia-

1148 711 1227 734 num
1251 700 1461 744 degradavit,
1488 700 1640 746 Vigilius
1652 700 1811 735 Pontifex
1833 700 1958 743 posuit:
1985 702 2034 745 ,sy-

1145 752 1281 783 nodicam
1307 749 1405 789 beatae
1437 753 1646 785 recordationis
1670 751 1773 791 cyrilli
1801 749 1968 792 Epistolam
1988 752 2033 785 ad

1146 800 1314 844 Nestorium
1335 810 1402 839 cum
1422 799 1570 837 duodecim
1590 803 1744 843 Capitulis
1766 800 1881 835 sancia
1902 802 2032 838 synodus

1146 849 1296 893 Ephefina
1315 855 1420 891 prima
1431 846 1561 898 suscepit
1586 873 1597 888 ‚
1623 854 1657 885 (9¹
1678 851 1775 885 beata
1784 850 2033 893 Chalcedonensis

1145 902 1273 941 synodus
1297 901 1343 932 ad
1361 899 1582 932 convincendas
1603 901 1731 937 Nestorii
1749 900 1900 944 ‘vesanias
1911 907 1945 935 in
1961 901 2033 943 defi-

1147 957 1258 985 nitione
1265 949 1338 991 fidei
1351 951 1456 993 legitur
1464 946 1599 991 posuiffe.
1627 948 1674 981 Et
1685 949 1863 991 Gregorius
1875 951 2036 991 secundus

1146 1001 1306 1043 Pontifex
1330 1001 1364 1033 in
1391 999 1589 1043 professione
1609 997 1686 1039 fidei
1705 1022 1717 1040 ,
1743 1008 1842 1040 quam
1862 1001 2037 1041 transmisit

1147 1052 1189 1087 ad
1212 1052 1367 1085 Sanctum
1390 1050 1597 1083 Germanum
1624 1047 2039 1095 Constantinopolitanum

1151 1102 1355 1146 Episcopum
1375 1125 1387 1141 ‚
1418 1097 1486 1141 haec
1510 1097 1609 1132 habet
1629 1111 1637 1131 :
1663 1101 1751 1138 Hunc
1771 1098 1888 1143 utique
1910 1109 2039 1140 nonum

1150 1152 1251 1194 §ancli
1263 1151 1368 1192 Cyrilli
1379 1148 1673 1193 Anathematismum
1691 1159 1759 1182 cum
1768 1148 1892 1191 reliquis
1903 1148 2042 1187 omnibus

1153 1197 1414 1244 anathematismis
1437 1205 1549 1242 recepit
1561 1205 1654 1233 tertia
1672 1199 1787 1238 5an8a
1806 1210 1841 1232 ac
1853 1197 2042 1237 OEcumenica

1142 1253 1279 1295 [synodus
1291 1276 1302 1292 ‚
1327 1263 1384 1294 quo
1404 1248 1494 1294 sensu
1505 1252 1525 1283 5
1529 1250 1636 1284 anau:
1658 1250 1798 1283 ediderat
1811 1274 1818 1282 .
1848 1247 2043 1291 Manifestum

1152 1307 1230 1336 enim
1240 1300 1277 1341 est
1286 1326 1297 1342 ‚
1324 1304 1344 1334 5
1346 1301 1447 1334 antias
1460 1303 1528 1338 PP.
1550 1305 1583 1333 in
1597 1299 1679 1338 dreia
1688 1299 1802 1340 §anda
1814 1299 1920 1340 Synodo
1931 1309 2044 1343 congre-

1147 1360 1235 1396 gatos
1245 1359 1339 1386 totam
1364 1357 1488 1385 tertiam
1508 1350 1585 1386 dim
1597 1353 1702 1383 Patris
1718 1349 1903 1392 Epistolam,
1929 1350 2043 1384 adver-

1151 1404 1203 1436 sus
1227 1407 1355 1445 impium
1368 1400 1539 1442 Nestorium
1548 1400 1730 1444 Episcopum
1741 1400 2044 1442 Constantinopolita-

1151 1464 1223 1486 num
1239 1450 1388 1496 scriptam
1402 1476 1413 1492 ,
1438 1451 1534 1494 abque
1542 1452 1606 1485 ulla
1628 1451 1851 1491 retrudationis
1862 1449 2043 1494 baefitatione

1147 1501 1293 1547 suscepiffe
1306 1526 1314 1534 .
1341 1505 1450 1536 Scimus
1471 1509 1575 1535 autem
1593 1511 1762 1536 extremam
1785 1500 1878 1537 dic‘lae
1899 1499 2042 1541 Epistola

1147 1562 1266 1595 partem
1289 1551 1383 1586 die‘los
1406 1553 1560 1586 duodecim
1586 1549 1862 1595 Anatbematismos
1874 1556 2040 1588 continere.

1152 1605 1196 1637 Et
1210 1604 1308 1638 unica
1319 1604 1414 1637 causa
1423 1628 1435 1644 ,
1447 1614 1488 1637 ex
1499 1613 1563 1646 qua
1574 1597 2019 1640 Domuum-Antiochenam
2029 1622 2042 1641 ,

1152 1652 1245 1688 Ibam
1265 1652 1465 1690 Edeffenum
1478 1676 1490 1691 ,
1510 1652 1554 1685 vac
1579 1649 1835 1686 Theodoretum
1858 1648 2043 1691 cyrensem

1152 1704 1354 1748 Episcopum
1377 1701 1549 1738 damnavit
1561 1699 1764 1744 Ephefinum
1789 1699 2019 1738 Latrocinium
2031 1725 2042 1742 ,

1150 1755 1215 1789 fuit
1241 1754 1276 1788 in
1300 1751 1502 1798 Ephefinum
1521 1751 1717 1798 Concilium
1737 1762 1792 1795 per
1811 1749 2042 1794 Capitulorum

1150 1804 1438 1849 impugnationem
1472 1802 1683 1838 contumacia
1719 1813 1758 1836 ac
1794 1800 2013 1845 praevaricatio
2031 1814 2039 1835 ε

1151 1856 1256 1901 Qod
1274 1866 1393 1898 nempe
1406 1852 1551 1897 probatis
1573 1864 1629 1895 per
1651 1852 1744 1886 istam
1757 1851 1932 1895 Synodum
1945 1851 2043 1894 Capi-

1151 1905 1230 1938 tulis
1240 1903 1448 1946 pertinaciter
1458 1902 1664 1942 restitissent.
1699 1902 1744 1934 Et
1754 1902 1794 1934 in
1804 1901 2044 1935 Constantino-

1151 1954 1300 1995 politana
1318 1952 1512 1986 Collatione
1534 1951 1719 1985 constanter
1733 1950 1886 1990 dixerunt
1900 1951 2044 1984 Severia-

1158 2002 1194 2036 ni
1208 2001 1382 2044 Episcopi:
1414 2001 1578 2034 Duodecim
1592 2000 1822 2040 capitulorum,
1848 2010 1917 2041 quae
1929 1998 2044 2042 inserta

1149 2051 1185 2093 est
1195 2057 1228 2085 in
1241 2050 1468 2093 prefisan‘e‘lo
1479 2051 1610 2083 Concilio
1619 2074 1630 2090 ,
1643 2048 1811 2091 Epistolam
1823 2073 1834 2089 ,
1847 2050 1939 2092 quam
1950 2060 2043 2092 neque

1150 2114 1204 2136 vos
1210 2100 1330 2144 potestis
1342 2102 1491 2146 denegare
1503 2102 1677 2140 synodicam
1687 2098 1739 2143 esse
1752 2123 1764 2140 ‚
1788 2111 1839 2133 cur
1861 2111 1919 2133 non
1931 2105 2043 2142 recepit

1150 2149 1389 2195 chalcedonense
1420 2151 1614 2186 Concilium?
1650 2150 1851 2190 Constanter
1877 2151 2045 2189 affirmant

1151 2202 1332 2247 Epistolam
1355 2201 1472 2247 Ephesi
1493 2213 1563 2238 non
1590 2200 1802 2240 solummodo
1832 2202 2013 2245 susceptam
2031 2227 2042 2243 ,

1151 2252 1205 2287 sed
1227 2253 1357 2295 insuper
1371 2252 1434 2289 effe
1445 2250 1649 2296 Synodicam
1662 2275 1673 2290 ,
1699 2252 1753 2289 seu
1765 2250 1807 2286 ab
1828 2253 1924 2286 omni
1937 2253 2046 2294 Syno-

1151 2303 1197 2339 do
1215 2303 1447 2337 confirmatam
1468 2303 1503 2336 ὅς
1538 2301 1786 2341 canonizatam.
1816 2300 1959 2336 Addunt
1981 2302 2045 2336 effe

1153 2364 1230 2390 rem
1252 2351 1337 2387 adeo
1364 2352 1510 2387 lucidam
1529 2376 1540 2393 ,
1568 2360 1605 2390 ut
1632 2362 1734 2386 nemo
1760 2351 1856 2395 poffit
1884 2351 2044 2388 inficiari,

1154 2403 1247 2437 Hinc
1268 2401 1578 2440 Chalcedonensem
1592 2427 1603 2443 ‚
1629 2413 1701 2446 quae
1711 2401 1796 2437 istud
1810 2413 1879 2437 non
1891 2413 2044 2446 compro-

1153 2452 1244 2490 bavit
1255 2452 1422 2494 Judicium
1435 2475 1446 2490 ‚
1460 2451 1635 2497 synodum
1647 2453 1835 2486 aversantur
1847 2476 1854 2484 .
1883 2453 2046 2495 Loquun-

1154 2509 1205 2534 tur
1217 2511 1260 2534 ex
1279 2498 1489 2544 apologetico
1514 2499 1624 2535 Sansti
1646 2500 1769 2542 Oyrilli
1789 2499 1876 2534 libro
1899 2523 1910 2540 ‚
1937 2501 1956 2534 ὸ,
1974 2512 2047 2544 quo

1154 2551 1246 2594 supra
1261 2549 1447 2584 audivimus
1465 2548 1650 2591 Epistolarn
1665 2550 1759 2583 fuiffe
1778 2549 1942 2583 firmatam
1962 2551 1996 2584 in
2010 2551 2049 2586 fi-

1154 2598 1194 2634 de
1215 2599 1248 2633 &
1271 2597 1364 2633 Actis
1385 2597 1607 2640 Synodalium
1627 2598 1912 2633 monimentorum
1931 2623 1938 2631 .
1969 2601 2045 2641 Nec

1154 2650 1270 2689 desunt
1289 2649 1355 2683 alia
1377 2647 1563 2692 hujusmodi
1581 2647 1769 2688 testimonia
1781 2673 1789 2681 .

1205 2700 1249 2734 Et
1274 2698 1409 2744 quidem
1430 2698 1521 2743 quod
1543 2697 1730 2738 Celestinus
1743 2699 1904 2738 Pontifex
1928 2700 2046 2735 acRo·

1155 2762 1252 2785 mana
1271 2749 1412 2784 Ecclesia
1438 2748 1727 2794 comprobaverint
1754 2749 1910 2793 Capitula
1934 2775 1945 2792 ,
1972 2763 2045 2786 non

1153 2801 1198 2835 est
1222 2800 1458 2839 dubitandum,
1487 2800 1624 2834 Etenim
1638 2800 1673 2834 in
1685 2800 1846 2843 opusculo
1859 2824 1870 2840 ‚
1895 2813 1963 2846 quo
1976 2801 2045 2835 bla-

1154 2850 1310 2894 sphema,
1335 2852 1442 2889 sancti
1456 2851 1576 2894 Cyrilli
1588 2850 1753 2894 Capitulis
1775 2852 1923 2893 opposita
1937 2875 1948 2891 ,
1975 2851 2044 2885 Ne-

1154 2901 1244 2935 storii
1255 2900 1408 2945 capitula
1427 2900 1571 2942 refutat,
1598 2900 1727 2936 Marius
1737 2900 1905 2935 Mercator
1934 2902 2045 2945 praefa·

1151 2962 1205 2985 tur
1228 2965 1235 2984 ε
1275 2950 1419 2995 Episcopi
1440 2953 1542 2991 cyrilli
1563 2952 1708 2993 capitula
1729 2956 1833 2993 priora
1854 2950 2011 2994 posuimus
2024 2975 2037 2991 ,

1152 3013 1218 3045 quae
1227 3005 1365 3035 Romana
1378 3001 1506 3044 Ecclefia
1517 3001 1701 3045 approbavit
1712 3012 1782 3039 vcro
1786 3005 1817 3046 J
1822 3002 1931 3034 udicio.
1955 3001 2037 3036 Hoc

1152 3052 1218 3093 est,
1247 3052 1429 3095 Synodali,
1451 3050 1828 3096 maturo,irrefragabili
1843 3075 1850 3083 .
1876 3051 1921 3087 Et
1932 3048 2038 3086 hocce

1153 3102 1315 3145 Judicium
1323 3100 1463 3137 omnint)
1471 3102 1579 3137 laudat
1593 3103 1731 3141 Sanctus
1743 3101 1888 3145 Cyrillus
1899 3100 1934 3135 in
1946 3100 2040 3145 Apo·

1150 3151 1297 3198 logetico
1332 3152 1418 3187 libro
1454 3152 1495 3189 ad
1520 3154 1752 3194 Imperatorem
1776 3148 2038 3186 'Theodosium-

1153 3203 1275 3237 Omnis
1295 3202 1429 3247 quaestio
1452 3203 1498 3242 est
1512 3203 1552 3237 de
1566 3201 1731 3246 Ephefino
1745 3201 1922 3237 Concilio.
1953 3201 2038 3237 Eam

1155 3254 1189 3288 in
1209 3252 1582 3296 ,constantinopolitana
1600 3249 1779 3291 collatione
1799 3252 1897 3287 solvit
1919 3252 2038 3296 Hypa-

1154 3304 1220 3338 tius
1232 3302 1411 3348 Ephesmus
1437 3303 1639 3348 Episcopus,
1665 3304 1757 3347 supra
1779 3301 1922 3338 adducto
1942 3304 2038 3337 Seve-

1156 3353 1320 3388 rianorum
1340 3363 1534 3399 argumento
1554 3353 1773 3398 respondens.-
1799 3355 1831 3386 Si
1853 3364 1953 3386 omnes
1966 3351 2037 3394 for-

1156 3416 1221 3439 mas
1241 3415 1275 3439 ac
1286 3404 1470 3447 definitiones
1485 3403 1556 3447 fidei
1570 3410 1602 3439 in
1616 3403 1736 3448 Epheso
1757 3404 1907 3438 adversus
1930 3399 2035 3459 .N‘st⁶’

1907 3459 1986 3488 rium
