2320 3730
115 1219 209 1249 ιΕιοιϊι.
231 1221 262 1248 6.

371 225 389 256 1
399 217 479 257 601.

291 290 375 326 senti
396 288 653 333 postponentes,
678 286 768 324 intus
791 290 876 324 intra
902 289 1014 323 sanctae
1031 283 1180 319 Ecclefiae

288 343 384 384 Septa
395 339 532 375 Psalmis
556 340 591 375 δε
603 339 774 383 Hymnis,
800 341 835 374 &
847 338 996 373 Canticis
1024 334 1180 378 Spiritua-

287 390 375 426 libus
395 390 583 435 semetipsos
609 400 795 430 armantes,
821 387 1086 424 machinamenta
1111 385 1180 420 Ad-

288 440 503 477 versariorum
526 441 641 476 omnia
654 464 665 481 ‚
691 440 725 473 &
737 439 904 474 Saturnini
927 447 1009 471 artes
1021 460 1032 476 ,
1056 435 1181 470 &con-

290 492 499 530 cinnationes
511 502 624 527 eorum
641 514 652 530 ,
675 490 842 533 quinetiam
866 485 1156 531 patrocinabantur
1169 509 1182 526 ,

287 543 387 578 telam
396 552 588 578 araneorum
601 540 832 575 ostenderunt.
860 539 1120 580 Praeparaverunt
1136 536 1180 571 se·

286 593 444 638 metipsos
463 601 541 627 ante
561 591 604 630 de
627 590 695 625 vita
707 592 797 624 exire
814 589 959 631 praesenti
974 613 985 629 ,
1011 598 1111 632 quam
1125 598 1179 621 ne-

286 656 387 689 quam
412 644 447 678 &
470 642 610 688 impium
632 641 788 682 suscipere
810 638 1176 682 Pseudo-Episcopum.-

285 693 439 730 Maxime
458 694 692 738 cognoscentes
704 713 714 728 ‚
741 687 819 732 quia
846 700 946 724 unam
973 689 1115 724 Domini
1142 689 1177 724 δε

284 744 464 781 Salvatoris
473 742 574 776 nostri
587 749 735 779 naturam
757 738 947 786 prodigiose
969 739 1173 781 denunciet,

283 795 419 830 alteram
432 800 570 836 negans.

332 843 366 879 Si
382 842 471 878 enim
483 865 495 885 ‚
520 840 602 874 ficut
611 846 705 884 putat
718 862 731 881 ‚
754 850 821 875 una
834 850 948 876 natura
967 841 1013 876 est
1029 866 1040 882 ,
1069 840 1175 874 neces·

282 895 315 928 se
334 893 380 927 est
397 902 471 926 eam
496 899 554 925 aut
575 891 748 927 mortalem
766 891 829 926 effe
856 902 914 926 aut
930 892 1170 926 immortalem.

280 944 326 977 Et
337 942 359 974 fi
375 940 523 976 mortalis
532 941 578 975 est
590 939 661 975 haec
670 942 755 975 circa
767 952 884 976 eorum
902 941 1039 986 impiam
1064 941 1175 976 factio-

280 1003 355 1027 nem
367 1016 379 1033 ,
407 991 510 1038 igitur
522 991 616 1025 Deus
630 989 777 1025 Verbum
795 992 951 1035 paffibilis
977 990 1074 1037 atque
1088 1003 1174 1027 mor-

278 1044 352 1077 talis
363 1042 409 1077 est
423 1067 431 1074 .
457 1040 583 1090 sivero
596 1039 685 1076 hanc
696 1041 924 1085 impaffibilem
942 1044 1060 1078 dicunt
1072 1067 1083 1083 ,
1109 1041 1171 1076 cla-

277 1092 312 1128 re
327 1094 412 1130 circa
437 1091 514 1127 illos
531 1089 803 1128 ‘Christianorum
816 1094 924 1138 gloria
940 1093 987 1128 est
999 1092 1153 1128 convista
1163 1114 1174 1131 ‚

277 1144 310 1178 δι
323 1141 466 1178 salutaris
478 1141 806 1186 Baptismievertitur
820 1144 980 1178 Donum.
1008 1142 1065 1178 Aa
1091 1140 1173 1186 quid

275 1194 367 1229 enim
379 1194 445 1237 jam
458 1191 633 1237 pertinebit
644 1217 656 1234 ‚
682 1192 773 1238 quod
786 1193 970 1238 Apostolus
991 1194 1037 1228 ait
1052 1207 1063 1227 :
1089 1195 1174 1236 ,Qut-

275 1255 397 1288 cumque
408 1250 440 1278 in
454 1243 603 1284 christum
616 1244 768 1285 baptizati
776 1242 894 1287 sanius,
907 1251 939 1280 in
949 1254 1073 1278 mortem
1084 1241 1172 1285 ipfius

245 1326 247 1328 ,
275 1293 536 1338 baptizatisumus
549 1320 556 1327 .
585 1293 848 1337 Consepultienim
856 1294 962 1338 sumus
981 1300 1009 1328 ei
1029 1302 1087 1336 per
1101 1295 1173 1325 Ba-

270 1345 429 1390 ptifmain
440 1354 564 1379 mortem
578 1345 594 1376 ?
622 1343 699 1380 Ubi
713 1343 790 1380 vero
801 1344 849 1379 est
875 1345 908 1379 δε
924 1345 957 1380 id
968 1368 980 1385 ,
1006 1343 1100 1387 quod
1124 1342 1170 1377 est

274 1397 431 1440 scriptum
461 1408 469 1428 z
496 1397 578 1430 sicut
597 1396 738 1437 plantati
750 1394 833 1438 facqi
853 1394 961 1439 sumus
978 1393 1173 1438 fimilitudim·

272 1452 378 1480 mortis
389 1449 457 1488 eJ‘us
469 1466 494 1487 ,ς
500 1445 542 1487 fic
552 1443 896 1488 ettaevaesuri-efflonts
906 1452 1019 1482 erimus
1030 1445 1052 1484 ζ

321 1495 460 1540 Propter
475 1495 536 1529 ista
557 1496 661 1539 igitur
682 1495 781 1530 simili
803 1496 876 1530 zelo
891 1494 1102 1534 Reverentiae
1114 1504 1172 1528 ve·-

271 1546 342 1581 strae
356 1556 467 1581 motus
480 1544 598 1579 nostrae
609 1545 757 1580 Ecclefiae
773 1548 904 1588 Populus
922 1546 1088 1584 festinavit
1101 1556 1177 1579 non«

271 1597 415 1631 deserere
439 1594 543 1630 vestra
556 1594 693 1640 vestigia
705 1620 714 1628 .
745 1597 853 1631 Unde
874 1598 909 1632 &
922 1596 1096 1632 clementis
1106 1594 1171 1630 Dei

269 1646 375 1692 gratia
386 1645 550 1691 effulgens
560 1645 653 1689 super
663 1657 725 1680 nos
734 1645 799 1682 hoc
810 1649 999 1692 praeparavit
1013 1672 1025 1688 ,
1050 1657 1087 1682 ut
1101 1657 1172 1681 om-

268 1708 349 1732 nem
360 1695 574 1731 inimicorum
595 1706 754 1731 conatum
784 1698 870 1731 fumi
883 1700 954 1732 vice
964 1698 1170 1741 dissolveret.

268 1746 467 1782 Saturninus
486 1757 596 1780 autem
608 1770 620 1787 ‚
647 1746 729 1782 ficut
752 1758 883 1783 venerat
903 1773 915 1789 ,
945 1750 989 1784 lic
1010 1747 1170 1783 disceffit.

268 1797 337 1831 His
350 1796 452 1842 igitur
461 1795 507 1830 ita
519 1797 630 1835 factis,
657 1796 693 1831 dc
709 1797 789 1831 dum
802 1798 968 1840 praedictus
989 1798 1172 1832 Venerabi-

270 1847 314 1881 lis
327 1845 504 1890 Presbyter
515 1845 683 1883 Martinus
695 1856 827 1889 propter
837 1846 869 1880 id
883 1848 924 1882 ad
937 1847 1081 1891 Regiam
1103 1858 1172 1891 per-

271 1907 364 1943 geret
385 1897 556 1932 civitatem
571 1921 582 1936 ,
606 1894 729 1939 justum
745 1897 810 1930 effe
824 1895 972 1935 arbitrati
994 1899 1102 1933 sumus
1116 1908 1171 1942 per

270 1947 416 1982 humiles
428 1947 552 1981 litteras
566 1946 689 1980 nostras
702 1944 767 1980 haec
787 1947 853 1989 ipsa
867 1948 946 1982 ficut
959 1947 1098 1982 Dileuis
1113 1960 1170 1982 no-

272 1997 326 2033 bis
348 1997 576 2035 innotescere,
602 1996 636 2030 &
649 2006 764 2041 rogare
785 1997 927 2031 amicam
941 1997 1064 2032 Christi
1078 1999 1167 2031 Dile-

270 2048 417 2083 ctionem
441 2045 601 2085 vestram,
626 2055 664 2087 ut
685 2045 935 2080 reaccendentes
957 2069 968 2086 ,
996 2057 1051 2089 per
1076 2047 1167 2089 pium

271 2098 381 2134 zelum
393 2096 435 2131 ad
450 2098 562 2131 Deum
575 2121 586 2138 ‚
615 2096 707 2140 pium
726 2095 918 2130 desiderium
939 2096 1024 2131 circa
1037 2095 1166 2130 Patrem

271 2148 413 2183 vestrum
439 2171 451 2189 ,
477 2156 603 2191 quoque
631 2146 831 2189 Episcopum
858 2145 1006 2181 nostrum
1030 2171 1041 2187 ‚
1070 2144 1167 2189 hujus

271 2198 406 2243 quidem
428 2195 495 2230 fine
514 2195 689 2229 oblivione
709 2194 857 2230 habeatis
870 2195 1063 2231 memoriam
1082 2207 1143 2230 vos
1155 2221 1166 2237 ‚

270 2249 329 2291 qui
352 2259 408 2292 per
419 2257 457 2281 ea
469 2270 480 2287 ‚
506 2257 579 2290 quae
601 2245 741 2286 docuit,
767 2256 806 2279 ac
826 2244 924 2281 docet
941 2257 1031 2280 nunc
1045 2246 1143 2290 usque
1155 2271 1166 2288 ‚

268 2300 352 2335 dum
367 2299 522 2344 leguntur
533 2321 544 2338 ‚
570 2297 695 2340 semper
704 2295 866 2339 juvamini
879 2320 886 2328 .

321 2349 519 2385 Permanere
529 2347 609 2382 vero
633 2348 669 2381 in
682 2347 757 2380 sana
779 2346 995 2386 Confeffione
1006 2345 1141 2383 Parrum
1156 2371 1166 2388 ,

269 2402 330 2442 qui
353 2399 388 2439 in
412 2398 524 2439 Nicaea
545 2396 742 2442 congregati
756 2397 852 2434 sunt,
877 2396 999 2439 absque
1019 2397 1114 2430 omni
1128 2397 1165 2429 sz-

269 2448 458 2486 mulatione
481 2447 680 2481 clamantes:
708 2446 870 2479 Credimus
891 2452 923 2478 in
942 2457 1036 2479 unum
1057 2449 1158 2479 Domi-

271 2511 344 2534 num
350 2502 383 2544 J
386 2496 465 2542 esiam
476 2496 651 2538 Christum,
679 2497 795 2530 Filium
807 2500 863 2529 Dei
883 2501 1082 2539 unigenitum.
1109 2498 1163 2528 Ex

272 2553 369 2586 Patre
381 2558 487 2583 natum
497 2555 567 2581 ante
578 2552 677 2581 omnia
684 2547 809 2579 saecula.
839 2545 1162 2580 Consubstantialem

271 2599 373 2634 nobis
383 2598 502 2642 quippe
511 2622 523 2638 ,
549 2606 586 2631 ut
597 2608 640 2630 ex
653 2593 776 2629 semine
786 2593 956 2628 Abraham
983 2596 1016 2628 &
1028 2595 1138 2629 David
1151 2620 1161 2636 ,

271 2650 359 2684 circa
380 2646 598 2684 humanitatis
618 2655 770 2678 naturam
788 2668 796 2676 .
824 2645 944 2688 Neque
965 2645 1056 2679 enim
1076 2645 1163 2689 quie-

209 2704 223 2717 ·
271 2699 396 2734 scimus
407 2707 554 2740 unquam
566 2696 672 2730 dicere
682 2695 762 2729 duas
774 2704 904 2732 naturas
924 2696 959 2728 in
972 2695 1060 2729 Filio
1072 2719 1079 2727 .
1108 2696 1161 2729 Li-

271 2758 326 2784 cet
338 2759 409 2783 non
421 2746 570 2782 videatur
582 2744 774 2780 Haeredibus
784 2745 893 2790 impiae
905 2745 1038 2779 culturae
1059 2746 1162 2789 Apol-

271 2799 408 2839 linarii,
435 2797 493 2842 qui
514 2797 637 2842 dignus
658 2795 703 2829 est
726 2797 818 2830 exuri
841 2822 847 2829 .
875 2795 920 2829 Et
941 2796 1031 2830 unde
1049 2805 1160 2830 tamen

269 2849 473 2886 confitentes
484 2853 652 2883 Creatorem
659 2871 670 2888 ‚
688 2851 932 2889 operatoremque
939 2844 1159 2890 universbrum?

272 2898 461 2937 Secundum
470 2898 614 2934 Deitatis
627 2897 791 2931 rationem
800 2921 808 2930 .
836 2900 867 2930 Ε
879 2900 993 2939 spiritu
1003 2896 1112 2930 sanda
1128 2898 1162 2931 Θ·

273 2952 376 2983 Marta
388 2953 510 2994 Virgine
520 2949 537 2982 ,Ρ
564 2946 752 2983 Secundum
766 2946 982 2982 humanitatis
1003 2948 1144 2981 frustum
1155 2972 1162 2980 .

275 2999 477 3042 Impaffibilem
504 2999 773 3034 cummanum?
799 2998 989 3033 Secundum
1011 2995 1161 3032 humani-

275 3059 376 3084 tatem
399 3075 406 3083 .
433 3050 516 3084 Haec
538 3048 766 3084 incessabiliter
786 3047 993 3083 meditamini
1018 3071 1029 3088 ,
1057 3047 1093 3081 in
1106 3044 1158 3081 his

276 3109 458 3141 permanete
468 3113 479 3134 .·
506 3100 553 3133 Ut
565 3100 723 3143 profectus
732 3099 831 3138 vester
842 3098 1033 3133 manifestus
1045 3098 1078 3131 in
1088 3109 1156 3131 om·

276 3147 371 3182 nibus
393 3150 429 3183 fit
450 3175 457 3182 .
485 3150 658 3194 Rogamus
680 3159 790 3184 autem
814 3160 896 3189 vos,
921 3148 944 3182 ὀ
968 3148 1074 3182 amice
1091 3148 1157 3182 Dei

279 3197 371 3231 Grex
383 3197 528 3239 Christi,
555 3198 624 3241 quo
647 3211 701 3242 per
719 3200 927 3243 operationes
952 3209 990 3232 ac
1011 3198 1160 3240 depreca-

278 3246 388 3281 tiones
408 3247 591 3289 supplicetis
613 3247 766 3283 Domino
784 3247 939 3288 Christo,
965 3259 1001 3281 ut
1012 3258 1158 3291 quanto·-

278 3296 352 3332 cius
362 3293 448 3329 hanc
459 3297 561 3330 totius
574 3296 663 3331 orbis
674 3307 827 3333 terrarum
840 3300 981 3343 increpet
991 3298 1160 3341 tempesta-

280 3357 348 3382 tem
359 3370 371 3387 ,
395 3344 430 3379 δι
440 3346 635 3391 profundam
648 3346 745 3381 nobis
757 3348 970 3384 Ecclefiarum
980 3358 1092 3393 pacem
1102 3348 1158 3383 do-

279 3406 336 3434 net
346 3421 356 3431 .

714 203 1046 252 VARIORUM
1082 204 1335 248 PArRuM
1371 200 1709 265 Eris-torst,

1431 389 1938 440 SCHOLlon.

1337 534 1507 571 Orotheus
1531 536 1891 573 Martiano-Politanus
1922 538 2123 584 Episcopus,

1363 587 1511 622 secundae
1537 587 1659 623 Moefiae
1682 588 1924 632 Metropolim,
1950 590 2050 624 etiam
2065 591 2128 628 fuit

1239 635 1435 682 degradatus
1461 637 1580 683 Ephesi
1603 664 1615 683 ‚
1642 639 1676 673 &
1700 650 1756 682 per
1783 639 2130 684 Constantinopolitae

1240 698 1317 721 nam
1339 688 1745 725 PatriarchaeMaximiani
1765 688 1941 733 synodum
1964 691 2131 735 juffusbex-

1238 737 1316 781 pelli
1328 749 1370 773 ex
1381 739 1438 773 sua
1450 737 1583 775 civitate
1604 752 1642 775 ac
1654 739 1820 775 Throno.
1853 740 2040 786 Justiffime.
2071 743 2128 781 Et„

1237 789 1328 822 enim
1343 789 1407 832 ipse
1426 789 1472 825 est
1484 815 1495 831 ,
1522 790 1579 834 qui
1589 792 1714 834 primus
1735 792 1771 825 in
1785 787 2130 836 Constantinopolita-

1237 850 1280 872 na
1294 839 1436 874 Ecclefia
1459 840 1501 874 ad
1525 838 1656 884 plenam
1677 841 1935 877 Patriarchalem
1961 842 2132 886 prasentia

1236 887 1383 924 Nestorii
1401 891 1562 934 synaxim
1586 903 1655 926 non
1678 891 1811 926 erubuit
1833 903 1892 937 pro
1904 889 2068 928 concione
2079 892 2127 927 di-

1236 950 1307 973 cere
1320 953 1327 973 :
1354 943 1387 973 51·
1398 946 1466 984 quis
1479 944 1614 981 Mariam
1625 942 1676 986 effi·
1689 945 1881 977 Dei-Parum
1892 945 2008 982 dixerit
2017 966 2028 982 ‚
2041 954 2128 978 ‚anm-

1235 989 1337 1024 thema
1352 990 1392 1033 fit
1412 1016 1420 1024 .
1447 992 1498 1027 Ita
1521 993 1717 1037 praesumpsit
1740 993 1922 1032 universam
1948 993 2129 1029 Ecclesiam

1235 1039 1528 1077 anathematizare.
1556 1042 1645 1082 Istud
1669 1043 1711 1077 de
1733 1043 1805 1086 ipso
1830 1045 1967 1084 Sanetus
1978 1042 2127 1086 Cyrilluz

1237 1089 1272 1122 in
1307 1089 1454 1132 pluribus
1477 1115 1488 1131 ,
1516 1093 1603 1134 apud
1630 1094 1768 1136 primam
1796 1093 1952 1137 Ephefini
1976 1093 2126 1128 Concilii

1236 1148 1359 1182 partem
1380 1140 1583 1178 exstantibus
1609 1165 1619 1181 ‚
1649 1141 1806 1185 Epistolis
1825 1143 1971 1186 queritur
1993 1167 2002 1175 .
2030 1144 2126 1180 Hinc
2143 1132 2178 1161 Ε·
2193 1142 2297 1167 ²0¹¹²'

1238 1190 1339 1233 igitur
1360 1192 1509 1233 praefatus
1529 1191 1761 1229 Maximianus
1788 1193 1822 1229 in
1833 1192 1903 1236 eJus
1925 1193 2037 1227 locum
2046 1204 2128 1229 cono
2147 1182 2191 1209 ¹*

1237 1240 1372 1274 sectavit
1394 1240 1628 1282 Saturninum,
1656 1243 1691 1282 &
1713 1253 1789 1277 cum
1810 1242 1939 1278 militiae
1961 1242 2127 1288 Magistro

1235 1288 1374 1326 Plintha
1386 1313 1396 1329 ‚
1423 1302 1461 1326 ac
1472 1291 1591 1336 insigni
1603 1302 1725 1327 armata
1737 1303 1838 1328 manu
1850 1293 2026 1328 transmisit.
2035 1294 2124 1331 Mar·

1237 1341 1439 1383 tianopolim
1464 1365 1476 1383 ,
1511 1342 1650 1384 expulso
1684 1343 1864 1377 Dorotheo
1896 1341 2130 1387 inthronizari-⁴

1239 1389 1319 1423 dum
1334 1414 1340 1420 .
1369 1388 1494 1424 Verum
1508 1391 1676 1425 scabiosus
1690 1390 1838 1436 Populus
1851 1392 1976 1436 adjuvit
1989 1392 2128 1438 Haeretig

1239 1451 1316 1474 cum
1342 1439 1542 1485 Episcopum
1557 1467 1568 1483 ‚
1594 1442 1632 1477 δε
1651 1441 1821 1477 Plintham
1843 1453 1920 1477 cum
1944 1443 2126 1478 Saturnino

1239 1490 1336 1534 ejecit
1358 1516 1365 1523 .
1394 1490 1530 1528 Etenim
1566 1504 1608 1527 ex
1628 1493 1822 1535 praecedenti
1849 1493 2126 1537 Hypomnsgffioo

1239 1542 1428 1578 audivimus
1448 1540 1516 1576 hoc
1536 1544 1598 1577 effe
1620 1544 1742 1578 fastum
1753 1542 1832 1578 ante
1843 1538 2058 1586 Ecclefiarum'
2071 1550 2125 1589 par

1237 1603 1326 1625 cem.
1355 1591 1542 1627 Istiusmodi
1567 1593 1667 1628 turbae
1688 1604 1919 1638 permoverunt
1943 1595 2126 1637 &comptu

1239 1642 1347 1676 lerunt
1357 1642 1596 1688 Imperatorem
1612 1643 1843 1679 Theodosium
1867 1644 1908 1680 ad
1920 1655 2033 1689 paean
2043 1654 2125 1680 eone

1237 1692 1416 1729 eiliandam
1433 1710 1444 1727 .·
1470 1695 1514 1728 Et
1528 1694 1646 1739 abipsa
1657 1694 1851 1734 Dorotheus
1869 1704 1945 1729 cum
1958 1694 2122 1731 &atheim

1235 1744 1300 1784 fuit
1313 1745 1470 1780 *exclusus
1483 1769 1494 1786 ,
1518 1744 1659 1790 ideoque
1677 1746 1796 1780 iterum
1817 1746 1917 1790 jussus
1936 1745 2011 1789 ejici
2032 1744 2123 1783 §.fiio

1235 1795 1378 1833 Ecclesia
1401 1820 1408 1827 .
1446 1795 1491 1829 Et
1515 1796 1579 1829 fuit
1602 1797 1724 1839 ejectus
1741 1821 1752 1840 ,
1778 1796 1812 1831 &
1838 1796 2042 1832 Saturninus
2061 1805 2122 1840 pro

1234 1843 1306 1886 ipso
1317 1842 1556 1882 inthronizatus
1567 1868 1575 1876 .
1604 1845 1738 1880 Etenim
1752 1846 1836 1880 inter
1849 1847 2049 1890 Episcopos,
2059 1843 2120 1888 qui

1233 1894 1353 1928 Sancto
1390 1895 1551 1936 Flaviano
1575 1894 1957 1939 Constantinopolitano
1974 1919 1986 1936 ,
2013 1895 2122 1939 Euty·

1232 1943 1329 1977 chem
1344 1944 1670 1983 Archi-Mandritam
1683 1946 1855 1980 damnanti
1871 1970 1882 1985 ,
1908 1941 2120 1989 Synodalitet

1231 1994 1415 2073 {ffederunt
1440 2017 1451 2034 ,
1487 1994 1609 2039 primus
1634 1996 1699 2030 fuit
1719 1995 1912 2030 Saturninus
1937 1995 2122 2031 Martiano-

1259 2043 1426 2076 olitanus.

1279 2091 1332 2124 Ex
1353 2091 1498 2134 praesenti
1521 2092 1668 2136 Epist-ola
1687 2094 1883 2132 addistimus
1911 2095 2021 2139 plura.
2049 2094 2122 2131 Pri·

1230 2141 1308 2182 mo,
1336 2141 1426 2183 quod
1439 2141 1472 2180 in
1493 2143 1559 2186 ipsa
1579 2142 1679 2176 etiam
1692 2142 2121 2188 Constantinopolitanacin'

1230 2193 1330 2225 vitate
1350 2192 1430 2235 post.
1447 2186 1648 2235 Ephe'sinum
1672 2192 1864 2233 Concilium
1880 2195 2001 2229 fixerint
2019 2204 2120 2236 unta}

1228 2240 1348 2281 turbae,
1375 2253 1411 2279 ut
1424 2241 1519 2275 multi
1541 2241 1783 2279 Catechumeni
1803 2255 1841 2278 ac
1851 2242 2122 2284 Poenitentesao·

1229 2291 1348 2326 luerint
1365 2292 1382 2325 a
1403 2291 1615 2326 Maximiano
1638 2293 1804 2337 Episcopo
1826 2294 1982 2338 baptizari
2006 2305 2123 2331 autre·

1227 2341 1423 2376 conciliari.
1453 2342 1645 2375 Maluerunt
1663 2341 1731 2378 fine
1757 2344 1958 2379 Sacramenti
1981 2343 2119 2382 viatico

1229 2392 1360 2424 transire
1371 2391 1412 2425 ad
1423 2392 1513 2425 aliud
1525 2391 1673 2425 saeculum
1685 2415 1693 2423 .
1715 2392 1931 2430 pertinaciter
1940 2395 2119 2438 cupiebant

1228 2441 1368 2484 recipere
1389 2442 1482 2474 suum
1509 2442 1709 2485 Episcopum
1729 2441 1938 2481 Nestorium.
1965 2444 2120 2480 Secundo

1229 2491 1383 2525 discimus
1407 2516 1419 2532 ,
1447 2492 1537 2535 quod
1575 2492 1616 2525 de
1654 2491 1838 2529 istiusmodi
1876 2494 2092 2531 morientibus
2104 2520 2117 2540 ‚

1229 2541 1412 2577 dummodo
1423 2552 1533 2574 tamen
1545 2551 1653 2574 veram
1667 2564 1677 2579 ,
1703 2541 1781 2575 licet
1791 2543 2009 2585 imperfeetam
2019 2568 2031 2584 ,
2049 2547 2117 2581 Dei

1228 2591 1438 2624 dilectionem
1461 2588 1623 2627 habeant,
1652 2599 1857 2633 nequaquam
1877 2593 1915 2626 fit
1940 2594 2115 2637 desperata-

1227 2641 1305 2674 dum
1317 2663 1327 2679 ,
1355 2638 1408 2672 sed
1421 2637 1613 2680 sperandum
1624 2638 1766 2679 optime.
1794 2643 1881 2684 ,Quia
1891 2644 2113 2688 &illesum-x,

1227 2701 1290 2722 cum
1304 2688 1343 2731 fit
1360 2693 1451 2723 etiam
1470 2689 1594 2721 clemens
1607 2711 1618 2727 ‚
1645 2690 1679 2722 6·
1685 2697 1741 2730 per
1758 2696 1856 2723 omnia
1865 2691 1991 2731 nostrum
2004 2697 2113 2736 Propo·

1219 2739 1310 2781 fitum
1333 2748 1471 2778 novem,
1498 2744 1589 2770 etiam
1604 2736 1668 2780 sbla
1689 2740 1845 2774 voluntate
1875 2751 2030 2777 contentus
2049 2744 2110 2786 est.
2147 2762 2149 2765 ·

1227 2794 1272 2823 Et
1291 2791 1337 2823 ad
1354 2788 1481 2828 nostram
1496 2786 1578 2831 slepe
1598 2795 1792 2823 intentionem
1817 2791 1968 2835 mensurat
1978 2796 2110 2828 divitia

1227 2838 1430 2883 mtsericordiae
1447 2837 1514 2882 suae
1535 2863 1546 2878 ‚
1572 2850 1606 2871 ac
1624 2838 1745 2879 fontem
1770 2849 1903 2883 propriae
1932 2845 2108 2888 largitatis.

1227 2891 1333 2925 Novit
1343 2887 1428 2923 istud
1450 2889 1596 2923 nostrum
1618 2889 1847 2933 Propolitum,
1874 2893 1915 2926 de
1925 2904 1991 2937 quo
2001 2893 2109 2934 edixit

1226 2940 1426 2975 Tridentina
1447 2939 1600 2981 Synodus
1622 2952 1629 2972 ε
1657 2944 1804 2977 contr-itio
1827 2941 1866 2983 eff
1889 2944 1966 2976 dolor
1987 2950 2108 2984 animi,

1224 2989 1421 3032 acdetestatio
1430 2990 1466 3022 de
1486 2998 1606 3031 peccato
1622 2991 1761 3033 commisso
1772 3015 1782 3031 ,
1806 3002 1869 3025 cum
1884 2993 2029 3035 Propqsteo
2047 3005 2110 3028 nm

1220 3041 1407 3084 peccandtde
1417 3047 1538 3073 caetero.
1565 3040 1669 3086 Quod
1693 3040 1898 3085 Propositum
1913 3043 2022 3079 haberi
2036 3056 2108 3078 non

1225 3092 1326 3136 potest
1338 3116 1349 3132 ,
1375 3091 1435 3125 nifi
1447 3101 1502 3134 per
1514 3089 1611 3124 fidem
1622 3091 1656 3124 &
1677 3089 1868 3127 charitatem
1880 3119 1887 3125 .
1924 3094 2038 3129 I'ertio
2049 3094 2106 3128 di·-

1224 3143 1361 3182 scimus,
1387 3140 1477 3183 quod
1499 3140 1584 3174 hanc
1605 3141 1719 3175 nostrae
1742 3142 1835 3184 fidei,
1866 3145 1919 3178 seu
1933 3144 2106 3180 contritio·

1226 3194 1275 3227 nis
1295 3193 1448 3226 virtutem
1468 3191 1485 3224 a
1506 3190 1690 3234 Majoribus
1712 3194 1928 3237 acceperimus
1951 3219 1957 3226 .
1985 3195 2105 3229 Doro-

1222 3242 1317 3277 theus
1335 3242 1423 3277 enim
1443 3241 1506 3275 haec
1527 3255 1568 3275 ex
1580 3244 1750 3276 communi
1763 3244 1942 3278 Orientalis
1955 3245 2102 3279 Ecclesiae

1222 3293 1313 3327 sensu
1333 3292 1498 3334 loquitur,
1525 3292 1666 3337 ideoque
1683 3293 1730 3328 est
1750 3293 1890 3327 omnino
1900 3294 2097 3329 audiendus.

1225 3343 1272 3377 At
1291 3343 1384 3377 valde
1405 3342 1611 3377 detestandus
1629 3343 1697 3384 est,
1723 3343 1812 3386 quod
1825 3343 1891 3386 ipsa
1904 3346 2008 3379 valere
2023 3343 2102 3379 velit

1181 3420 1184 3448 1
1225 3396 1259 3428 in
1279 3392 1475 3429 turbulentis
1496 3393 1703 3432 Nestorianis
1730 3395 1967 3429 contumaciter
2001 3392 2104 3426 detre-

1968 3443 2053 3477 Clan-
