2320 3730
581 197 892 251 Scuorlrs,
930 205 994 238 ετ
1028 187 1228 235 N0r1s
1265 181 1653 232 urusrRArx.

205 282 533 325 Cofflantinopolitanae
547 280 699 322 Ecclefiae‚
726 280 887 325 Episcopos
902 304 909 311 .
938 277 981 310 Et
993 276 1088 319 Joan-

207 337 244 370 ni
267 331 483 370 Antiocheno
503 329 614 366 Xistus
630 331 787 375 rescripsit
814 343 821 363 :
850 332 921 367 Haec
942 326 1093 368 sandinu-

207 383 680 424 temtuamvolumuspraedtcare
692 406 705 423 ‚
730 392 799 424 quae
817 378 943 423 scribis.
971 379 1091 420 Exper-

209 445 260 471 tus
269 445 302 469 es
313 438 420 477 negotii
426 431 588 476 praesentis
599 441 710 467 eventu
721 456 734 472 ‚
759 431 835 472 quid
834 428 875 470 fit
882 426 994 471 sentire
1011 426 1091 461 nobi-

203 485 303 531 scum.
331 482 472 519 Proinde
484 483 645 529 Ioannes,
672 494 709 516 ac
722 480 778 525 ipfi
797 477 993 514 adhaerentes
1015 476 1093 520 Epi-

207 535 299 579 scopi
323 534 499 568 retulerunt
518 533 633 568 omnia
653 533 815 566 Romanae
840 527 988 563 Ecclefiae
1009 539 1021 558 .-
1047 525 1093 559 Et

204 585 356 620 adversus
367 583 453 620 hanc
465 584 677 619 Relationem
689 579 863 617 interceffit
873 578 1007 623 praesens
1024 575 1056 611 A
1061 587 1094 620 p-

208 636 345 679 pellatio
359 661 367 668 .

261 686 305 721 Et
317 685 429 719 Xistus
450 684 552 729 ipsam
562 681 702 720 omnino
714 680 840 716 admisit
852 704 865 721 ‚
889 678 924 713 &
944 686 1022 713 ante
1040 676 1094 711 da-

210 745 276 771 tam
288 735 360 780 paci
371 735 656 770 confirmationem
668 730 793 767 mature
813 730 927 765 omnia
948 729 1094 763 retraeta-

1150 273 1318 310 Celestino
1339 273 1552 308 confirmata:
1580 274 1649 307 Cur
1674 273 1772 319 igitur
1792 277 1905 313 eadem
1915 274 2029 313 denuo

1150 323 1353 360 confirmavit
1365 323 1498 358 Xistus?
1524 322 1722 367 Respondeo
1746 348 1758 363 ‚
1781 326 1825 359 ob
1843 329 2027 370 praesentem

1152 375 1420 420 Appellationem
1441 398 1449 406 .
1485 373 1568 407 Haec
1589 373 1738 417 persuasit
1760 372 1815 407 illa
1845 377 2027 420 retractari,

1152 424 1290 471 ideoque
1311 425 1344 459 ὅ(
1354 421 1464 459 denuo
1475 423 1663 459 confirmari
1675 448 1682 457 .

1343 636 1383 682 C
1398 638 1441 682 A
1455 635 1490 681 P
1504 636 1550 683 U
1562 631 1604 681 T
1639 634 1853 682 CXVIII.
1889 641 2037 679 --206'

209 787 260 820 vit
283 812 291 818 .
318 785 429 820 Etiam
458 783 866 827 Constantinopolitanam
892 776 1094 825 Maximiani
1157 771 1298 819 Multa
1324 776 1416 820 inter
1442 770 1509 820 has
1537 772 1730 840 Epistolas
1761 772 1895 839 abstuli
1910 808 1922 833 ,
1960 772 2040 837 quae

211 835 404 878 Synodum.
436 834 480 868 Et
503 833 735 878 Appellantes‚
762 829 971 876 quantumvis
995 837 1094 863 exau-

210 885 280 919 dire
292 885 327 918 in
339 884 494 919 omnibus
507 895 575 918 non
589 884 750 928 potuerit,
774 879 916 917 omnino
926 876 1093 926 exaudivit

208 934 246 969 in
267 934 460 979 quibusdam
480 960 487 966 .
522 935 656 978 Insuper
677 931 877 967 Maximiani
898 926 1073 972 Synodum
1086 948 1098 965 ,

207 985 283 1024 imo
304 985 339 1018 ἀ
360 985 446 1029 pacis
460 983 542 1018 Asia
562 982 788 1020 circumcidit,
812 981 846 1014 δε
867 977 1014 1023 quasdam
1026 976 1093 1020 ejus

210 1034 331 1076 Capita
342 1033 583 1067 circumduxit.
609 1028 741 1074 Nempe
758 1038 901 1074 quatuor
922 1028 1093 1072 Metropo-

210 1082 342 1116 litatum
360 1081 582 1116 exclusionem
602 1080 621 1115 ὲ
634 1091 733 1124 pace.
758 1079 870 1115 Etiam
891 1077 954 1114 hos
967 1103 978 1120 ,
1001 1075 1094 1112 durn-

205 1130 311 1166 modo
332 1139 395 1165 tres
415 1132 560 1175 praefatos
571 1131 660 1174 pacis
671 1130 841 1164 Articulos
859 1128 1070 1163 admitterent
1082 1150 1094 1168 ,

206 1181 316 1216 voluit
327 1181 490 1216 inclusos:
517 1181 639 1216 Voluit
652 1180 943 1225 quietosmanere,
970 1187 1026 1213 aut
1049 1173 1116 1212 «ετ-Ι

207 1231 277 1265 iam
290 1230 413 1265 restitui
424 1231 490 1265 suis
501 1229 671 1265 Ecclesiis.
697 1230 804 1264 Lucet
813 1239 854 1263 ex
864 1229 933 1272 ejus
955 1228 995 1262 ad
1017 1229 1093 1262 San·

204 1281 252 1314 isti
276 1279 396 1323 Cyrilli
417 1279 630 1315 Relationem
650 1279 844 1323 Rescripto.
864 1282 1020 1324 Joamresv
1034 1281 1095 1310 An-

206 1329 359 1364 tiochenus
368 1354 379 1369 ,
397 1329 470 1372 ficut
471 1330 573 1372 fratri
587 1331 622 1365 &⁵
635 1329 806 1373 Coepiftopo
818 1333 1006 1363 Maximiano
1014 1325 1109 1370 [ιερὰ

199 1382 275 1422 jam
280 1379 448 1423 scripsimus
459 1404 469 1421 ,
496 1391 554 1414 non
565 1380 605 1421 est
623 1379 812 1414 redeuntibus
828 1380 958 1422 difficilis
981 1383 1096 1421 aperire

204 1432 361 1473 januam,
387 1437 420 1463 ut
438 1433 508 1464 vero
521 1454 533 1471 ‚
558 1429 616 1471 nlfi
626 1432 808 1473 perditionis
826 1429 932 1471 filius,
958 1440 1044 1462 nemo
1059 1426 1098 1468 fit

204 1481 370 1522 perditus,
391 1478 488 1521 fitque
508 1485 535 1513 el
561 1481 658 1520 major
667 1479 758 1523 causa
780 1480 921 1522 lugendi,
947 1479 1028 1522 quod
1041 1487 1098 1510 me-

206 1528 360 1573 ruitsolus
380 1529 515 1563 excludi.
542 1529 587 1562 Et
611 1539 691 1564 tunc
705 1528 882 1563 Helladius
902 1553 913 1568 ,
938 1527 1097 1571 quoniam

204 1580 344 1614 candem
354 1578 501 1612 obedivit
518 1577 700 1616 Pontifici,
725 1577 789 1611 fuit
806 1577 961 1611 admissus
982 1576 1023 1610 ad
1047 1586 1102 1619 pa-

205 1638 303 1669 cem,
327 1638 366 1663 ac
375 1625 429 1671 pie
449 1627 485 1660 in
504 1625 657 1661 Domino
670 1626 876 1661 obdormivit
897 1624 986 1673 apud
1010 1626 1098 1658 suam

208 1677 388 1713 Ecclesiam
401 1701 408 1709 .
436 1677 526 1711 Nota
532 1676 595 1711 nda
606 1678 680 1711 sunt
691 1677 805 1712 verba:
836 1676 1022 1718 sicutfratri
1032 1677 1098 1707 Ma-
1151 1705 1153 1707 ,

208 1732 345 1763 otimiano
352 1725 432 1770 saepb
436 1728 507 1767 jam
515 1725 695 1770 scripfimus.
723 1725 855 1772 Nempe
867 1726 1099 1761 Maximianus

208 1777 230 1812 ἒ,
250 1777 414 1812 Pontifice
426 1776 608 1820 frequenter
618 1787 748 1822 rogarat
771 1777 922 1812 sustineri
933 1775 1015 1811 Acta
1036 1774 1098 1810 suae

207 1828 341 1871 Synodi
353 1840 360 1860 :
372 1827 528 1862 Pontifex
541 1827 616 1861 vero
627 1828 750 1871 semper
761 1828 824 1861 fuit
838 1827 952 1861 mitior
964 1826 1005 1860 ad
1017 1825 1099 1859 Cle-

209 1878 382 1913 mentiam.
408 1876 513 1911 Porro
526 1876 576 1910 isti
588 1886 729 1921 quatuor
737 1887 829 1911 erant
838 1877 858 1911 d
863 1876 986 1910 amnati
997 1876 1099 1910 etiam

209 1927 254 1962 ab
265 1926 427 1971 Ephefina
438 1926 595 1974 Synodo:
625 1926 670 1961 Et
679 1928 793 1962 omnia
805 1927 864 1965 ista
887 1926 1020 1962 vincula
1040 1924 1101 1960 sol-

210 1979 262 2013 vit
284 1978 372 2013 solus
391 1977 519 2012 Xistus.

261 2028 314 2062 Ex
330 2026 380 2062 his
391 2028 555 2073 intelliges
566 2027 817 2063 fundamentum
830 2027 1038 2072 impostura,
1056 2025 1098 2059 de

210 2089 276 2122 qua
295 2079 428 2112 Sanetus
449 2078 598 2120 Cyrillus
620 2078 744 2120 scripsit
780 2078 822 2111 ad
844 2075 1097 2110 Melitinensem

210 2128 374 2163 Acacium
388 2139 395 2159 ε
422 2124 605 2170 ,Quodfiqui
616 2127 780 2168 Epistolam
791 2151 802 2167 ,
828 2135 973 2169 tanquam
989 2128 1011 2160 ἃ
1024 2123 1097 2157 Phi-

212 2180 294 2220 lippo
315 2178 558 2216 Reverendiffimo
584 2181 727 2210 Romanae
753 2175 888 2217 Ecclefiae
923 2174 1097 2213 Presbytero

208 2225 354 2270 scriptam
366 2250 377 2266 ,
403 2226 559 2259 attulerint
578 2248 588 2264 ‚
613 2227 742 2266 perinde
759 2223 914 2267 sonantem
933 2234 968 2256 ac
987 2221 1014 2262 [ἱ
1022 2225 1096 2256 5an-

211 2277 347 2317 e‘liffimus
358 2274 522 2318 Episcopus
535 2274 636 2314 xmus
663 2273 875 2315 Depofitionem
886 2272 1016 2312 Nestorii
1037 2281 1097 2303 mo-

212 2326 281 2367 leste
298 2329 462 2368 acceperit,
487 2330 569 2367 eique
589 2333 672 2366 opem
691 2325 795 2357 tulerit
814 2347 820 2355 .
849 2327 899 2356 Ne
921 2322 1026 2355 credat
1046 2319 1097 2352 boc

212 2385 268 2409 tua
277 2378 297 2409 5
299 2377 432 2410 auditas
448 2399 456 2407 .
484 2373 601 2416 Scripfit
614 2380 691 2408 enim
701 2371 822 2416 consona
833 2375 854 2405 5
855 2372 952 2406 am‘lae
964 2371 1075 2409 synodo
1085 2394 1096 2410 ,

213 2431 372 2466 omniaque
382 2426 463 2457 illius
477 2423 565 2463 Gesta
575 2423 763 2464 confirmavit
774 2446 781 2454 .
811 2427 851 2454 Ac
867 2419 1013 2464 nobiseum
1029 2418 1098 2463 sen-

213 2479 271 2507 tit.
299 2475 391 2508 Dum
414 2472 526 2507 Xistus
539 2471 689 2506 Eutherii
712 2484 750 2506 ac
773 2470 921 2505 Helladii
944 2469 1097 2514 Appeila-

211 2524 340 2558 tionem
353 2522 498 2563 audiret,
523 2522 558 2555 &
580 2522 693 2556 omnia
712 2522 799 2555 illius
814 2519 932 2565 Capita
951 2522 1098 2557 retrasta-

211 2582 261 2608 ret
273 2596 284 2612 ,
310 2582 424 2606 eorum
435 2573 593 2606 Fautores
606 2572 783 2615 sparserunt
795 2571 993 2605 Pontificem
1013 2569 1098 2604 adeo

212 2622 281 2657 illis
300 2623 407 2656 favere
436 2646 447 2662 ‚
475 2630 512 2655 ut
535 2622 633 2654 etiam
656 2620 803 2654 Nestorii
825 2619 1097 2660 damnationem,

213 2669 354 2716 ideoque
379 2672 412 2705 &
423 2672 535 2705 cuncta
546 2669 698 2713 Ephesini
713 2669 860 2704 Concilii
875 2669 957 2703 Aua
975 2670 1098 2714 impro-

213 2722 325 2763 baret,
352 2721 482 2755 &foret
492 2718 680 2764 propediem
704 2719 999 2755 circumducimus.
1030 2718 1099 2754 Ad-

216 2771 340 2806 debant
362 2770 428 2803 haec
450 2769 509 2803 fibi
531 2770 682 2804 nuntiata
713 2781 767 2813 per
790 2771 930 2804 Litteras
951 2767 1097 2813 Philippi

217 2819 404 2863 Presbyteri
417 2844 428 2860 ,
454 2819 471 2854 a
483 2819 652 2854 Celestino
664 2818 829 2854 Pontifice
842 2820 958 2864 Legati
970 2819 1011 2853 ad
1022 2830 1097 2853 ean·

217 2871 293 2906 dem
306 2868 478 2913 synodum
490 2894 497 2901 .
525 2869 570 2903 Et
581 2867 664 2903 certe
675 2868 785 2903 Xissus
804 2871 867 2904 fuit
879 2869 1035 2905 facilioris
1051 2869 1096 2902 in-

216 2921 324 2967 genii.
353 2918 456 2968 Qod
480 2919 572 2954 enim
594 2917 700 2955 adhuc
722 2919 890 2962 Presbyter
910 2919 1096 2965 pelagianis

218 2970 476 3013 circumscriptus
498 2969 677 3013 aliquando
700 2970 813 3003 faverit
836 2994 847 3011 ,
879 2970 1035 3005 discimus
1054 2981 1096 3004 ex

217 3019 335 3054 litteris
345 3020 452 3053 Sancti
466 3019 664 3065 Augustini.
693 3018 832 3054 Hincin
846 3021 1002 3063 praesentis
1024 3031 1096 3056 exa-

214 3068 320 3104 minis
340 3069 478 3103 exordio
491 3070 586 3114 poffit
596 3069 696 3103 etiam
716 3070 899 3113 cespitasse:
927 3070 1096 3114 Philippus

218 3118 389 3162 Presbyter
401 3118 493 3162 possit
506 3118 590 3153 istud
604 3119 752 3162 scripfiffe
763 3119 803 3154 ad
814 3120 955 3165 aliquem
979 3122 1096 3156 Orien-

219 3168 263 3203 tis
275 3169 474 3212 Episcopum
486 3194 494 3200 .
521 3167 691 3214 Qidquid
703 3170 740 3203 fit
751 3194 761 3210 ‚
788 3170 858 3214 post
870 3171 964 3215 plene
984 3170 1095 3205 audita

219 3218 335 3253 omnia
355 3218 431 3253 tulit
451 3217 573 3261 justum
593 3219 775 3262 Iudicium.
803 3221 959 3256 Notanda
976 3221 1051 3255 sunt
1064 3221 1094 3254 S.

218 3268 342 3312 cyrilli
353 3268 460 3302 verba:
473 3273 583 3306 omnia
591 3270 671 3302 illius
685 3268 772 3308 Gesta
781 3270 966 3312 confirmavit
977 3297 984 3303 .
1013 3271 1093 3304 Non

218 3317 316 3353 Pacis
326 3343 337 3359 ‚
363 3316 417 3352 sed
428 3317 592 3362 Ephefinae
601 3317 727 3362 Synodi
739 3343 745 3349 .
770 3319 940 3367 Qosdam
951 3322 1038 3365 pacis
1050 3332 1094 3354 ar·

219 3368 341 3414 ticulos
352 3368 573 3404 circumduxit
582 3394 589 3402 .
618 3367 781 3412 Ephesina
795 3371 876 3405 Asta
888 3371 1043 3407 fuerant&
1064 3372 1094 3405 S.

319 3417 427 3464 §brist
439 3422 518 3462 Lupi
530 3423 630 3463 Opera
640 3422 673 3452 T.
682 3423 750 3453 VII.

1223 861 1273 890 ex
1290 840 1370 908 fisa
1400 840 1558 911 persona
1588 843 1712 890 intulit
1736 847 1887 893 Irenaeus
1911 877 1924 889 .
1967 838 2040 888 Sed

1226 912 1299 960 haec
1321 948 1333 972 ‚
1376 931 1454 978 quae
1466 911 1674 979 sequuntur
1699 948 1712 972 ,
1747 917 1796 962 ab
1826 935 1863 963 eo
1900 909 2043 960 differ-2

1224 999 1293 1031 non
1324 981 1473 1029 inutilia
1495 1018 1508 1042 ,
1533 984 1637 1046 ficut
1667 996 1798 1030 caetera
1821 1020 1834 1043 ‚
1870 981 2011 1031 credens
2030 1017 2044 1042 ,

1226 1053 1278 1100 ad
1302 1051 1367 1100 hoc
1398 1049 1582 1119 praecipuc}
1620 1051 1793 1115 transtuli
1819 1088 1832 1111 ‚
1868 1068 1909 1097 ut
1941 1051 2046 1099 homo

1184 1130 1186 1132 ’
1222 1122 1406 1187 ,Nestorii
1418 1119 1706 1188 fiquacffmus
1731 1157 1746 1182 ‚
1780 1140 1897 1187 quam
1913 1119 1959 1185 fi
1985 1118 2051 1166 hm

1217 1192 1357 1257 stiliter
1380 1189 1517 1239 habeat
1540 1190 1593 1238 ad
1619 1210 1687 1252 ea,
1723 1207 1802 1257 quae
1827 1195 1866 1239 in
1881 1187 2051 1258 Epistola

1228 1265 1301 1311 lbae
1324 1298 1337 1324 ,
1374 1280 1452 1329 quae
1467 1262 1519 1309 ad
1544 1267 1705 1310 Marim
1730 1259 1889 1327 Persam
1916 1258 2053 1307 cambiis

1220 1331 1305 1400 fiae
1340 1337 1491 1400 regionis
1525 1332 1779 1399 innotescenda
1817 1330 1939 1398 sabla
1970 1329 2018 1393 est
2038 1365 2052 1388 ,

1198 1447 1201 1450 .
1232 1407 1457 1451 continentur
1483 1439 1496 1464 ,
1522 1403 1625 1466 ficut
1665 1407 1726 1449 (9⁴
1753 1403 1796 1451 de
1819 1402 1905 1451 aliis
1917 1399 2053 1466 studiis

1221 1472 1425 1539 firmorum
1448 1471 1623 1541 praedi&
1640 1509 1653 1534 ,
1678 1472 1785 1538 fittis
1808 1488 2018 1542 appareat.

1251 1629 1471 1674 Ompolitores
1481 1655 1491 1671 ,
1519 1627 1650 1673 inquit,
1675 1628 1850 1672 oportebat
1863 1631 1970 1662 revera
1984 1651 1994 1668 ,
2021 1637 2059 1661 ur

1278 1691 1320 1714 ne
1333 1679 1399 1715 hoc
1418 1678 1551 1724 quIdem
1563 1679 1758 1724 praeterirent
1770 1677 1822 1712 isti
1832 1676 2061 1723 Propugna‘to·

1132 1765 1139 1770 ,
1162 1741 1212 1765 res
1234 1729 1377 1765 veritatis
1409 1729 1530 1775 egregii
1554 1755 1565 1771 ‚
1590 1737 1750 1772 quatenus
1783 1729 1931 1764 universa
1952 1753 1963 1769 ‚
1989 1739 2059 1772 quae

1163 1788 1258 1814 erant
1272 1780 1396 1824 agenda
1406 1805 1417 1821 ,
1444 1778 1619 1826 implentes
1630 1803 1642 1820 ,
1659 1778 1883 1814 inconcussam
1896 1778 2059 1821 propriam

1163 1829 1414 1864 Conscientiam
1439 1828 1660 1863 custodirent.
1688 1829 1761 1863 Nec
1783 1829 1874 1863 enim
1885 1827 1962 1862 Rex
1977 1827 2060 1861 Coe—-

1162 1879 1272 1914 lorum
1297 1879 1370 1922 plus
1390 1879 1407 1915 a
1432 1878 1528 1913 nobis
1550 1878 1679 1923 exigit,
1706 1889 1806 1922 quam
1829 1877 2059 1921 Propositum.

1163 1928 1219 1966 Ad
1233 1929 1322 1974 quod
1336 1928 1509 1972 respiciens
1523 1928 1556 1962 &
1567 1927 1677 1962 bravia
1694 1927 1799 1963 donat
1810 1952 1821 1968 ,
1847 1929 1881 1962 &
1894 1927 2060 1962 mercedes

1164 1978 1324 2023 deputat,
1351 1978 1385 2010 &
1415 1977 1520 2022 exigit
1542 1977 1684 2011 ultiones
1703 2001 1710 2008 .
1738 1978 1784 2010 Et
1809 1976 1905 2018 hujus
1925 1976 2062 2017 quidem

1163 2028 1213 2060 rei
1236 2026 1406 2061 Abraham
1428 2024 1614 2060 Patriarcha
1636 2027 1681 2059 est
1694 2025 1800 2060 testis.
1829 2025 1974 2072 Qinec
1989 2025 2062 2059 filio

1163 2074 1210 2110 est
1232 2076 1375 2120 privatus
1386 2076 1419 2109 &
1430 2074 1709 2109 maximamillam
1723 2086 1782 2119 pro
1794 2074 1963 2110 Sacrificio
1980 2085 2064 2110 mer·

1165 2125 1279 2161 cedern
1299 2123 1437 2169 recepit.
1466 2125 1558 2160 Illius
1583 2123 1752 2166 verdine,
1777 2125 2062 2161 cuicreditumta-

1166 2176 1249 2210 lenti
1260 2176 1455 2220 negotium:
1484 2176 1595 2220 Qem
1609 2174 1686 2217 quia
1706 2174 1740 2207 id
1760 2174 1906 2218 neglexit
1917 2184 2062 2210 tantum-

1170 2223 1273 2258 modo
1282 2246 1294 2265 ,
1312 2223 1486 2256 tormentis
1496 2223 1684 2264 deputavit,
1703 2221 1879 2256 ostendens
1890 2223 2061 2266 damnum,

1170 2272 1259 2315 quod
1272 2283 1312 2306 ex
1324 2282 1437 2306 eorum
1451 2295 1462 2311 ‚
1489 2282 1559 2316 quae
1583 2271 1617 2304 in
1630 2270 1727 2306 nobis
1737 2273 1810 2306 sunt
1820 2296 1830 2312 ,
1857 2274 2061 2320 negligentia

1169 2322 1379 2356 sustinemus.
1408 2321 1492 2369 Qae
1518 2321 1570 2356 isti
1591 2321 1667 2356 Deo
1687 2321 1886 2357 Amiciffimi
1909 2324 2059 2359 Pastores

1168 2372 1326 2407 memoria
1347 2371 1544 2412 retinentes,
1571 2372 1627 2416 qui
1651 2372 1684 2405 in
1706 2371 1777 2417 lege
1801 2373 2058 2409 Dominimedi-

1167 2432 1277 2458 tantur
1287 2421 1341 2456 die
1352 2433 1389 2456 ac
1402 2423 1497 2455 noc‘ie
1508 2446 1519 2462 ,
1545 2421 1625 2455 dum
1637 2421 1722 2456 certe
1734 2422 1800 2466 jam
1814 2424 2057 2467 comperissent,

1166 2473 1254 2516 quod
1279 2472 1432 2516 deceptus
1456 2471 1520 2514 jam
1534 2471 1813 2515 Cyrilliversutiis
1828 2496 1838 2512 ‚
1863 2474 1919 2516 qui
1934 2475 2058 2508 Roma-

1165 2534 1212 2556 nae
1232 2522 1383 2557 Ecclefiae
1406 2521 1589 2566 praefidebat
1611 2521 1764 2557 adversus
1790 2523 1936 2558 Nestorii
1950 2526 2057 2568 perso-

1166 2584 1243 2607 nam
1261 2571 1441 2607 calumnias
1458 2572 1608 2614 perversis
1628 2571 1931 2614 reprehensionibus
1941 2585 2056 2619 appro-

1165 2623 1285 2663 basset,
1312 2623 1459 2667 Legatos
1486 2630 1596 2655 tamen
1618 2620 1659 2655 ad
1683 2623 1902 2658 Occidentem
1915 2625 2055 2669 impigre

1164 2672 1353 2707 direxerunt
1374 2696 1385 2713 ,
1414 2671 1666 2716 manifestasque
1690 2674 1836 2707 fecerunt
1863 2672 2054 2717 hujusmodi

1166 2721 1290 2757 fraudes
1301 2734 1370 2767 quae
1390 2721 1425 2755 in
1449 2719 1536 2755 hanc
1548 2723 1675 2756 causam
1687 2722 1787 2757 etiam
1799 2722 1840 2758 de
1852 2724 1974 2758 recenti
1988 2725 2057 2758 fue-

1164 2784 1237 2808 rant
1251 2782 1365 2817 paratae
1375 2797 1382 2804 ,
1413 2772 1493 2805 Hoc
1504 2771 1590 2806 idem
1603 2771 1681 2806 vero
1693 2785 1771 2807 mox
1784 2774 1818 2808 δε
1831 2785 1967 2817 magnus
1974 2775 2053 2808 fecit

1166 2822 1374 2862 Alexander,
1397 2823 1632 2857 accusansillas
1644 2823 1760 2867 impias
1770 2824 1952 2866 pactiones,
1980 2833 2051 2864 quae

1164 2874 1254 2916 super
1275 2873 1339 2907 alia
1361 2871 1543 2918 incongrua
1562 2874 1594 2907 &
1618 2873 1651 2907 in
1676 2873 1741 2906 fide
1753 2872 2050 2907 auxeruntdiscor—

1163 2923 1267 2957 diam.
1300 2922 1382 2956 Non
1395 2921 1500 2957 solum
1515 2922 1537 2954 fi
1552 2922 1683 2966 quidem
1703 2921 1779 2966 quia
1793 2933 1848 2966 per
1859 2933 1895 2957 ea
1907 2946 1918 2963 ,
1930 2921 2049 2967 quibus

1164 2973 1392 3007 interluserunt
1409 2997 1420 3013 ,
1462 2972 1581 3007 foedera
1606 2972 1655 3005 isti
1680 2971 1870 3013 mirabiles,
1905 2972 2049 3007 extint‘Ia

1163 3035 1229 3058 non
1244 3023 1287 3057 est
1301 3022 1521 3058 Orientalium
1533 3030 1643 3056 contra
1660 3021 1863 3067 AEgyptium
1875 3021 1944 3057 rixa
1958 3046 1969 3062 ,
1994 3022 2047 3057 sed

1161 3073 1195 3106 ἅτ
1215 3084 1330 3107 omnes
1354 3083 1469 3107 contra
1491 3072 1633 3105 invicem
1649 3074 1722 3105 sunt
1732 3072 1862 3113 divisae,
1887 3072 2047 3116 praecipue

1162 3124 1309 3157 Orientis
1339 3122 1487 3157 Ecclefiae
1510 3146 1521 3162 ,
1547 3121 1717 3156 occasione
1737 3120 1938 3157 dissensionis
1959 3133 2046 3157 acce-

1163 3182 1214 3218 pta
1238 3173 1280 3207 ab
1291 3171 1351 3207 hac
1374 3173 1439 3207 falfi
1454 3172 1595 3205 nominis
1605 3183 1702 3215 pace.
1728 3171 1832 3220 Qod
1843 3171 2045 3213 autemilla‚

1164 3234 1230 3258 non
1253 3235 1338 3267 pax,
1366 3223 1418 3256 sed
1439 3221 1549 3265 potius
1569 3223 1629 3265 piae
1655 3220 1840 3257 concordiae
1858 3222 2045 3266 dissipatio,

1161 3274 1194 3308 &
1215 3274 1336 3307 cunetis
1360 3274 1477 3318 pugnis
1496 3270 1635 3306 deterior
1646 3273 1762 3313 fuerit,
1788 3271 1953 3307 sufficiunt
1976 3272 2044 3315 qui-

1162 3323 1236 3357 dem
1248 3324 1280 3357 ὅ(
1288 3324 1378 3366 snpra
1391 3322 1504 3365 scripta
1512 3321 1672 3357 declarare
1686 3348 1691 3354 .
1707 3322 1835 3358 Clarius
1846 3322 1921 3357 vero
1932 3320 2044 3357 multis

1165 3374 1228 3418 ipse
1247 3384 1314 3408 sem
1326 3372 1495 3418 praedicat.

1558 3421 1590 3457 A
1619 3434 1637 3458 a
1855 3419 1994 3456 sci-10·
