2320 3730
356 203 448 260 138

280 285 369 325 hunc
391 309 402 327 ‚
435 291 550 317 contra
570 293 669 326 quem
695 282 872 327 postmodo
903 278 1091 316 Nestoriani
1114 284 1166 310 tot

278 333 456 374 horrendas
479 333 684 376 concitarunt
705 332 814 367 turbas
829 356 840 372 ,
865 329 1057 365 articulum:
1083 330 1164 359 Unus

277 383 499 424 &Trinitateest
517 390 696 418 incarnatus
725 385 759 417 (5
776 381 896 424 paffus.
925 377 1076 421 Configit
1097 376 1164 420 pal-

275 446 379 469 mares
400 433 546 469 Nestorii
572 434 745 472 articulos,
771 432 913 467 scribens
936 429 997 463 esse
1011 426 1162 470 Iudaicos

275 495 413 518 errores.
442 485 601 519 Attamen
625 482 665 516 de
676 482 851 516 Theodori
872 479 1007 513 nomine
1032 479 1161 520 penitus

272 535 398 569 tacuit:
426 535 470 568 Et
483 534 663 569 Armenios
676 534 708 566 in
721 533 826 566 Tomi
839 532 903 562 fine
914 527 1092 570 obtestatus
1103 527 1160 569 est,
1185 538 1187 542 ·

272 594 307 619 ut
323 583 460 619 Nicaeno
472 584 631 627 Symbolo
644 607 655 623 ,
682 584 811 626 Magno
826 578 945 612 Basilio
957 601 968 617 ‚
996 577 1160 623 Gregorio

270 634 486 669 Nazianzeno
503 658 513 674 ,
540 635 674 675 aliisque
703 630 850 664 Ecclefiae
872 627 1046 670 Patribus,
1073 627 1156 665 istud

269 684 466 727 Symbolum
488 683 567 719 resse
588 678 869 724 intelligentibus,
896 678 1083 721 constanter
1105 679 1155 712 ad-

268 733 424 768 haererent
444 759 451 766 .
503 735 584 778 Qae
610 730 720 764 omnia
747 728 905 772 implicite
942 727 1083 763 tendunt
1120 730 1153 763 in

266 783 486 818 Theodorum
499 806 506 813 .
535 781 670 814 Proclus
689 780 780 813 enim
802 787 938 814 noverat
959 777 1153 821 Ephefinam

265 833 437 875 Synodum
450 857 461 873 ‚
488 830 563 864 licet
575 829 750 864 Theodori
763 829 958 878 Symbolum
983 830 1155 864 damnave-

265 883 307 921 rit
320 905 331 921 ,
356 881 540 915 abstinuisse
553 879 594 914 ab
607 880 675 924 ejus
687 880 824 918 nomine
840 893 851 913 .·
879 880 936 913 Ab
957 879 1016 922 hac
1028 879 1153 925 dispen-

262 933 387 965 satione
401 931 508 965 noluit
521 931 621 971 etiam
634 931 667 963 in
686 931 744 964 suo
761 930 879 964 Tomo
897 929 1068 972 recedere,
1083 929 1151 966 'aut

258 979 411 1014 scabrofis
426 980 541 1014 Aeacii
555 979 786 1023 quaestionibus
796 981 828 1014 se
839 981 984 1015 miscere.
1000 981 1044 1015 Et
1056 983 1151 1016 suum

258 1029 410 1069 Tomum
424 1041 492 1064 non
508 1029 718 1064 solummodo
729 1031 770 1065 ad
787 1031 963 1066 Armenios
975 1032 1060 1065 misit
1073 1057 1083 1073 ‚
1096 1032 1147 1066 sed

256 1079 355 1115 etiam
368 1079 408 1115 ad
420 1080 583 1123 Joannem
598 1080 789 1123 Antiochiae
803 1080 1041 1124 patriarcham,
1054 1083 1147 1116 alios·

259 1140 323 1173 que
337 1128 525 1165 orientales
545 1130 726 1175 Episcopus
737 1157 745 1170 ,

304 1180 398 1215 Fecit
412 1180 476 1215 hoc
490 1179 535 1214 ob
545 1177 628 1214 dua's
640 1182 750 1215 causas
761 1205 768 1211 .
795 1177 927 1220 Primo,
945 1179 1035 1223 quod
1049 1180 1146 1225 Mop-

256 1230 373 1265 suestia
401 1244 439 1267 ac
462 1231 600 1265 secunda
615 1231 733 1265 Cilicia
749 1231 851 1264 essent
865 1230 898 1263 in
913 1230 971 1270 ista
983 1231 1120 1265 Dioecefi
1134 1256 1146 1275 ,

254 1280 399 1325 ideoque
421 1282 564 1324 Joannes
576 1281 617 1316 de
629 1281 805 1324 Theodoti
819 1280 912 1317 causa
927 1280 1063 1323 haberet
1081 1283 1145 1325 ple-

251 1341 329 1365 nam
349 1328 505 1366 noti'tiam
531 1356 538 1364 .
565 1330 698 1368 Deinde
719 1357 730 1373 ,
756 1332 846 1375 quod
871 1341 925 1376 per
947 1331 1063 1372 Aeacii
1085 1332 1144 1374 Fa-

250 1381 339 1423 &um
351 1392 510 1418 metueret
521 1382 718 1426 turbandam
731 1406 742 1422 ,
755 1392 834 1416 tunc
848 1379 956 1416 adhuc
968 1381 1144 1424 novellam,

253 1429 473 1468 Ecclefiarum
484 1443 595 1476 pacem
606 1457 618 1474 ,
644 1433 785 1477 ideoque
796 1432 921 1476 censuit
932 1432 1001 1465 istis
1014 1432 1142 1474 Episco-

250 1480 300 1524 pis
324 1492 392 1515 non
419 1480 614 1516 irritandum
636 1480 843 1519 stomachum
858 1506 866 1514 .
893 1482 945 1520 Ex
971 1480 1032 1515 hac
1043 1482 1142 1516 etiam

248 1532 343 1565 causa
367 1531 498 1566 forsitan
519 1531 714 1575 dispensavit
728 1532 894 1567 sermones
922 1532 1041 1565 suosin
1056 1530 1142 1574 judi-

247 1579 303 1613 cio
317 1604 327 1620 ‚
353 1579 571 1615 &Theodori
585 1593 708 1616 nomen
721 1582 843 1617 tacuit.
868 1578 917 1635 Fit
929 1581 998 1616 haec
1017 1582 1142 1626 dispen-

250 1629 332 1662 satio
343 1629 463 1673 Joanni
489 1642 526 1664 ac
540 1630 607 1674 ejus
622 1631 794 1675 Episcopis
804 1632 883 1666 fecit
893 1632 1023 1666 animos
1034 1633 1074 1667 ad
1088 1633 1141 1666 de·

247 1678 448 1715 fendendum
470 1678 713 1716 Theodorum.
741 1680 798 1715 Ad
819 1681 1042 1716 invadendum
1055 1682 1139 1716 Rab-

247 1728 359 1764 bulam
371 1754 379 1763 .
408 1730 552 1767 Aeacius
565 1733 654 1765 enim
664 1740 731 1766 erat
745 1740 835 1765 extra
850 1731 986 1776 Joannis
1006 1733 1141 1776 potestate

246 1790 335 1814 tem.
364 1780 499 1822 Tomns
521 1781 670 1816 scribitur
692 1782 787 1823 datus
810 1782 852 1816 ad
877 1784 1032 1824 quintum
1057 1783 1142 1817 deci·

245 1840 337 1863 mum
361 1829 570 1872 Theodosii,
596 1831 631 1873 ὃς
654 1841 805 1873 quartum
830 1830 1050 1874 Consulatum
1071 1831 1139 1866 Va-

245 1879 419 1923 lentiniani
442 1906 449 1913 .
491 1880 547 1914 Est
570 1880 661 1915 istius
683 1879 787 1915 saeculi
813 1890 918 1914 annus
958 1880 1139 1926 trigesimus

249 1930 382 1973 quintus
392 1956 402 1971 ‚
431 1930 464 1965 in
478 1943 546 1975 quo
557 1931 596 1965 ad
610 1931 725 1966 Nonas
740 1929 881 1976 Augusti
895 1932 1056 1975 prodierat
1071 1933 1138 1967 Au-

247 1980 341 2024 gusta
366 1982 419 2014 lex
440 1981 589 2014 adversus
612 1981 806 2015 Nestorium
829 2006 836 2013 .
864 1982 946 2015 Non
975 1982 1139 2018 restabant

247 2029 306 2063 nifi
319 2031 463 2073 quinque
477 2031 600 2072 menses
613 2030 646 2063 in
673 2030 734 2065 isto
747 2041 856 2069 anno,
885 2032 1072 2078 Qomodo
1092 2037 1139 2066 in·

247 2081 341 2115 terim
367 2081 534 2125 potuerint
555 2078 733 2122 Theodori
756 2080 881 2124 Scripta
907 2081 988 2117 verti
1017 2082 1050 2121 in
1077 2082 1136 2121 lin-

246 2141 346 2175 guam
359 2131 525 2174 Syriacam
539 2154 548 2170 ,
577 2129 770 2165 Armeniam
782 2155 791 2170 ‚
808 2131 841 2165 &
855 2129 1014 2164 Persicam
1032 2156 1041 2172 ‚
1056 2132 1136 2176 spar-

245 2181 281 2227 gi
292 2193 348 2225 per
360 2181 434 2215 istas
458 2182 585 2215 Gentes
594 2205 609 2225 ἱ
633 2180 872 2214 fieriRabbulae
895 2180 929 2213 &
953 2180 1139 2226 AcaciiSy·

244 2228 372 2272 nodus,
399 2232 468 2265 fieri
493 2230 555 2264 alia
578 2230 645 2269 sine
662 2230 880 2274 Metropolita
902 2231 1057 2279 Synodus
1076 2232 1137 2266 Ar-

245 2281 434 2316 meniorum
460 2279 660 2321 Antistitum
682 2305 694 2321 ‚
720 2281 828 2315 referri
854 2280 1136 2326 Constantinopo-

245 2333 303 2367 lim
320 2356 330 2372 ,
355 2332 387 2372 &
400 2331 479 2367 hinc
490 2330 618 2373 rescribi
632 2342 685 2374 per
696 2330 948 2369 Patriarchalem
963 2332 1112 2367 Tomum
1125 2357 1136 2374 ,

245 2381 331 2416 certe
343 2393 412 2416 non
423 2381 519 2426 capio
532 2407 539 2414 .
567 2383 610 2415 Et
622 2381 713 2425 supra
726 2380 1018 2420 claruit'Rabbulae
1031 2383 1136 2426 Syno-

244 2431 323 2466 dum
351 2432 443 2466 fuisse
471 2433 589 2467 fastam
613 2441 690 2464 ante
711 2430 1021 2477 Qadragesimam,
1049 2432 1136 2466 idem

245 2493 306 2527 que
317 2493 384 2516 non
400 2481 458 2516 nisi
471 2493 562 2516 anno
573 2481 738 2526 trigesimo
751 2483 843 2515 sexto
858 2505 865 2512 .
892 2480 1052 2515 Permitto
1068 2481 1135 2516 haec

244 2533 316 2566 aliis
338 2532 528 2575 judicanda.
561 2532 614 2566 De
639 2529 701 2565 hac
721 2542 755 2565 re
772 2531 882 2564 scribit
905 2531 945 2564 ad
967 2531 1135 2566 laudatum

244 2582 402 2617 Proclum
422 2582 553 2616 Sanetus
575 2579 740 2622 Cyrillus.
767 2578 920 2614 Affirmat
939 2591 1055 2614 omnes
1068 2582 1135 2616 Ne-

244 2633 338 2667 storii
363 2632 571 2667 verbositates
591 2629 656 2671 jam
684 2630 799 2663 cessare
822 2628 907 2672 apud
929 2630 1133 2670 Orientalem

245 2681 423 2721 Dioecefim
437 2705 448 2721 ‚
473 2680 536 2713 effe
548 2677 618 2712 istic
630 2679 767 2713 multam
781 2679 1051 2720 tranquillitatem
1065 2706 1075 2722 ‚
1101 2682 1134 2715 ὅ(

245 2731 349 2775 ipsam
361 2731 396 2765 in
410 2730 478 2764 dies
488 2729 626 2763 crescere
639 2752 650 2768 ‚
676 2728 710 2762 ὅ(
728 2729 901 2773 adjungit:
929 2734 1022 2764 Nunc
1041 2735 1112 2765 verb
1125 2756 1134 2772 ,

239 2780 312 2824 ficut
323 2780 427 2825 scribit
438 2781 535 2812 adme
547 2783 691 2814 Dominus
707 2791 786 2812 meus
799 2804 809 2818 ,
835 2782 855 2812 5
858 2779 1031 2820 anc‘liffimus
1056 2785 1135 2824 Ept-

242 2831 349 2877 scopus
363 2829 525 2865 Antiocbtae
529 2833 561 2874 J
563 2840 672 2862 oannes
684 2853 694 2868 ,
721 2834 841 2861 initium
852 2832 936 2871 apud
956 2831 1034 2872 ipsos
1061 2834 1133 2866 alte-

247 2894 310 2916 rnus
324 2879 648 2925 tempestatissurrexae't
659 2904 669 2920 ‚
696 2880 729 2913 ὠ·
738 2881 885 2921 plun'mus
909 2880 945 2918 est
960 2887 1047 2913 timor
1059 2907 1070 2922 ,
1096 2895 1133 2917 ne

243 2932 372 2979 forfitan
383 2933 509 2976 quidam
521 2929 669 2972 instabiles
680 2929 830 2971 adprlora
841 2939 1032 2963 revertantur
1045 2957 1050 2963 .
1078 2937 1132 2966 Di-

249 2993 317 3017 cunt
345 2989 425 3029 enm?
465 2980 608 3026 quosdam
629 2981 673 3013 ad
691 2991 831 3023 magnam
852 2981 934 3012 illam
954 2985 1107 3015 civitatem
1122 3008 1132 3023 ‚

251 3032 578 3078 Constantinopolim
598 3055 608 3071 ‚
631 3031 796 3072 perveniffir
817 3054 827 3071 ‚
865 3031 974 3064 deinde
994 3035 1132 3074 interpel-

252 3084 317 3125 laffe
338 3085 475 3124 Piiffimos
509 3083 544 3116 ὦ·
570 3080 821 3122 Christianlffimos
842 3084 1038 3121 Imperatores
1062 3105 1072 3120 ‚
1098 3085 1131 3117 (5·

248 3132 396 3176 postulaffe
404 3142 458 3175 per
470 3136 621 3169 Divinam
641 3142 737 3166 eorum
747 3133 767 3163 5
769 3130 934 3168 andhonem
956 3130 1130 3166 anathema-

253 3187 344 3216 tizari
360 3183 448 3215 libros
461 3182 607 3217 Theodori
626 3180 817 3224 Mopsuestem‘
825 3205 835 3221 ,
860 3177 1015 3223 ipsumque
1030 3194 1129 3215 memo-

254 3239 354 3274 mrum
374 3235 471 3265 virum
493 3260 500 3265 .
528 3236 670 3275 Magnum
695 3234 766 3266 vert}
787 3233 853 3271 ejus
874 3241 977 3266 nomen
1000 3231 1051 3274 effe
1071 3242 1129 3274 per

255 3281 429 3321 Orientem}
454 3282 487 3314 (τ
500 3282 784 3324 mirificarinimium
792 3279 964 3324 conscripta
977 3282 1057 3321 ejus.
1084 3286 1129 3317 Et

250 3330 323 3373 ficut
337 3331 438 3364 dicunt
449 3354 461 3371 ,
485 3330 687 3370 ‚contristantur
700 3341 796 3363 omnes
810 3355 821 3371 ‚
848 3332 929 3374 quod
938 3337 987 3364 vir
998 3331 1100 3365 nobilis
1113 3358 1124 3374 ,

257 3383 290 3418 (θ’
300 3380 457 3424 desanaus
471 3384 504 3418 in
513 3383 709 3418 communtone
720 3381 932 3422 Ecckfimum,
955 3380 1127 3418 anathema-

696 200 1043 249 V'Antonnm
1079 198 1323 242 Palmum
1358 195 1686 258 Burs-rota,

1227 280 1334 310 tizetur
1343 300 1350 311 .
1376 277 1459 313 Haec
1473 279 1620 323 Epistola
1631 293 1701 316 non
1713 282 1758 317 est
1769 282 1881 327 scripta
1906 283 2017 320 statim'
2035 288 2107 331 post

1225 327 1427 364 intelleetum
1440 328 1458 362 a
1468 329 1588 365 Sancto
1603 330 1734 376 Cyrillo
1745 333 1879 375 fastum
1893 333 2050 371 Rabbulae
2073 339 2108 377 δὲ

1224 376 1365 419 Aeacii,
1392 378 1445 412 sed
1469 378 1539 422 post
1561 378 1696 423 aliquod
1719 381 1942 420 intervallum.
1971 387 2106 425 Etenim

1223 438 1255 462 tu
1262 440 1302 463 nc
1312 428 1457 472 Cyrillus
1466 427 1606 465 omnino
1618 428 1775 471 probabat
1787 432 2106 483 anathematismum,

1222 477 1276 521 hic
1291 479 1366 513 vero
1379 480 1506 522 penitus
1517 478 1677 524 improbat
1690 504 1697 512 .
1724 479 1861 519 Interim
1874 482 1931 521 iste
1953 497 2106 529 quorum.

1221 528 1296 563 dam
1309 530 1350 564 ad
1364 528 1551 574 Principem
1571 531 1712 564 accessus
1725 530 1771 567 est
1785 530 1940 565 vetustior
1951 557 1959 565 .
1988 536 2106 572 Existi-

1221 590 1276 613 mo
1287 580 1381 614 fuisse
1394 581 1610 625 Legationem
1624 580 1759 614 Aeacii.
1787 580 1865 627 Erat
1877 580 2105 627 Principino.
2122 589 2137 599 ⁴

1219 628 1355 664 tiffimus
1373 655 1380 662 .
1408 630 1544 665 Etenim
1567 630 1782 670 Chalcedone
1804 642 1914 666 coram
1936 633 2006 676 ipso
2027 646 2106 672 cum

1217 680 1440 721 Orientalium
1467 681 1602 726 Legatis
1623 681 1822 725 disputarat,
1847 683 1882 718 &
1904 684 2014 726 postea
2028 695 2110 726 curn

1218 730 1346 772 Synodi
1369 730 1503 776 Legatis
1521 732 1585 770 suit
1599 731 1802 766 introductus
1825 732 1857 765 in
1871 733 2011 778 Regiam
2025 737 2106 771 civi-

1216 790 1316 813 tatem
1337 804 1348 820 ,
1374 783 1575 817 consecravit
1589 782 1843 824 ‘Maximianum
1876 784 2073 829 Episcopum
2091 810 2103 826 ‚

1214 829 1382 864 &ibidem
1412 831 1561 865 interfuit
1574 843 1641 865 non
1654 832 1793 869 modicae
1813 833 1970 876 Synodo.
1997 835 2107 880 Igitur

1214 881 1350 914 audiens
1373 882 1445 916 suos
1471 882 1653 926 Episcopos
1676 884 1733 916 suo
1756 883 1790 916 in
1802 882 2024 925 Theodorum
2037 884 2106 922 De⁴¹

1213 942 1302 971 creto
1324 933 1547 974 recalcitrare,
1573 933 1609 966 &
1630 932 1799 970 destinasse
1819 935 1963 978 Legatos
1978 935 2019 969 ad
2042 935 2104 969 Pa..

1214 980 1386 1016 triarcham
1399 983 1556 1017 Proclum
1566 1007 1577 1023 ‚
1604 983 1671 1026 ipse
1683 984 1806 1027 legavit
1817 982 1857 1017 ad
1869 986 2106 1027 lmperatorem

1212 1030 1442 1074 Theodosium
1460 1058 1471 1074 ‚
1494 1033 1658 1067 &institit
1673 1034 1767 1066 suum
1781 1032 1954 1068 anathema
1966 1045 2022 1077 per
2033 1034 2104 1069 Au-

1211 1080 1295 1163 ggffi
1311 1081 1437 1124 brachii
1461 1081 1695 1126 authoritatem
1707 1083 1872 1130 roborari.
1900 1083 1944 1125 Et
1966 1084 2101 1126 tandem

1210 1141 1231 1164 ο
1256 1139 1378 1164 tinuit.

1259 1179 1365 1227 Qod
1388 1181 1525 1215 Sanstus
1550 1179 1698 1225 Cyrillus
1719 1179 1879 1221 Rabbulae
1905 1182 2040 1223 Fanum
2063 1184 2102 1224 im

1210 1230 1349 1272 exordio
1367 1230 1463 1273 plene
1474 1230 1661 1274 probaverit
1672 1255 1683 1271 ,
1711 1243 1777 1266 non
1792 1232 1965 1274 permittor
1974 1234 2103 1268 dubita·

1210 1290 1242 1313 re
1253 1304 1261 1314 .
1289 1280 1365 1314 Scio
1384 1280 1479 1314 illum
1490 1279 1690 1324 quandoque
1702 1278 1876 1320 declinasse
1889 1282 1924 1315 in
1934 1281 2100 1326 dispensa-2

1209 1329 1336 1363 tionem
1355 1353 1365 1369 ,
1393 1340 1466 1371 quae
1478 1330 1546 1364 sola
1558 1330 1730 1366 damnaret
1746 1329 1923 1375 dogmata,
1950 1343 2019 1366 non
2031 1344 2101 1377 per-

1209 1380 1323 1412 sonam
1338 1403 1345 1410 .
1375 1377 1468 1419 Nam
1495 1380 1529 1420 ἀ
1543 1380 1577 1419 in
1590 1378 1750 1422 Ephesina
1761 1379 1898 1423 Synodo
1908 1382 2012 1415 fuerat
2023 1384 2102 1420 usus

1209 1429 1267 1462 ista
1285 1427 1484 1469 clementia,
1512 1427 1790 1463 anathematizans
1806 1429 1912 1464 solum
1924 1429 2100 1473 Theodori

1207 1478 1405 1523 Symbolum
1418 1502 1429 1518 ,
1455 1490 1524 1513 non
1537 1480 1705 1522 personam
1717 1503 1725 1512 .
1753 1479 1801 1513 At
1814 1478 1890 1514 dico
1905 1481 2009 1530 ipsum
2034 1491 2099 1517 me*

1205 1529 1264 1563 dio
1275 1539 1424 1573 tempore
1445 1527 1490 1562 fic
1510 1529 1604 1563 fuisse
1616 1529 1829 1572 dispositum,
1855 1542 1925 1565 non
1947 1531 1982 1565 in
2007 1543 2098 1567 exor-

1204 1579 1261 1614 dio
1273 1605 1280 1612 .
1310 1579 1348 1613 ln
1360 1578 1456 1621 istam
1467 1578 1715 1622 dispositionem
1728 1579 1903 1623 postmodo
1924 1581 2098 1618 descendit

1203 1637 1333 1672 propter
1347 1640 1457 1673 preces
1481 1629 1700 1670 quorumdam
1713 1631 1937 1666 Orientalium
1961 1631 2097 1676 Episco-

1204 1690 1319 1722 porum
1331 1704 1338 1712 .
1366 1677 1496 1714 Diserte
1513 1678 1579 1715 hoc
1592 1679 1725 1714 testatur
1737 1679 1925 1721 Patriarcha
1939 1680 2097 1724 loannes,

1203 1730 1237 1772 in
1247 1730 1333 1765 datis
1344 1729 1384 1765 ad
1398 1730 1500 1774 ipsum
1514 1729 1633 1770 litteris
1655 1729 1792 1767 eandem
1817 1731 2095 1777 dispensationem

1202 1779 1438 1821 commendans
1456 1805 1467 1821 ‚
1503 1790 1623 1825 rogans
1643 1780 1767 1815 firmari
1791 1804 1802 1820 ‚
1838 1780 1873 1815 δε
1893 1779 2093 1826 adjungenst

1205 1834 1264 1862 Hoc
1289 1833 1323 1863 ὑ
1335 1838 1387 1862 tua
1401 1829 1583 1873 Religiofitas
1596 1828 1785 1875 dlspensavlt
1799 1831 1902 1872 apert?
1919 1836 1952 1863 in
1964 1837 2094 1870 anterio·

1202 1879 1282 1912 ribus
1300 1881 1415 1913 litteris
1438 1878 1544 1920 vestris
1561 1903 1572 1919 ,
1598 1881 1643 1912 ad
1648 1878 1887 1922 satisfadltonem
1898 1882 2095 1922 quorumdam

1203 1930 1421 1964 Venerabilium
1435 1927 1676 1973 Coepts‘coporum
1689 1929 1851 1970 nostrorum
1864 1955 1871 1962 .
1900 1931 1993 1974 ‚Quod
2002 1932 2036 1965 6·
2047 1936 2095 1973 lp,-

1197 1980 1266 2024 sum
1287 1989 1348 2015 tuae
1365 1986 1491 2015 virtutis
1504 2005 1514 2021 ,
1540 1988 1657 2024 tuaeqqe
1674 1978 1835 2023 sapientiae
1853 1985 2012 2021 proprium
2034 1981 2092 2022 est.

1201 2030 1363 2072 Cyrillum
1384 2031 1492 2069 lucide
1512 2026 1649 2075 laudat,
1674 2029 1764 2072 quod
1785 2029 1901 2073 prioris
1925 2030 2094 2066 sententiar

1201 2081 1340 2123 rigorem
1365 2080 1399 2113 in
1436 2078 1714 2122 dispensationem
1746 2079 1949 2114 transtulerit
1971 2106 1979 2113 .
2005 2080 2092 2116 Hoc

1202 2129 1287 2163 idem
1315 2129 1484 2172 profitetur
1510 2129 1577 2172 ipse
1590 2127 1737 2170 Cyrillus
1759 2129 1793 2162 in
1817 2129 1935 2166 litteris
1945 2131 1985 2164 ad
2008 2130 2092 2165 Aca-

1201 2178 1288 2213 cium
1304 2179 1568 2220 Melitinensem‚
1596 2179 1654 2228 qui
1665 2177 1843 2216 Theodori
1861 2180 1962 2214 etiam
1987 2180 2093 2223 perso-

1201 2241 1275 2263 nam
1291 2242 1358 2263 non
1369 2229 1477 2267 minus
1488 2229 1614 2269 atroci,
1628 2239 1727 2272 quam
1741 2226 1911 2264 Rabbulas
1922 2250 1934 2270 ‚
1958 2227 2089 2264 anathe-

1200 2290 1286 2313 mate
1300 2280 1467 2313 damnarat
1481 2291 1488 2310 z
1515 2279 1630 2322 'Perlegi
1642 2277 1808 2320 Epistolam
1818 2285 1880 2311 tuae
1893 2278 2090 2321 sanffltatis,

1196 2330 1339 2372 scriptam
1356 2332 1401 2362 ad
1420 2328 1700 2368 Reverendlffimum
1723 2326 1904 2370 Episcopum
1927 2328 2089 2363 Antiochia

1194 2384 1223 2425 J
1228 2392 1352 2418 oannem
1375 2404 1385 2419 ‚
1409 2379 1548 2421 p'lurimae
1565 2380 1689 2422 plenam
1709 2377 1896 2420 confidentiae
1913 2401 1925 2418 ,
1944 2376 2030 2419 fimul
2052 2380 2090 2418 φ

1198 2435 1308 2462 amoris
1322 2432 1394 2461 Del.
1421 2427 1528 2470 scripsi
1537 2437 1635 2463 autem
1655 2429 1690 2461 6
1699 2438 1750 2471 ego
1762 2428 1838 2460 tales
1853 2428 1896 2459 ad
1903 2426 1999 2472 ipsum
2010 2431 2090 2471 Ept-

1193 2479 1282 2519 stolas
1297 2503 1308 2520 ,
1332 2478 1388 2522 sed
1404 2504 1414 2519 ,
1442 2488 1476 2512 ut
1494 2479 1640 2521 videtur,
1663 2479 1770 2522 peiora
1793 2474 1940 2512 vincuntss
1969 2477 2089 2521 Confin-

1192 2539 1300 2574 gentes
1322 2535 1402 2566 enlm
1412 2541 1481 2570 quae
1493 2527 1621 2567 Nestorii
1629 2525 1703 2568 sunt
1718 2527 1800 2567 odisse
1816 2550 1826 2565 ‚
1853 2529 1912 2560 alio
1920 2533 2029 2561 iterum
2050 2536 2091 2564 ea<

1197 2581 1386 2613 introducunt
1396 2579 1497 2610 modo:
1526 2578 1608 2618 ,Quae
1620 2574 1763 2607 Theodori
1778 2573 1851 2615 sunt
1873 2578 2060 2611 admlrantes
2073 2603 2084 2619 ,

1197 2631 1318 2664 &certe
1330 2628 1471 2668 aequalem
1484 2650 1495 2665 ,
1522 2631 1618 2668 magzs
1630 2627 1701 2657 verb
1727 2624 1817 2663 mult&
1829 2627 1960 2665 pej⁰rem
1979 2632 2083 2669 impie-

1197 2685 1269 2713 tatis
1294 2677 1428 2710 morbum
1451 2675 1593 2708 habentia
1608 2699 1620 2718 j.
1648 2674 1935 2709 Confidentiffima
1965 2675 2082 2713 Aeacii

1197 2730 1236 2763 ad
1246 2731 1406 2773 Joannem
1418 2725 1562 2770 Epistola
1575 2724 1662 2760 haud
1671 2722 1768 2759 dubie
1781 2725 1959 2768 impetebat
1966 2724 2083 2761 Theo·

1195 2780 1266 2814 dori
1281 2779 1467 2822 personam:
1495 2774 1679 2809 Sustinebat
1697 2774 1811 2808 datum
1835 2775 1869 2812 in
1883 2776 1983 2820 ipsam
2005 2789 2082 2815 ana·

1197 2829 1326 2864 thema.
1354 2829 1397 2862 Et
1420 2825 1567 2869 Cyrillus
1589 2825 1728 2858 affirmat
1750 2826 1780 2859 se
1792 2824 1908 2859 similia
1932 2827 1971 2861 ad
1984 2827 2079 2870 Joan-

1198 2892 1271 2915 nem
1293 2878 1441 2925 scripsisse
1454 2901 1467 2917 ,
1491 2876 1545 2910 sed
1567 2873 1743 2919 postmodo
1764 2874 1935 2910 invaluisse
1946 2877 2074 2920 pejora,

1198 2929 1327 2974 Nempe
1348 2940 1417 2962 non
1441 2937 1482 2960 ex
1504 2926 1595 2967 istis,
1621 2924 1676 2959 sed
1690 2936 1731 2959 ex
1754 2924 1828 2958 aliis
1844 2925 1998 2968 Epistolis
2017 2937 2078 2961 tra-

1195 2981 1306 3016 hentia
1319 2980 1431 3013 ansam
1456 2977 1489 3010 δε
1501 2977 1682 3020 originem:
1711 2975 1763 3009 Ex
1784 2975 1939 3023 Epistolis
1952 2976 2079 3020 dispen-

1193 3032 1351 3067 sationem
1375 3026 1623 3072 indulgentibus
1642 3051 1649 3058 .
2005 3023 2011 3027 ’

1243 3081 1307 3122 His
1314 3078 1403 3115 enirn
1415 3073 1557 3122 Ioannes
1569 3076 1683 3111 abusus
1697 3074 1835 3120 permisit
1849 3078 1922 3110 suos
1936 3077 2074 3120 populos

1193 3133 1332 3167 clamare
1358 3130 1392 3164 in
1413 3126 1584 3164 Ecclesiis:
1613 3124 1730 3169 Crescat
1748 3125 1826 3174 fides
1840 3126 2000 3160 Theodori.
2027 3130 2075 3162 Sic

1191 3184 1336 3217 credimus
1352 3179 1426 3224 ficut
1451 3178 1634 3212 Theodorus.
1661 3177 1742 3211 Haec
1761 3178 1838 3211 sunt
1855 3176 1962 3221 pejora
1989 3177 2072 3218 issa,

1192 3244 1260 3277 quae
1272 3233 1376 3276 palam
1390 3241 1457 3264 non
1473 3238 1606 3272 potuere
1619 3228 1709 3271 sequi
1720 3225 1760 3262 ad
1773 3226 1845 3261 istas
1865 3225 2077 3262 confidentia-³,

1191 3283 1299 3327 plenas
1326 3283 1465 3321 litteras.
1492 3278 1595 3325 Qod
1619 3278 1724 3321 ipsum
1734 3278 1820 3311 lucet
1830 3288 1872 3315 ex
1885 3277 2006 3320 Cyrilli
2020 3278 2073 3310 lit-·

1191 3333 1266 3368 teris
1286 3332 1327 3366 ad
1352 3332 1557 3373 Lamponem
1577 3328 1801 3370 Presbyterum
1814 3351 1821 3358 .
1850 3325 2003 3361 Affirmat
2022 3328 2069 3360 O-

1190 3383 1373 3430 rientalium
1385 3380 1617 3425 Episcoporum
1627 3379 1644 3413 a
1655 3376 1897 3414 Nestoriilibris
1904 3375 2067 3459 adfbeo-

1965 3435 2014 3459 ort
