2320 3730
587 167 898 224 Senotits,
935 180 997 210 ετ
1023 137 1236 210 &ons
1270 174 1668 209 ILLUSTR'AJAE,

1846 181 1961 218 ,129

196 250 422 299 Apocrisarios
437 273 450 291 ‚
488 257 565 283 eum
588 248 732 295 appellat
768 251 944 285 veneranda
970 253 1081 285 canitie
1149 247 1211 281 bris
1233 246 1419 289 &Epistola
1439 246 1543 286 nostris
1565 255 1774 292 continentur,
1800 251 2030 293 &insistendum

196 304 380 348 &singulari
395 305 512 342 pietate
523 304 626 333 virum
641 326 649 333 .

216 378 218 380 -
247 349 364 388 Tertio
385 350 566 391 discimus,
593 351 683 395 quod
707 350 850 387 Aeacius
880 349 1082 386 Arianotum

196 413 343 446 tempore
355 402 452 436 fuerit
466 401 641 436 Confesior
653 427 661 434 .
690 401 826 437 Etenim
848 402 957 436 SanOti
971 399 1083 434 Eusta-

196 453 259 492 tii,
284 462 341 486 aut
359 451 429 494 ejus
449 452 483 485 in
496 450 713 487 Antiochena
738 449 903 487 Cathedra
923 450 1086 484 Successo-

195 513 271 538 rum
289 503 353 536 fuit
376 501 596 536 Orthodoxus
618 501 809 537 Monachus
829 525 841 541 ,
867 501 901 534 &
924 499 942 532 ὲ
966 499 1086 532 Saneto

196 551 343 587 Eusebio
369 552 586 587 Samosatensi
615 552 777 596 Episcopo
801 575 812 591 ‚
838 549 1019 585 devastatas
1046 545 1087 582 ab

195 603 334 638 Arianis
348 602 508 637 Ecclefias
532 602 566 636 in
581 602 715 637 militari
737 600 853 636 habitu
877 600 1027 634 visitante
1050 609 1087 632 ac

197 663 368 697 reparante
381 676 393 693 ‚
419 653 484 687 fuit
497 651 745 688 consecratusin
756 651 957 696 Episcopum
970 673 981 689 ,
1001 648 1088 684 ideo·

196 715 263 748 que
288 703 308 737 ὲ
330 702 535 738 Constantio
556 715 593 738 ac
615 702 780 742 Valente,
807 700 941 735 Arianis
953 700 1089 744 Impera-

197 753 348 795 toribus,
375 764 444 789 non
465 753 561 798 poffit
585 763 654 786 non
677 753 741 786 esse
763 752 844 787 dura
868 753 997 796 passus.
1027 749 1090 783 Ista

198 803 363 844 vifitatio,
390 803 540 847 adeoque
565 803 598 836 &
623 802 692 846 ejus
716 803 924 837 consecratio
946 800 1090 845 contigit

199 854 242 888 ad
253 865 380 888 annum
391 851 661 897 septuagesimum
674 855 825 888 ostavum
838 853 946 898 quarti
963 851 1068 886 saeculi
1083 875 1089 882 .

197 903 306 951 Qod
326 902 570 947 quinquaginta
589 905 664 938 οξὶο
684 915 792 939 annos
805 904 986 947 Episcopus
1005 901 1092 934 vixe-

198 955 263 995 rit,
288 954 354 998 jam
371 951 579 988 audivimus-
606 953 754 989 Proinde
776 953 862 989 obiit
875 964 966 988 anno
988 952 1092 996 trige-

198 1004 281 1038 simo
302 1005 396 1038 sexto
417 1003 528 1047 quinti
545 1003 652 1037 saeculi
666 1028 673 1036 .
701 1004 743 1038 Ei
757 1003 903 1038 succeffit
925 1001 1092 1036 Theosti-

198 1055 292 1094 Rus,
317 1054 359 1087 ad
378 1063 477 1096 quem
494 1051 625 1086 exstant
645 1053 719 1087 duae
729 1052 942 1089 Theodoreti
956 1052 1092 1096 Episto-

196 1103 237 1137 OEae
249 1127 256 1134 .
283 1101 395 1143 Hujus
416 1101 521 1135 saeculi
533 1113 626 1136 anno
649 1103 819 1148 trigesimo
833 1104 941 1148 primo
953 1100 1092 1137 habebat

196 1163 307 1187 annos
327 1162 463 1186 centum
484 1152 518 1186 δε
539 1152 669 1187 decem.
701 1153 848 1188 Proinde
869 1153 1015 1188 moriens
1038 1151 1093 1186 ha-

197 1201 274 1237 buit
294 1210 431 1236 centum
451 1202 706 1246 &quindecim.
737 1203 843 1251 Qod
865 1204 924 1238 sub
949 1203 1093 1237 Valente

198 1252 402 1297 Imperatore
421 1252 519 1286 fuerit
537 1252 618 1287 dura
640 1254 745 1295 passus
759 1277 771 1293 ,
797 1252 1033 1287 Theodoretus
1048 1251 1094 1285 di-

198 1301 283 1337 serte
294 1301 405 1336 scribit
427 1302 462 1335 in
476 1302 631 1346 religiosa
644 1302 795 1338 Historia
807 1327 815 1335 .

250 1352 381 1398 Qarto
400 1351 558 1386 discimus
580 1376 591 1393 ‚
618 1353 710 1395 quod
740 1353 847 1396 ipsum
870 1352 958 1388 circa
985 1351 1094 1387 Sanffi

201 1400 325 1446 Cyrilli
337 1401 494 1445 Capitula
505 1402 686 1444 Imperator
694 1401 906 1438 Theodosius
926 1402 1096 1438 consulue·

202 1453 269 1492 rit,
292 1451 382 1496 quod
407 1451 475 1494 ejus
497 1450 662 1493 judicium
686 1453 815 1487 secutus
829 1453 995 1496 Cyrillum
1017 1462 1097 1487 tunc

201 1501 365 1538 censuerit
385 1500 611 1542 Haereticum,
639 1502 731 1545 quod
754 1503 823 1545 ejus
846 1503 865 1537 a
886 1504 1015 1547 Joanne
1027 1501 1098 1536 An-

201 1550 365 1589 tiocheno
390 1559 585 1586 attentatam
619 1551 890 1596 degradationem
918 1554 1095 1587 firmaverit

200 1614 260 1648 per
290 1604 421 1638 Sacram
442 1601 624 1646 Juffionem
644 1623 656 1640 ,
681 1603 898 1638 transmissam
925 1603 966 1637 ad
987 1605 1096 1645 Syno-

199 1652 285 1688 dum
304 1675 316 1694 ‚
352 1651 387 1687 δε
407 1651 600 1686 executioni
627 1651 819 1687 mandatam
847 1664 903 1698 per
925 1653 1091 1696 Joannem

202 1702 375 1739 Comitem
396 1703 566 1737 Sacrarum
588 1702 845 1747 Largitionum.
874 1704 969 1738 Sacra
993 1703 1094 1746 Juffio

202 1753 306 1788 habet
329 1765 337 1785 :
365 1755 405 1785 Ut
426 1752 579 1786 sane‘litas
604 1753 703 1794 vestra
726 1766 785 1787 non
806 1754 891 1787 modo
911 1762 970 1795 per
992 1753 1095 1793 nostrae

203 1807 337 1838 Pietatis
348 1803 469 1837 litteras
480 1807 608 1837 incitata
620 1804 664 1836 ad
673 1805 856 1838 concordiam
865 1802 979 1846 [pedet
993 1827 1003 1843 ,
1029 1809 1092 1836 uni-

203 1852 409 1898 versalemque
419 1859 466 1895 pii
477 1854 628 1896 dogmatis
638 1861 746 1894 pacem
758 1877 770 1893 ,
796 1859 889 1888 etiam
901 1858 1000 1886 Acacii
1013 1856 1096 1886 Ber-

204 1902 378 1944 rbaeenfium
389 1904 530 1945 Episcopi
553 1902 660 1935 lee‘lam
683 1905 704 1936 ῐι
727 1903 810 1936 nobis
821 1902 1008 1945 Epistolam,
1035 1913 1097 1945 qua

205 1955 289 1988 idem
303 1951 415 1996 suadet
440 1976 452 1992 ,
477 1952 523 1985 ad
545 1963 600 1985 vos
625 1952 754 1994 misimus
776 1977 783 1984 .
811 1957 868 1986 Hie
890 1964 954 1986 cum
973 1961 1098 1994 propter

206 2012 374 2039 extremam
380 2000 559 2044 senellutem
571 2001 749 2042 sanfflffimo
762 2002 857 2042 vestro
868 2004 997 2036 Concilio
1006 2002 1098 2045 adesse

205 2052 389 2097 nonpoffet,
415 2063 450 2086 ea
467 2059 525 2094 per
544 2052 666 2085 litteras
686 2051 833 2095 consuluit
851 2076 863 2092 ,
890 2064 959 2093 quae
981 2054 1016 2084 ts·
1033 2058 1099 2092 pie-

205 2113 302 2139 tatem
323 2101 412 2145 ipsius
433 2103 554 2142 decent,
581 2101 811 2138 &orthodoxae
829 2102 964 2145 religioni
991 2102 1098 2134 condu-

205 2162 278 2189 cunt
300 2178 307 2184 .
333 2150 544 2187 Theodosius
567 2161 637 2186 erat
660 2152 857 2186 tardiffimus
878 2152 920 2186 ad
943 2151 1099 2196 legendas

205 2201 371 2248 Epistulas
392 2226 403 2242 ,
429 2211 487 2237 aut
508 2200 572 2236 alia
593 2201 719 2245 Scripta
744 2227 752 2234 .
780 2203 871 2237 Nam
891 2202 1100 2246 quibuscum-

207 2265 274 2300 que
293 2254 425 2286 suorum
446 2251 698 2286 Secretatiorum
725 2252 863 2296 Scriptis
890 2253 1004 2296 paffim
1030 2252 1100 2286 sub-

207 2302 367 2339 scribebat
380 2303 447 2336 sine
469 2302 641 2341 examine,
669 2301 774 2336 immo
796 2302 908 2337 &sine
931 2303 1104 2347 inspestio-

209 2366 272 2389 ne.
302 2350 437 2386 Ethinc
448 2363 517 2386 non
526 2350 600 2386 raro
612 2352 677 2386 fuit
688 2352 968 2397 circumscriptus.
997 2350 1101 2387 Porro

209 2404 267 2439 hic
291 2403 431 2437 affirmat
450 2402 566 2435 Aeacii
579 2402 719 2437 Litteras
738 2402 757 2435 a
770 2405 802 2437 se
814 2415 883 2437 non
906 2414 962 2446 per
972 2402 1076 2437 alium
1093 2425 1103 2441 ,

211 2454 268 2489 sed
294 2463 351 2495 per
373 2452 581 2493 semetipsum
602 2451 696 2483 fuisse
715 2451 810 2485 lestas
831 2475 839 2483 .
866 2451 932 2485 Eas
951 2452 1035 2486 tanti
1057 2451 1102 2485 fa-

212 2501 321 2538 ciebat
333 2525 340 2533 .

264 2547 398 2598 Qinto
418 2548 597 2588 discimus,
624 2549 715 2590 quod
738 2550 772 2584 ὅ(
794 2549 829 2584 in
850 2549 917 2593 ipsa
938 2550 1101 2587 discordia

213 2613 284 2636 non
307 2597 520 2634 solummodo
543 2600 679 2632 Sanctus
702 2598 870 2642 Cyrillus,
899 2599 952 2633 sed
979 2602 1013 2635 &
1033 2602 1101 2645 ipsa

213 2650 411 2695 Apostolica
430 2649 529 2684 Sedes
551 2648 592 2682 ad
612 2659 690 2683 eum
711 2673 722 2689 ,
751 2648 829 2683 licet
851 2648 991 2684 adversae
1017 2651 1100 2694 parti

213 2701 382 2738 addictum
405 2725 416 2741 ,
441 2699 598 2743 scripserit
619 2711 627 2730 ε
656 2699 701 2732 Et
720 2699 857 2742 quidem
881 2711 959 2735 cum
981 2712 1102 2746 magna

214 2751 430 2786 veneratione
452 2746 466 2782 ”.
507 2749 623 2783 Exstat
647 2750 756 2785 Sanffl
777 2750 899 2793 Cyrilli
926 2750 967 2784 ad
994 2752 1100 2795 ipsum

214 2801 366 2846 Epistola
379 2825 389 2840 ,
417 2811 482 2843 qua
493 2800 523 2833 ei
532 2799 672 2842 exponit
686 2801 804 2844 primas
816 2801 961 2835 Nestorii
974 2812 1012 2835 ac
1024 2802 1102 2837 Do·

215 2851 325 2887 rothei
348 2848 701 2885 Martiano-politam
723 2851 877 2896 Episcopi
897 2852 931 2885 in
953 2853 1102 2887 Sandiam

216 2902 393 2947 Virginem
417 2899 648 2944 blasphemias:
680 2901 837 2938 Attamen
862 2903 918 2937 ille
930 2912 1011 2937 tunc
1030 2915 1103 2938 nec-

217 2953 298 2988 dum
320 2962 388 2986 erat
411 2951 533 2995 positus
561 2951 594 2983 in
617 2950 777 2987 discordia
798 2978 806 2987 .
832 2954 947 3000 Qare
969 2954 1103 2997 praesens

217 3002 334 3036 titulus
352 3000 462 3036 laudat
484 3001 565 3035 alias
585 3000 744 3042 Litteras,
771 3003 812 3038 de
834 3003 955 3048 quibus
967 3005 1103 3039 Sanetus

218 3051 371 3094 Cyrillus
391 3052 511 3095 scripfit
534 3051 575 3085 ad
600 3053 750 3095 praefatos
770 3054 843 3088 suos
855 3054 1103 3099 Apocrisarios:

220 3105 252 3134 E
252 3113 291 3144 go
295 3098 353 3144 fcio
375 3112 420 3135 me
427 3100 580 3144 scripfiffe,
613 3106 750 3136 Acacium
772 3103 1000 3148 Berrbaeensem
1026 3109 1101 3148 Epi·

216 3150 337 3195 scopum
351 3175 361 3190 ,
389 3154 566 3184 veneranda
589 3157 694 3187 canitie
714 3155 748 3188 (ν
755 3153 897 3199 singulari
914 3161 1030 3198 pietate
1055 3161 1104 3189 vi·

220 3212 307 3240 rum,
334 3200 464 3244 impulsu
491 3204 685 3243 quorumdam
705 3205 979 3249 Religiqliffimorum
1000 3211 1103 3240 Orien·

222 3254 329 3285 talium
353 3249 564 3294 Episcoporum
589 3253 633 3285 ad
649 3265 695 3287 me
714 3256 832 3289 litteras
853 3255 950 3300 mififfe
970 3266 1025 3299 per
1046 3260 1105 3290 Do-

220 3307 335 3335 minum
346 3313 442 3335 meum
454 3302 766 3346 Magnificentiffimum
780 3307 950 3347 aristolaum
966 3332 977 3348 ‚
999 3308 1105 3350 quibus

214 3351 403 3397 fignifieabat
420 3352 624 3387 oblitteranda
650 3354 702 3397 effe
721 3361 819 3390 omma
830 3381 842 3397 ‚
867 3369 1056 3401 quaecumque
1074 3359 1106 3392 li-

1146 303 1198 331 um·
1222 299 1356 336 symbolo
1376 323 1386 338 ,
1423 300 1506 339 quod
1522 304 1556 331 in
1579 300 1691 331 sanila
1717 303 1823 337 synodo
1843 307 1974 337 Nicaena
1995 303 2033 343 est

1148 351 1261 383 editum
1286 374 1292 381 .
1319 352 1386 395 Ego
1412 352 1484 382 vero
1505 351 1551 382 ad
1574 348 1638 382 baec
1661 351 1849 392 longzffimam
1884 361 1910 387 ei
1933 353 2037 396 Jeripfi

1146 399 1309 440 Epistolam
1320 426 1327 434 .
1355 400 1496 444 Joannes
1507 399 1741 434 Antiochenus
1753 425 1763 440 ‚
1775 400 1853 434 dum
1865 414 1905 436 ex
1916 404 2034 438 Theo-

1147 449 1229 483 dosii
1253 451 1457 494 Imperatoris
1483 452 1565 494 jussu
1593 451 1775 496 cogebatur
1810 462 1886 484 cum
1913 454 2034 488 Sancto

1149 499 1281 544 Cyrillo
1303 513 1416 545 pacem
1438 502 1543 542 inire,
1572 503 1665 537 ausus
1678 514 1747 536 non
1767 501 1831 535 fuit
1848 501 1983 543 ipsemet
1993 503 2034 537 ad

1149 549 1314 592 Cyrillum
1343 552 1479 587 scribere
1507 564 1514 584 :
1543 551 1638 586 Hinc
1666 553 1742 586 usus
1768 553 1814 586 est
1835 551 2037 586 mediatione

1151 598 1268 634 Acacii
1292 626 1299 633 .
1326 602 1371 637 Et
1397 602 1544 646 cyrillus
1570 603 1611 637 ad
1630 603 1736 646 ipsum
1756 627 1766 643 ‚
1795 601 1872 636 licet
1896 603 2037 637 necdum

1150 650 1232 684 facia
1255 661 1334 693 pace
1357 677 1367 691 ,
1401 653 1557 697 rescripsit
1585 653 1830 698 benignissimas
1853 652 2037 696 Epistolas.

1153 700 1196 733 Et
1220 711 1296 735 cum
1317 712 1438 745 magna
1471 705 1648 738 reverentia
1669 729 1677 737 .
1710 704 1864 747 Utraque
1893 701 2041 745 Epistola

1152 749 1258 785 exstat
1269 751 1304 784 in
1316 748 1382 784 hoc
1396 752 1572 787 Caffinensi
1594 754 1721 790 Codice
1736 778 1744 787 .
1773 755 1816 787 Et
1830 754 1915 797 ipsas
1927 752 2041 787 laudat

1153 801 1286 843 praesens
1306 800 1421 836 titulus
1444 826 1452 834 .
1484 801 1588 836 Addit
1608 803 1727 839 similes
1749 803 1878 849 scriptas
1901 804 2002 839 etiam
2023 802 2043 837 ὸ,

1154 850 1237 885 Sede
1262 850 1459 895 Apostolica
1472 875 1479 882 .

1206 901 1351 935 Praesens
1375 900 1525 944 Epistola
1548 900 1594 934 est
1618 903 1732 945 scripta
1754 905 1797 940 ad
1811 903 2043 939 Alexandrum

1154 950 1376 994 Hierapoleos
1389 951 1588 995 Episcopum
1601 976 1612 992 ‚
1633 952 1887 995 Metropolitam
1900 952 2046 998 Euphra-

1155 1001 1236 1036 tefiae
1259 1001 1446 1036 Provinciae
1471 1015 1482 1034 .·
1521 1002 1605 1036 Non
1641 1002 1684 1036 ad
1708 1001 1938 1039 Alexandrum
1963 1005 2048 1047 Apa-

1157 1053 1323 1086 meensem
1347 1077 1358 1092 ,
1384 1051 1642 1096 Metropolitarn
1666 1051 1813 1086 secundae
1834 1053 1932 1094 Syriae
1953 1078 1960 1086 .
1989 1054 2050 1088 Ille

1157 1102 1247 1137 enirn
1259 1101 1321 1137 fuit
1336 1102 1440 1148 longe
1451 1102 1636 1137 durissimus
1647 1101 1680 1135 in
1692 1102 1849 1136 Sanstum
1861 1103 2025 1144 Cyrillum
2038 1127 2050 1144 ‚

1158 1164 1195 1186 ac
1217 1153 1252 1186 in
1267 1165 1403 1188 omnem
1423 1165 1500 1187 cum
1524 1154 1596 1196 ipso
1610 1164 1724 1198 pacem
1738 1177 1750 1193 ,
1777 1152 1879 1195 &per
1890 1151 2051 1186 Theodo-

1158 1212 1265 1237 tetum
1288 1203 1352 1237 fuit
1374 1204 1516 1238 multum
1538 1203 1709 1238 familiaris
1733 1203 1882 1237 Acacio.
1911 1202 2053 1236 Etinter

1159 1252 1340 1297 Episcopos
1353 1278 1364 1294 ,
1394 1254 1567 1296 dequibus
1581 1254 1732 1299 Epistola
1753 1253 1884 1292 scribit,
1909 1252 1954 1287 est
1966 1251 2055 1296 Apa-

1159 1303 1295 1337 meensis
1318 1303 1513 1339 Alexander
1532 1330 1539 1337 .
1567 1305 1649 1349 Ejus
1673 1305 1805 1348 Scriptae
1824 1313 1953 1347 tempus
1972 1303 2056 1337 disci

1160 1353 1256 1396 poffit
1279 1365 1322 1387 ex
1346 1353 1556 1390 Theodoreti
1570 1379 1581 1395 ‚
1607 1355 1694 1400 apud
1719 1354 1866 1389 Marium
1889 1355 2057 1388 Mercato-

1160 1414 1228 1437 tem
1262 1404 1414 1440 exstante
1438 1430 1450 1446 ,
1487 1404 1638 1440 exstante
1666 1406 1747 1440 item
1770 1406 1806 1440 in
1828 1403 1894 1439 hoc
1914 1404 2056 1445 codice,

1161 1453 1308 1496 Epistola
1346 1455 1388 1490 ad
1424 1457 1595 1492 Andream
1633 1457 1893 1491 Samosatensem
1921 1455 2056 1498 Episco-

1162 1515 1241 1547 pum
1267 1518 1278 1538 .-
1315 1505 1502 1540 ΝιιΙΙατεηιὶι
1534 1507 1648 1540 violare
1669 1504 1854 1552 acquieftam
1875 1515 2056 1538 communem

1158 1556 1389 1595 promissionem,
1419 1568 1488 1599 quae
1511 1562 1545 1589 in
1569 1555 1680 1600 Tbarso
1694 1581 1705 1596 ,
1733 1558 1768 1590 (θ’
1788 1555 1995 1594 Chalcedone,
2021 1555 2057 1587 Θ·

1162 1603 1282 1647 Epheso
1292 1604 1385 1646 fac‘la
1397 1606 1453 1646 est.
1482 1610 1623 1640 Meminit
1647 1611 1727 1639 enim
1753 1607 1895 1648 Ioannes
1919 1604 2058 1636 Patriar-

1161 1652 1224 1687 cha
1250 1656 1285 1688 (at
1306 1666 1404 1688 eorum
1425 1678 1437 1694 ‚
1462 1667 1528 1698 quae
1553 1664 1647 1697 nuper
1672 1656 1759 1696 apud
1786 1653 1976 1687 Antiochiam
1995 1651 2058 1694 post

1162 1703 1290 1744 nostrum
1323 1705 1480 1748 regressum
1508 1707 1529 1738 ἆ
1551 1705 1636 1738 nobis
1658 1703 1743 1747 sape*
1768 1706 1943 1746 deprompta
1966 1702 2057 1746 sunt.

1164 1754 1293 1788 Omnes
1303 1754 1426 1789 factiosi
1448 1755 1603 1799 Episcopi
1621 1754 1753 1799 Epheso
1774 1753 2058 1793 &Chalcedone,

1163 1804 1273 1838 nescio
1296 1804 1354 1838 ubi
1370 1806 1401 1839 se
1423 1816 1664 1850 congregantes
1679 1830 1689 1846 ‚
1717 1805 1812 1839 simul
1838 1805 2059 1848 processerunt

1162 1852 1332 1886 Tharsum
1348 1867 1359 1886 .·
1386 1854 1516 1888 Etistic
1540 1856 1628 1888 suam
1642 1854 1906 1897 conjurationem
1920 1854 2058 1888 innova-

1164 1912 1240 1936 runt
1266 1902 1301 1936 &
1315 1903 1567 1937 confirmarunt.
1597 1904 1747 1952 Qidam
1761 1915 1840 1938 tunc
1852 1902 1893 1938 ad
1907 1904 2061 1947 propria,

1163 1952 1300 1996 quidam
1317 1965 1394 1987 cum
1417 1954 1545 1996 Joanne
1564 1954 1718 1988 abierunt
1746 1954 1985 1988 Antiochiam.
2015 1955 2060 1987 Et

1164 2002 1243 2043 alii,
1269 2002 1327 2046 qui
1349 2002 1467 2046 Ephesi
1494 2015 1564 2037 non
1586 2005 1742 2042 fuerant,
1767 2005 1965 2037 accesserunt
1979 2028 1986 2035 .
2016 2004 2061 2037 Et

1163 2053 1340 2088 tractarunt
1355 2053 1457 2086 varia.
1482 2052 1525 2086 Et
1538 2053 1614 2087 inde
1628 2054 1848 2096 processerunt
1861 2052 2041 2087 Berrhaeam
2053 2078 2065 2094 ‚

1163 2100 1205 2135 de
1224 2101 1381 2136 omnibus
1409 2102 1594 2138 instrusturi
1622 2103 1788 2139 Acacium
1811 2127 1822 2143 ‚
1858 2105 1892 2138 δε
1918 2103 2063 2138 audituri

1164 2151 1230 2194 ejus
1252 2153 1385 2186 oracula
1413 2178 1420 2186 .
1450 2153 1561 2189 Etiam
1598 2153 1670 2188 istic
1693 2156 1842 2189 fecerunt
1865 2154 2062 2199 Synodum.

1167 2203 1209 2235 Et
1220 2213 1261 2236 ex
1285 2202 1347 2236 hac
1368 2203 1498 2237 videtur
1523 2206 1585 2238 esse
1609 2204 1727 2247 scripta
1745 2207 1882 2248 praesens
1894 2205 2042 2248 Epistola
2056 2230 2063 2237 .

1168 2253 1210 2287 Et
1223 2264 1278 2296 per
1295 2252 1396 2296 ipsam
1412 2252 1556 2288 Aeacius
1579 2253 1773 2289 Alexandro
1796 2256 1893 2289 refert
1913 2256 1969 2289 sua
1990 2255 2063 2291 istic

1167 2302 1313 2341 Audita,
1338 2303 1438 2337 Sensa
1460 2328 1471 2343 ‚
1498 2303 1641 2338 &Asta

1217 2353 1299 2387 Haec
1316 2353 1414 2388 verba
1427 2377 1438 2393 ,
1465 2353 1646 2398 PrIusquam
1662 2360 1777 2389 evocati
1787 2354 1861 2399 sunt
1872 2354 1912 2389 ab
1935 2359 2065 2397 Impera·

1165 2412 1226 2437 tore
1247 2426 1259 2442 ,
1286 2404 1466 2445 respiciunt
1489 2405 1719 2439 evocationem
1744 2431 1754 2446 ,
1781 2416 1844 2448 qua
1880 2407 2063 2449 Imperator

1166 2450 1377 2484 Theodosius
1389 2453 1558 2496 utriusque
1572 2454 1671 2496 partis
1683 2455 1830 2499 Legatos
1845 2453 1975 2497 Epheso
1987 2465 2066 2488 evo·

1166 2502 1252 2537 cavit
1263 2501 1598 2547 Constantinopolim
1615 2529 1622 2535 .
1655 2503 1747 2538 Ante
1759 2505 1860 2547 ipsam
1871 2505 1963 2538 enim
1974 2503 2066 2538 dam·

1168 2560 1262 2585 natus
1284 2550 1330 2584 est
1355 2551 1554 2592 Nestorius,
1581 2553 1715 2587 admissa
1729 2555 1803 2587 sunt
1814 2553 2063 2597 SanstiCyrilli

1166 2600 1344 2644 Capitula,
1371 2600 1547 2637 damnatus
1572 2602 1617 2636 est
1642 2605 1786 2647 Joannes
1808 2603 2062 2646 Antiochenus,

1166 2649 1318 2696 Synodus
1340 2651 1498 2694 reparavit
1526 2652 1693 2696 Cyrillum
1708 2678 1718 2694 ,
1746 2654 1811 2697 ipsa
1826 2656 1965 2698 perrexit
1977 2666 2065 2698 pera-

1165 2712 1241 2746 gere
1264 2701 1389 2736 Divina
1415 2727 1426 2742 ,
1453 2702 1486 2736 ὅς
1512 2702 1648 2737 definita
1677 2704 1750 2738 sunt
1771 2704 1956 2738 istiusmodi
1979 2705 2063 2739 alia:

1167 2754 1248 2786 Haec
1260 2752 1404 2786 Aeacius
1415 2753 1551 2787 affirmat
1564 2755 1627 2788 esse
1637 2754 2065 2790 concinnationesDiaboli.

1167 2803 1247 2837 Haec
1263 2801 1360 2836 verba
1372 2827 1383 2843 ,
1411 2806 1492 2836 Dum
1513 2810 1612 2837 omnia
1630 2809 1796 2846 Imperator
1815 2816 1882 2838 cum
1906 2807 2066 2839 Orientali-

1167 2853 1218 2886 bus
1235 2852 1363 2896 sentiret
1388 2865 1424 2886 ac
1446 2854 1573 2894 diceret,
1599 2855 1736 2889 laudant
1760 2856 1902 2899 primurn
1924 2855 2066 2899 Legato-

1167 2914 1241 2938 rum
1263 2915 1341 2937 cum
1364 2902 1563 2947 Imperatore
1585 2906 1792 2949 colloquium
1807 2929 1817 2945 ,
1846 2905 1880 2938 in
1900 2916 1968 2947 quo
1983 2905 2066 2939 Aca-

1168 2953 1237 2987 cius
1251 2953 1471 2988 Melitinensis
1483 2956 1664 2999 Episcopus
1676 2956 1931 2998 dixitpaffibilem
1954 2958 2062 2988 Deita-

1167 3014 1227 3038 tem
1238 3029 1248 3044 ‚
1274 3015 1373 3046 atque
1384 3005 1430 3040 ita
1442 3006 1629 3050 Principem
1647 3005 1776 3050 penitus
1786 3004 1969 3040 alienavit&
1981 3007 2060 3039 San·

1168 3055 1210 3089 ἐῖἰ
1237 3054 1357 3098 Cyrilli
1383 3056 1548 3099 Capitulis
1570 3057 1603 3090 ὃς
1625 3054 1741 3096 Astis,
1769 3057 1803 3090 δε
1820 3054 1998 3099 plurimum
2011 3056 2066 3089 in-

1156 3105 1304 3156 *clinavit
1315 3106 1349 3139 in
1365 3107 1510 3141 savorem
1533 3105 1754 3140 Orientalium
1765 3131 1772 3138 .
1801 3107 1851 3140 lta
1862 3106 1954 3151 supra
1967 3106 2059 3140 audi-

1169 3157 1274 3189 vimus
1286 3168 1326 3189 ex
1341 3157 1496 3201 singulari
1510 3156 1789 3191 schismaticorum
1801 3157 2006 3202 Legatorurn
2016 3155 2058 3191 ad

1171 3208 1245 3241 suos
1271 3205 1416 3250 Epistola
1438 3208 1479 3241 de
1493 3208 1555 3241 isto
1565 3206 1735 3251 colloquio
1746 3233 1753 3241 .

1221 3257 1475 3304 Qerimoniam
1487 3257 1527 3291 de
1539 3257 1656 3292 obruta
1677 3269 1733 3302 per
1745 3257 1865 3301 Cyrilli
1878 3268 1994 3292 aurum
2007 3268 2057 3291 ve-

1171 3307 1265 3342 ritate
1276 3308 1369 3351 supra
1382 3309 1460 3342 item
1472 3307 1658 3343 audivimus
1668 3320 1710 3343 ex
1722 3308 1817 3343 simili
1831 3309 1979 3353 Epistola
1992 3307 2057 3340 Co·

1173 3358 1260 3393 mitis
1268 3358 1378 3394 lrenaei
1390 3358 1429 3393 ad
1441 3370 1576 3395 omnem
1601 3360 1818 3402 Faetionem,
1842 3358 2002 3401 similique
2016 3356 2057 3390 E<

1889 3407 2007 3452 pistola
