2320 3730
362 186 458 238 364
747 167 1657 221 Vaniouuupa‘raum

285 261 454 297 Dominus
468 282 477 297 ,
489 260 524 292 ὦ·
533 254 679 294 Christus
691 280 701 297 ‚
712 259 746 296 ὀ·
755 256 961 301 Unigenitus
973 278 982 293 ,
995 255 1030 285 &
1040 252 1141 286 Filius
1154 275 1164 290 ‚
1209 260 1215 306 ξ
1230 251 1299 293 Ipsa
1310 250 1399 286 enim
1413 273 1424 289 2
1442 261 1511 294 quae
1524 251 1608 288 visus
1620 265 1654 289 es
1665 254 1996 292 admirando'laudare
2006 278 2017 295 ,
2027 265 2108 290 mox

283 322 352 354 quae
376 313 496 345 nomina
523 311 694 346 Divinitati
726 310 760 343 (τ
787 307 967 342 humanitati
1000 307 1164 338 communia
1209 312 1308 359 fpace
1330 301 1416 335 nisus
1440 299 1598 357 exsertisti·
1622 301 1710 337 Nam
1733 304 1756 339 fi
1778 306 1909 349 quidem
1931 305 2036 341 solnm
2051 314 2109 340 vo-

279 358 355 403 fimt
367 384 377 399 ,
405 358 488 402 quast
493 360 632 402 quaedam
636 358 844 401 fundamenta
861 377 870 391 ‚
895 362 963 387 tunc
980 350 1164 387 inhumana·-
1208 364 1211 372 ·
1228 351 1326 385 casses
1347 352 1448 390 sacras
1471 350 1543 386 illas
1563 361 1658 384 voces
1669 372 1680 391 ‚
1703 351 1737 387 ἃ
1756 355 1917 389 continuo
1937 355 2105 396 tacuiffes-‚

284 414 396 450 tionis,
422 407 685 453 &resurree‘lionis
700 430 710 444 ‚
737 404 911 447 &paffionts
921 400 1163 445 fiaperaedificant
1206 396 1404 438 lmultorum
1436 399 1652 444 subprepfiffes
1683 400 1846 436 auditibus
1876 427 1883 435 .

282 460 512 499 traditionem„
546 468 578 492 ut
598 453 765 498 praepofiris
791 453 958 487 nominibus
984 451 1162 494 quibusdam

281 518 471 552 utrarumque
499 516 674 541 naturarum
695 501 901 547 significativis
926 526 936 544 ,
964 513 1054 549 neque
1075 513 1161 541 eam,

280 571 349 606 quae
366 559 520 603 filiationis
545 558 579 594 (5·
599 556 810 588 dominationis
828 551 900 600 sunt
926 576 937 593 ,
964 554 1158 593 incidantur3

280 620 376 645 necea
389 634 399 649 ,
425 609 491 649 qudi
517 615 715 643 naturarum,
741 610 773 636 in
778 601 982 650 fingulantate
1002 602 1158 646 filiationis

281 658 448 700 confufionis
471 661 644 690 exterminio
663 654 883 698 periclitentur,
1143 654 1149 661 ”·

326 708 450 741 Nonne
474 706 538 745 liaec
559 705 618 739 tibi
649 705 759 750 scripta
783 704 856 741 sunt
879 702 989 748 prius?
1015 701 1076 738 Sed
1089 701 1157 739 istis

275 758 311 795 &
331 768 366 791 ea
391 781 401 796 ‚
429 766 498 799 quae
519 766 596 793 ante
620 766 720 797 nuper
744 752 873 791 laudata
895 754 970 790 sunt
986 775 996 791 ‚
1022 753 1154 788 confer.

274 797 452 846 confitemur
463 829 474 845 ,
503 804 612 848 inquit
625 829 635 844 ‚
647 807 803 842 Dominum
815 803 940 845 nostrum
947 805 979 854 J
981 802 1059 846 esum
1071 801 1155 836 Chri-

272 854 344 900 stum
369 857 482 891 Filium
503 858 582 897 Dei,
610 858 706 892 Deum
729 854 896 902 perfec‘lum
917 879 929 899 ,
956 854 989 892 ᾧ·
1011 853 1156 888 hominem

268 905 452 950 perfeetum,
482 904 552 940 Hic
575 906 733 946 intende,
759 907 836 948 quia
862 904 995 942 edoctus
1015 914 1049 936 es
1073 902 1155 939 olim

269 955 361 998 quod
383 965 420 989 ut
440 954 656 995 fundamenta
677 956 739 994 sint
757 951 1154 993 Divinitatis&h,umani-

269 1005 348 1041 tatis
372 1006 525 1039 nomina.
558 1006 627 1040 Dic
650 1006 727 1040 vero
751 1005 935 1048 &reliqum
964 1001 1154 1046 Antesaecula

269 1057 390 1101 quidem
401 1067 438 1089 ex
450 1059 543 1090 Patre
547 1064 684 1099 genitum
691 1054 853 1099 secundum
867 1058 1069 1091 Divinitatem
1080 1063 1094 1092 ;
1123 1057 1154 1082 in

267 1106 372 1142 ultimo
386 1108 459 1143 verb
470 1106 586 1138 dierum
601 1113 724 1145 propter
743 1115 799 1137 1nos
810 1128 820 1142 ,
846 1104 1010 1144 &propter
1029 1101 1154 1139 nostram

262 1152 392 1201 salutem
402 1180 412 1195 ,
441 1166 477 1188 ex
492 1158 593 1185 Maria
602 1157 722 1195 Virgine
730 1151 893 1195 secundum
912 1151 1130 1186 humanitatem
1145 1175 1152 1187 ‚

266 1202 547 1246 consubstantialem
566 1204 689 1237 eandem
715 1205 804 1240 Patri
814 1200 968 1243 secundum
994 1204 1154 1235 Divinita»

265 1262 326 1289 ,tem
340 1276 351 1292 ‚
378 1254 412 1286 ό·
434 1251 706 1295 consubstantialem
717 1252 798 1286 nobis
805 1250 968 1295 secundum
979 1250 1153 1285 humanita-

264 1311 333 1339 tem.
351 1305 488 1340 Duarum
498 1307 579 1336 enim
590 1311 767 1338 naturarum
778 1308 870 1336 unitio
873 1301 964 1344 fabia
971 1300 1020 1340 est,
1031 1310 1150 1342 propter

263 1364 355 1395 quam
367 1364 454 1386 unum
464 1352 614 1394 christum
625 1380 635 1394 ‚
662 1365 752 1388 unum
768 1356 943 1391 Dominum,
962 1362 1050 1384 unum
1059 1351 1154 1392 filium

262 1403 437 1445 confitemur.
454 1402 640 1439 Secundum
653 1403 737 1438 hanc
750 1404 924 1437 inconfusae,
935 1402 1096 1438 unitionis
1108 1403 1153 1433 in-

261 1453 480 1498 telligentiam
503 1453 628 1487 discute
654 1455 687 1487 &
711 1453 765 1488 hic
783 1454 887 1487 rursus
907 1451 1154 1487 consonationis

261 1504 437 1541 virtutem.
467 1507 507 1536 Ut
514 1503 681 1545 praepofitis
695 1529 706 1545 ‚
718 1504 826 1548 inquit
838 1527 848 1542 ,
867 1502 1028 1538 nominibus
1039 1499 1152 1543 quibust

262 1554 335 1589 dam
342 1553 543 1587 communibus
553 1563 746 1596 utrarumque
753 1565 931 1586 naturarum
936 1551 1154 1597 significativis,

262 1614 354 1646 neque
366 1616 402 1637 ea
415 1629 425 1644 ,
451 1615 519 1646 quae
527 1603 686 1646 filiationis
699 1605 733 1640 ὑ
743 1600 954 1637 dominatienis
960 1601 1033 1647 sunt
1043 1627 1053 1642 ‚
1082 1606 1150 1633 inci-

1955 415 1998 439 uo
2029 405 2105 440 vero

1224 451 1391 494 compellit
1419 461 1451 486 te
1473 451 1557 488 ultio
1581 451 1745 490 veritatis?
1772 403 1994 491 Simulatiffik
2018 465 2105 491 tene·

1224 500 1296 541 bras
1309 502 1438 540 amisisti
1450 526 1457 538 ,
1983 529 1988 536 -,

1274 552 1351 596 Age
1365 553 1488 598 igitur,
1514 552 1621 587 &nos
1632 551 1878 588 rursusutamur
1900 553 2105 598 gladiiscon-

1222 613 1270 636 tra
1295 613 1327 641 te
1352 627 1358 634 .
1388 603 1431 639 Et
1452 602 1540 645 ptius
1561 602 1691 644 quidem
1712 602 1895 648 sibimetipsi
1928 615 2105 649 repugnare

1220 653 1439 690 monstremus
1454 663 1516 686 tuae
1527 654 1717 689 temeritatis
1733 654 1910 695 insaniam.
1938 654 2029 690 Nam
2048 655 2104 698 qui

1220 702 1253 736 in
1278 701 1495 745 superioribus
1517 703 1669 745 Epistolae
1691 702 1832 746 partibus
1858 704 2004 739 decentia
2026 711 2106 739 tem·

1220 752 1290 795 pori
1316 753 1402 794 pacis
1430 753 1582 796 &sapere
1594 764 1625 787 te
1639 753 1789 789 &dicere
1809 754 1999 799 promifisti,
2025 765 2106 789 mox

1218 814 1259 835 ex
1285 800 1409 839 insidiis
1431 803 1528 847 erigis
1555 804 1699 846 praelium
1725 827 1736 844 ,
1772 804 1806 838 ὃς
1840 805 1950 847 vespas
1968 803 2108 848 agrestes

1223 852 1365 894 appellas
1384 863 1461 895 eos,
1490 852 1544 896 qui
1569 853 1607 888 ad
1623 864 1751 891 tuarum
1762 855 2017 899 conscripserunt
2027 852 2106 889 blas-

1224 900 1422 945 phemiarum
1436 904 1686 939 convistionem.
1716 903 1791 939 Ubi
1802 914 1911 939 autem
1923 903 2106 939 suntetiam

1222 962 1307 986 nunc
1321 977 1333 995 ,
1346 953 1402 999 ,qui
1416 953 1491 987 tuba
1504 964 1627 989 canunt
1637 951 1722 987 hanc
1735 965 1866 998 pacemt
1892 954 2106 998 quicum,qui

1219 1004 1433 1041 contumelias
1445 1004 1751 1047 ingerit,praedicant
1767 1004 1999 1047 paenitentem?
2009 1002 2104 1050 Qid

1218 1053 1446 1092 erratis‚immo
1453 1054 1531 1088 vero
1541 1054 1619 1099 quid
1629 1054 1761 1089 tentatis
1773 1053 2015 1097 decipere?Non
2028 1054 2103 1087 sunt

1220 1100 1284 1136 haec
1296 1100 1391 1137 verba
1402 1102 1591 1143 poenitentis
1605 1125 1613 1133 .
1639 1104 1701 1139 Sed
1715 1115 1775 1138 nec
1787 1104 1903 1138 iterum
1914 1101 2039 1146 dicere;
2058 1103 2105 1137 Sic

1220 1152 1254 1184 &
1265 1161 1316 1183 nos
1329 1148 1433 1193 sapere
1443 1154 1639 1187 invenientes.
1656 1150 1721 1184 Pro
1733 1163 1774 1186 eo
1786 1160 1822 1185 ut
1834 1153 1928 1186 dicat:
1941 1156 2017 1185 Non
2028 1161 2105 1187 nunc

1219 1199 1283 1235 haec
1292 1212 1330 1233 ex
1337 1206 1518 1242 poenttentia
1525 1199 1670 1243 sapimus,
1679 1199 1739 1243 sed
1740 1200 1859 1244 semper
1869 1206 1916 1233 ita
1927 1199 2081 1244 sapuimus
2091 1225 2103 1244 ‚

1220 1252 1253 1287 6,·
1270 1248 1374 1294 sumus
1385 1252 1467 1288 vane
1486 1250 1604 1293 depofiti
1616 1275 1624 1283 .
1652 1251 1718 1288 Dic
1734 1253 1768 1288 ἀ
1781 1252 1870 1285 aliud
1881 1248 1957 1286 huic
1969 1252 2108 1285 demon-

1220 1300 1369 1338 strationi
1391 1302 1592 1337 conveniens
1612 1326 1620 1334 .
1648 1301 1832 1344 Oportebat
1854 1311 1994 1344 namque
2019 1300 2104 1335 clare

1220 1350 1423 1395 intelligere,
1448 1350 1538 1393 quod
1557 1361 1657 1387 omne
1674 1351 1739 1387 fere
1763 1350 1859 1387 nobis
1877 1352 1973 1386 fuerit
1985 1349 2025 1385 de
2038 1351 2104 1385 fide

1218 1409 1402 1436 certamen.
1429 1399 1617 1436 Certamina
1646 1402 1814 1444 praetendit
1837 1426 1848 1442 ,
1873 1398 1896 1435 ὁ
1919 1399 2044 1440 homo,
2070 1401 2106 1436 δε

1219 1460 1255 1484 tu
1267 1461 1378 1492 pacem
1400 1451 1554 1486 nominas
1575 1451 1738 1494 praelium.
1765 1450 1825 1486 Ille
1845 1450 2043 1495 exspoliatur
2064 1450 2106 1484 ad

1220 1500 1378 1535 lustamen
1396 1525 1407 1541 ,
1434 1502 1467 1535 <Sc
1480 1511 1514 1535 tu
1527 1502 1650 1545 profers
1663 1501 1704 1535 de
1714 1513 1796 1545 pace
1819 1502 1923 1545 leges.
1950 1501 1982 1535 si
1996 1509 2105 1534 autem

1219 1549 1301 1583 mihi
1315 1549 1383 1584 haec
1407 1549 1530 1585 dicenti
1557 1563 1625 1585 non
1639 1549 1760 1591 credis,
1788 1550 2002 1595 vide&ipsos
2013 1549 2108 1586 sudo-

1218 1610 1265 1633 res
1285 1600 1352 1642 ejus
1378 1601 1564 1635 certaminis
1586 1625 1596 1633 .
1624 1599 1714 1635 Vide
1737 1600 1914 1645 impietatis
1935 1600 2101 1635 fomenta».

261 1655 400 1696 dantur3
429 1664 483 1687 nec
493 1665 529 1687 ea
542 1678 552 1694 ‚
578 1666 646 1696 quae
659 1665 853 1694 naturarum,
868 1659 899 1687 in
906 1651 1110 1698 fingularitate
1118 1649 1152 1691 fi·
1218 1650 1336 1693 Defige
1361 1659 1506 1684 mentem
1528 1648 1737 1693 blasphemiis
1748 1650 1815 1693 ejus
1832 1648 2039 1693 captionibus
2049 1673 2056 1681 .

261 1705 394 1741 Itationis
417 1703 587 1746 confufionis
604 1710 776 1738 exterminio
792 1705 1000 1745 periclitentur
1012 1725 1019 1734 .
1048 1700 1152 1735 Vides

259 1753 433 1798 quomodo
445 1754 506 1789 tibi
518 1754 660 1789 eundem
671 1753 802 1801 quidem
824 1765 865 1787 ex
880 1752 1017 1787 indivisa
1039 1751 1072 1785 δε
1085 1750 1152 1784 fin*

258 1804 365 1848 gulari
378 1803 549 1837 filiationis
561 1804 783 1847 intelligentia
801 1802 918 1840 clarius
931 1802 1047 1844 scripsit
1060 1825 1067 1835 .
1096 1800 1150 1835 Ad

258 1854 328 1888 haec
341 1852 395 1887 ubi
419 1864 509 1890 tuam
522 1855 637 1887 factam
662 1853 791 1888 laudem
813 1852 1043 1895 suscipiemus?
1070 1850 1151 1884 Haec

258 1905 326 1948 ipsa
339 1904 430 1938 enim
444 1905 479 1938 ὅ(
492 1902 590 1939 odisti
602 1927 613 1943 ‚
624 1904 657 1937 δε
669 1903 795 1937 miraris
808 1916 818 1936 .·
835 1902 876 1939 Et
888 1901 1151 1940 anathematizas,

257 1955 294 1991 &
306 1955 391 1988 sacra
403 1954 500 1988 dicis.
528 1954 590 1988 Sed
602 1954 729 1998 inquit:
757 1958 847 1987 Nunc
867 1955 997 1986 admiror
1009 1977 1020 1992 ,
1045 1963 1082 1984 ex
1097 1961 1152 1994 quo

258 2015 362 2039 vocem
375 2007 434 2036 Dei
446 2007 610 2039 Genitricis
623 2010 718 2046 accepi
731 2017 738 2036 :
755 2007 837 2036 Tunc
848 2008 925 2035 enim
938 2014 994 2035 non
1000 2001 1095 2045 solum
1107 2011 1150 2035 ta-

260 2052 379 2090 cebatur
393 2076 404 2092 ,
428 2051 483 2094 sed
495 2055 666 2086 econtrario
682 2059 774 2085 etiam
783 2052 994 2093 projiciebatur
1008 2076 1015 2082 .
1042 2050 1151 2090 Christi

260 2109 341 2138 enim
356 2106 498 2136 Genitrix
520 2103 554 2137 (9⁶
568 2112 623 2134 non
635 2103 689 2136 Dei
711 2105 850 2133 Genitrix
870 2100 1019 2134 dicebatur
1034 2122 1041 2130 .
1069 2098 1150 2131 Haec

261 2154 395 2189 eadem.
425 2151 602 2186 ostensum
615 2150 750 2193 quidem
763 2151 823 2184 tibi
834 2150 879 2182 est
896 2150 931 2184 ὃς
943 2161 983 2183 ex
998 2147 1151 2192 praedistae

263 2204 356 2237 vocis
367 2201 398 2235 vi
411 2225 418 2232 .
450 2199 542 2244 Qin
555 2199 663 2242 potius
676 2208 792 2233 vocum
804 2197 1036 2242 expugnabilis
1046 2197 1130 2232 ratio
1141 2221 1149 2230 ,

1269 1700 1355 1736 Ecce
1365 1700 1454 1735 enim
1467 1701 1602 1742 sequens
1616 1699 1715 1743 impia
1729 1700 1884 1743 Capitula
1896 1700 1950 1732 sua
1963 1721 1974 1737 ,
2000 1698 2109 1736 rursus·

1218 1749 1282 1793 ipsa
1305 1748 1451 1783 defendit
1483 1748 1517 1783 δε
1548 1749 1721 1784 confirmat
1742 1749 1828 1793 apud
1853 1760 1914 1784 nos
1933 1772 1940 1781 -
1968 1746 2105 1782 Interim

1218 1809 1359 1845 namque
1370 1798 1597 1834 Emmanuelis
1607 1799 1783 1842 appellatio
1789 1810 1829 1833 ne
1840 1799 1874 1832 in
1894 1797 2105 1844 generatione

1218 1849 1394 1883 secundum
1420 1859 1550 1884 carnem
1574 1848 1686 1884 denuo
1697 1860 1792 1884 utens
1803 1849 1966 1883 carnalem
1976 1860 2015 1883 ac
2034 1858 2104 1883 non

1218 1899 1292 1935 Deo
1303 1897 1477 1934 decibilem
1491 1898 1737 1943 generationem
1763 1898 1912 1944 Virginis
1929 1908 2107 1933 recomme-

1218 1959 1321 1985 morat
1333 1974 1341 1982 .
1369 1948 1502 1984 Deinde
1513 1947 1553 1985 ad
1566 1950 1689 1992 reliqua
1706 1974 1718 1990 ,
1744 1950 1832 1985 velut
1842 1949 1983 1996 quadam
1995 1949 2107 1984 conse-

1216 1998 1350 2044 quentia
1362 1998 1403 2032 ad
1417 2000 1518 2043 ipsam
1530 1999 1711 2036 editionem
1727 1999 1957 2045 Capituloturn
1969 2010 2106 2045 pergens

1219 2049 1398 2083 introducit
1425 2049 1568 2084 scribens
1582 2050 1825 2093 temperationis
1841 2050 2106 2092 confusionisque

1217 2097 1419 2132 unitionem.
1450 2098 1540 2131 Audi
1563 2099 1653 2131 enim
1679 2110 1749 2142 quae
1770 2099 1839 2140 post
1863 2099 1927 2131 haec
1946 2097 2037 2133 verba
2050 2108 2106 2141 po·

1217 2146 1311 2182 suerit
1323 2170 1331 2179 .
1359 2148 1423 2189 ,Qui
1435 2149 1507 2181 verb
1519 2170 1530 2186 ‚
1542 2146 1650 2190 inquit
1663 2171 1673 2185 ‚
1686 2146 1810 2191 desuper
1819 2158 1853 2180 ac
1861 2148 1898 2180 de
1906 2148 1974 2180 coelo
1988 2147 2106 2190 desoen·

1221 2197 1295 2229 dens
1309 2198 1391 2228 Deus
1403 2195 1528 2228 Verbum
1550 2201 1721 2228 exinanivit
1743 2195 1928 2237 semetipsum
1939 2219 1951 2237 ,
1970 2196 2105 2239 fbrmam

266 2249 443 2299 Qiavero
465 2250 516 2283 his
535 2248 652 2285 litteris
675 2247 849 2284 intendens
859 2246 1020 2281 abscindis
1037 2246 1146 2279 conse·
1179 2245 1181 2247 ’
1215 2242 1300 2286 servi
1324 2248 1490 2286 accipiens,
1515 2245 1550 2277 δ’
1574 2254 1698 2279 vocatus
1709 2244 1860 2285 estFilius
1870 2245 2015 2287 hominis,
2038 2254 2106 2288 per-

266 2303 410 2348 quentiae
428 2300 574 2335 rationes
595 2324 606 2339 ,
632 2310 696 2343 ego
717 2297 779 2331 tibi
801 2297 973 2340 expediam
1001 2295 1152 2340 Epistolae
1211 2293 1297 2335 stans
1315 2291 1366 2337 effe
1387 2294 1466 2336 quod
1482 2291 1568 2334 fuit,
1593 2295 1627 2327 id
1643 2293 1699 2334 est,
1727 2298 1806 2329 Deus
1835 2319 1844 2334 ‚
1869 2296 2104 2329 inconvertibilis

267 2352 363 2389 verba
389 2376 400 2392 ‚
425 2349 659 2396 ostendamque
680 2348 775 2385 illum
800 2348 906 2384 virum
931 2344 1015 2383 hanc
1038 2355 1151 2381 vocem

267 2403 456 2439 nullatenus
472 2400 637 2444 repuliiie.

318 2453 379 2486 Ait
406 2451 495 2486 enim
518 2448 585 2487 haec
607 2449 689 2493 ipsa.
722 2448 854 2491 Ubique,
882 2447 1010 2491 inquit,
1038 2450 1154 2479 Divina

268 2506 423 2547 Scriptura
449 2526 460 2544 ‚
486 2498 713 2546 quotiescumque
745 2503 906 2533 Dominicae
929 2495 1153 2541 dispensationis

271 2559 444 2591 memoriam
459 2550 541 2593 facit
552 2575 563 2590 ‚
583 2555 803 2596 generationem
811 2549 1021 2590 paffionemque
1032 2558 1087 2578 non
1103 2549 1153 2580 Dt-

272 2608 418 2639 vinitatis
440 2600 550 2642 Christi
572 2602 670 2634 tradit
693 2623 703 2638 ‚
725 2597 783 2643 sed
803 2597 998 2632 humanitatis
1020 2622 1026 2631 ,
1055 2601 1102 2629 lta
1122 2605 1154 2629 ut

273 2663 393 2689 vocetur
419 2654 518 2694 juxta
534 2648 766 2693 scrupulofiorem
787 2649 1013 2690 appellationem
1044 2646 1155 2679 sanc‘la

273 2707 364 2746 Virgo
383 2705 521 2735 Genitrix
541 2698 651 2739 christi
669 2723 679 2738 ,
705 2700 739 2734 ἵν
763 2709 819 2730 non
839 2701 979 2732 Genitrix
1001 2701 1076 2730 Dei.
1104 2697 1155 2731 Se-

273 2751 421 2788 cundum
441 2749 727 2793 scrupulofiorem,
755 2748 878 2791 inquit,
904 2746 1153 2792 appellationem

275 2802 353 2839 Ubi
375 2810 485 2836 autem
507 2798 658 2844 quaeritur
679 2798 767 2841 quod
788 2798 1001 2841 scrupulosius
1012 2796 1079 2837 est,
1110 2795 1153 2831 ibi

275 2863 346 2889 non
367 2847 511 2886 omnino
532 2848 798 2893 perimiturquod
820 2847 991 2890 simplicius
1001 2847 1066 2881 est·
1097 2846 1155 2881 U-

101 2895 257 2968 ssdffNss?
275 2912 427 2946 trumque
447 2899 537 2933 enim
560 2898 798 2941 suscipientium
818 2899 1094 2932 commensuratur
1103 2908 1153 2931 au-

104 2946 207 3009 abiam

277 2954 366 2989 ditus
378 2977 384 2984 .
406 2951 460 2986 Sic
471 2948 560 2984 enirn
571 2949 610 2982 ad
622 2959 679 2983 eos
689 2948 721 2984 &
735 2947 843 2992 postea
855 2946 975 2982 dietum
988 2947 1032 2981 est
1047 2960 1057 2981 .·
1069 2948 1155 2990 ,Quia

276 3011 396 3048 propter
407 3012 454 3035 eos
465 3023 476 3039 ,
502 3004 553 3043 qui
561 2999 712 3033 clariorem
732 2998 954 3039 appellationem
970 2997 1059 3038 hujus
1071 3005 1156 3039 expe-

282 3062 351 3088 tunt
371 3049 554 3086 intelle-Sus.
583 3047 628 3083 Et
648 3048 682 3083 id
705 3047 794 3093 quod
814 3046 878 3081 est:
905 3050 1103 3082 Veruntamen
1113 3050 1157 3081 di-

282 3112 367 3137 catur
374 3108 491 3144 propter
502 3104 661 3134 unitionem
672 3099 706 3132 (5
720 3102 775 3132 Dei
786 3101 925 3133 Genitrix
938 3122 944 3129 .
971 3099 1000 3131 δι’
1018 3109 1074 3130 non
1083 3100 1156 3138 iux·

280 3161 317 3185 ‘ta
327 3151 495 3184 baereticum
501 3148 622 3194 sensum
632 3173 639 3182 .
667 3148 813 3184 Sufficiat
823 3147 961 3193 igitur&
978 3147 1035 3180 ista
1048 3148 1159 3183 convi-

1219 2354 1345 2387 namaue
1355 2343 1392 2382 est
1404 2345 1439 2378 (ἓν
1452 2343 1646 2378 immutabilis
1651 2342 1813 2388 secundum
1825 2353 1977 2385 naturam,
1987 2353 2018 2378 ut
2028 2356 2104 2379 unus

1213 2397 1283 2437 jam
1305 2394 1516 2438 intelligendus
1536 2405 1600 2427 cum
1618 2400 1740 2437 propria
1760 2406 1847 2427 carne
1860 2395 1897 2428 de
1915 2396 1982 2428 coelo
1994 2397 2104 2429 dicitur

1219 2442 1352 2487 deflendi
1374 2455 1406 2476 e.
1435 2448 1618 2477 Nominatus
1643 2447 1713 2479 veri
1736 2444 1907 2484 est&bomo
1915 2446 1952 2478 de
1962 2448 2104 2487 coelopaer-

1214 2494 1315 2538 fellus
1338 2492 1459 2535 existem
1484 2499 1515 2526 in
1533 2496 1654 2528 Deitate
1668 2519 1675 2527 .
1703 2494 1900 2539 Etperfec‘lus
1910 2495 1988 2529 idem
1999 2495 2060 2537 ipse
2071 2502 2103 2527 in

1220 2545 1424 2580 humanitate.
1452 2543 1599 2579 Attende
1611 2544 1819 2579 subtilitatem
1834 2544 2018 2578 verborum:
2045 2544 2105 2579 Vi-

1220 2593 1260 2629 de
1271 2596 1455 2630 sermonum
1468 2594 1686 2638 longitudinis
1706 2594 1905 2628 intelletstum
1920 2620 1927 2626 .
1955 2594 2042 2640 Qia
2055 2595 2104 2627 in·

1221 2648 1309 2688 quit:
1338 2643 1471 2686 Desuper
1492 2654 1526 2677 ac
1538 2645 1575 2676 de
1597 2644 1664 2676 coelo
1674 2643 1851 2685 defiendens
1862 2646 1942 2677 Deus
1954 2644 2101 2678 Verbum.

1222 2695 1263 2730 Et
1274 2692 1352 2737 quid
1366 2693 1435 2738 post
1449 2693 1574 2736 pauca?
1599 2695 1637 2726 Ut
1659 2703 1734 2726 unus
1746 2717 1756 2732 ‚
1783 2693 1891 2736 inquit
1903 2717 1914 2732 ,
1934 2694 2104 2733 sammul-

1219 2746 1370 2789 ligendus,
1400 2744 1434 2778 O
1457 2742 1602 2786 optime,
1627 2742 1660 2776 δε
1683 2743 1855 2786 quomodo
1875 2742 1939 2785 jam
1953 2754 2027 2776 cum
2038 2754 2107 2777 cat-

1221 2807 1262 2829 ne
1284 2794 1329 2829 est
1352 2795 1364 2830 ?
1391 2793 1460 2837 Jam
1483 2803 1549 2826 non
1572 2792 1677 2826 solum
1700 2791 1847 2828 Verbum
1881 2793 2102 2837 intelligitur,

1222 2845 1274 2881 sed
1294 2854 1368 2880 caro
1388 2844 1421 2878 &
1443 2841 1590 2877 Verbum
1603 2866 1610 2874 .
1638 2842 1896 2886 lnseparabiliter
1916 2843 2048 2887 quidem
2065 2853 2102 2878 ut

1221 2907 1286 2932 una
1310 2894 1444 2939 persona
1466 2893 1740 2935 contemplandus
1758 2917 1769 2932 ‚
1799 2905 1865 2927 non
1894 2892 1971 2926 vero
1998 2903 2103 2927 unum

1223 2946 1390 2984 Verbum,
1418 2943 1467 2977 vel
1487 2954 1573 2977 unus
1594 2944 1708 2978 Sermo
1729 2943 1979 2987 intelligendus.
2007 2943 2102 2992 Qid

1223 2993 1368 3041 adoperis
1395 2994 1611 3029 conversionis
1629 2993 1887 3029 credulitatem?
1916 2991 2007 3039 Qid
2035 3004 2104 3028 cot-

1223 3046 1343 3089 rumpis
1374 3044 1570 3087 scripturam
1595 3067 1607 3085 ‚
1630 3054 1700 3087 quae
1722 3043 1810 3077 furto
1833 3054 1901 3077 non
1933 3041 2102 3085 subjacet?

1222 3096 1316 3147 Qid
1331 3105 1450 3130 nomen
1463 3094 1593 3140 fugiens
1605 3093 1713 3134 Christi
1722 3118 1732 3135 ,
1758 3093 1799 3127 ad
1823 3092 1888 3128 hoc
1903 3094 2036 3129 Divina
2050 3105 2104 3128 na-

1223 3159 1299 3182 turae
1321 3145 1585 3180 circumvolveris
1597 3170 1606 3184 ,
1632 3155 1668 3178 ut
1691 3156 1764 3178 eam
1776 3144 2027 3187 dispensationis
2039 3145 2106 3188 pas·

285 3202 351 3235 {tio
371 3199 515 3241 fraudis,
541 3210 609 3243 quae
627 3207 741 3234 contra
768 3199 839 3233 illas
860 3199 981 3233 litteras
1000 3198 1080 3232 faeta
1093 3198 1156 3232 est.
1202 3214 1206 3242 l
1223 3195 1366 3233 sionibus
1387 3194 1501 3229 subdas
1523 3197 1536 3237 ,2
1558 3196 1699 3238 Sequere
1719 3194 1916 3239 Apostolum
1940 3193 2103 3234 Paulum,

283 3250 508 3293 Incongruum
525 3259 666 3294 namque
684 3249 728 3282 est
741 3248 960 3293 relinquentes
972 3259 1033 3282 nos
1046 3248 1159 3291 impor-
1203 3246 1207 3268 ᾗ
1224 3250 1259 3283 &
1281 3258 1322 3280 ne
1344 3243 1459 3280 illudas
1481 3243 1667 3284 Christum,
1696 3246 1754 3289 qui
1775 3245 1807 3279 in
1829 3255 1869 3278 eo
1892 3244 2022 3279 locutus
2038 3244 2100 3278 est.

285 3298 420 3334 tabilem
439 3307 528 3332 tuam
543 3309 658 3333 contra
680 3298 878 3334 salvatorem
903 3296 1136 3342 blasphemiam
1150 3323 1160 3337 ,
1205 3312 1208 3328 ι
1224 3298 1308 3333 Non
1320 3297 1385 3331 ait:
1411 3294 1476 3337 Ipse
1496 3297 1531 3328 de
1549 3297 1616 3329 coelo
1627 3293 1801 3338 descendens
1815 3298 1894 3328 Deus
1907 3292 2033 3328 Verbum
2040 3294 2101 3326 exi·

279 3349 330 3388 ,de
347 3347 535 3394 simpliciori
555 3346 707 3395 Virginis
719 3349 937 3395 appellatione
949 3347 1160 3385 contendere.

1226 3353 1349 3384 nanivit
1363 3343 1548 3392 semetipsum
1561 3371 1573 3388 ,
1590 3346 1724 3391 formam
1741 3343 1825 3392 servi
1845 3349 2009 3391 accipiens.
2021 3337 2099 3424 {ed

1976 3401 2028 3437 qm
