2320 3730
593 175 902 239 Scn'otns,
940 187 1005 224 tr
1039 172 1237 229 Norrs‘
1264 188 1655 228 ntusrRATAE.

1906 195 1970 241 77

226 272 311 309 Hoc
327 268 399 310 est,
422 267 454 304 ei
479 261 655 305 voluerunt
678 270 741 305 effe
763 266 998 304 authoritatem
1017 266 1107 310 Sym·
1166 268 1198 302 se
1220 265 1411 301 canonizata
1434 289 1445 306 ,
1472 266 1504 299 &
1522 266 1714 300 confirmata
1738 265 1939 313 fingulotum
1967 266 2038 302 sub-

227 323 329 359 boli-.-

278 369 425 417 Quaestio
437 370 540 414 prima
553 371 599 406 est
612 397 622 412 ,
634 371 725 419 Qid
738 371 795 405 fibi
806 369 908 405 velint
918 367 985 403 haec
996 364 1104 400 verba:

229 421 372 454 secundis
394 430 430 454 ac
439 426 540 455 tertiis
550 421 707 463 destinatis
721 420 961 460 Pientlfflmorum
974 420 1104 459 Impera-

230 479 326 503 torum
348 472 456 505 litteris
479 472 496 503 ἒ
523 473 655 506 Etenim
677 469 885 505 Theodosius
911 467 1029 510 primas
1049 476 1104 508 per

224 520 411 561 Palladium
449 521 703 566 Magistrianum
730 544 741 561 ,
778 516 934 553 secundas
955 517 1026 550 suas
1062 514 1103 549 ad

224 569 422 614 Ephefinam
435 570 606 614 synodum
635 571 756 605 litteras
776 568 861 602 mifit
873 577 928 611 per
939 566 1101 610 Ioannem

223 622 396 655 Sacrarum
413 621 647 666 Largitionum
669 619 836 654 Comitem
858 641 870 657 ,
897 616 1008 651 tertias
1033 625 1102 648 non

225 670 382 707 novimus
394 685 405 704 .·
426 672 511 718 Qae
528 672 628 716 igitur
646 669 720 703 sunt
743 666 902 702 haetertiae
915 666 933 698 ἓ
957 665 1103 709 Respon-

224 720 290 755 deo
304 721 344 755 de
356 721 458 755 tertiis
480 720 569 756 hisce
580 718 697 754 litteris
709 729 778 753 non
788 718 852 752 effe
863 715 1098 751 dubitandum.

221 769 318 806 'Nam
339 771 490 806 &nostra
513 769 680 805 translatio
707 767 815 803 lucide
831 764 951 801 habet:
978 769 1104 799 Litterae

224 822 248 853 ἃ
262 822 399 862 Pissimis
409 820 639 862 Imperatoribus
665 818 768 860 nostru
783 816 934 861 secundo,
958 821 1103 857 tertioque

227 879 391 905 venerunt.
419 869 563 904 Proinde
583 867 632 904 hae
655 869 752 903 tertia:
774 868 912 908 litterae,
935 877 1005 912 qux
1015 863 1104 899 haud

226 920 327 954 dubie
345 920 386 953 ad
404 918 541 963 Joannis
563 919 707 954 Comitis
728 918 961 958 Relationem,
990 928 1028 951 ac
1050 925 1106 959 po-

226 969 435 1004 stulationem
457 979 617 1004 venerunt
642 994 654 1011 ,
690 969 855 1013 perierunt
890 976 947 1002 aut
985 966 1107 1000 latent.

223 1018 416 1054 Orthodoxi
437 1019 591 1064 Episcopi
610 1017 813 1063 Apostolicis
832 1015 994 1053 Celestini
1011 1015 1107 1060 Papae

227 1069 342 1104 litteris
358 1068 542 1114 acLegatis
562 1070 672 1112 potius
694 1068 904 1104 crediderunt
925 1078 964 1102 ac
975 1066 1107 1103 obedie-

225 1127 326 1158 runt,
344 1119 450 1162 'quam
464 1116 524 1162 'per
546 1119 683 1162 Ioannis
705 1118 850 1154 Comitis
860 1127 943 1153 artes
964 1115 1102 1151 extortis

223 1168 457 1212 circumscripti
468 1167 629 1213 Principis
641 1167 855 1212 Juffionibus.
886 1167 989 1215 Quod
1003 1165 1109 1200 bonus

224 1214 438 1253 Theodosius
474 1217 570 1257 fuerit
595 1218 856 1262 circumscriptus
882 1242 893 1264 2
931 1216 1108 1260 posteriora

225 1267 296 1311 ejus
317 1267 398 1303 Aeta
408 1267 650 1303 demonstrant.
679 1267 816 1303 Etenim
833 1268 852 1301 ὲ
871 1266 1032 1300 Romanae
1045 1265 1103 1298 Ec-

226 1318 328 1353 clefiae
352 1318 503 1353 Decretis
520 1318 693 1352 instructus
705 1342 718 1359 ,
743 1317 784 1352 de
809 1317 930 1361 Cyrilli
952 1327 989 1349 ac
1000 1314 1109 1349 Mem-

227 1369 330 1403 nonis
340 1366 576 1412 degradatione
588 1367 716 1402 nullam
726 1366 878 1411 deinceps
891 1366 970 1400 fecit
981 1376 1108 1400 memo-

228 1418 314 1452 riam
326 1442 337 1459 ,
362 1418 416 1451 sed
427 1416 543 1451 ambos
553 1418 602 1452 uti
614 1418 761 1462 integros
774 1415 951 1451 Antistites
966 1415 1119 1460 permisit

229 1467 334 1503 redire
345 1467 386 1501 ad
397 1468 471 1501 suos
482 1465 644 1502 Thronos
655 1493 662 1499 .
691 1467 736 1500 Et
746 1466 912 1510 Cyrillum
924 1475 1111 1511 permanere

229 1516 382 1552 Concilii
402 1515 568 1551 Praefidem
588 1541 595 1548 .
622 1515 668 1549 Et
690 1515 883 1550 Nestorium
903 1526 943 1550 ut
963 1513 1111 1561 legitime

227 1565 446 1612 degradatum
464 1564 575 1611 abegit
595 1565 616 1600 ὲ
637 1565 777 1609 Synodo
797 1590 809 1607 ,
835 1577 873 1600 ac
890 1566 1049 1610 relegavit
1070 1563 1111 1599 ad

228 1618 294 1651 suae
318 1616 523 1661 profeffionis
547 1616 686 1650 domum
705 1641 717 1658 ‚
751 1615 794 1650 ad
816 1615 924 1651 Sansti
953 1615 1111 1659 Euprepii

227 1666 471 1702 Monasterium
495 1667 529 1700 in
541 1665 741 1701 Suburbano
757 1665 965 1700 Antiochia»,-
994 1664 1111 1701 Tertia

229 1717 292 1752 ista
316 1716 384 1760 ejus
401 1716 444 1751 ad-
455 1715 629 1760 Synodum
642 1715 788 1760 Epistola
798 1715 861 1751 fuit
874 1715 1005 1751 forsitan
1017 1715 1110 1750 missa

230 1767 273 1801 ad
296 1767 431 1811 Ioannis
448 1766 604 1802 -Comitis
627 1766 808 1810 Epistolam
822 1791 833 1808 ‚
860 1778 931 1811 quae
949 1765 1054 1801 exstat
1075 1765 1108 1800 in

229 1817 326 1853 Astis
337 1814 558 1861 synodalibus
568 1842 576 1850 .
605 1815 781 1868 Qidquid
792 1818 831 1852 fit
843 1842 855 1858 ‚
883 1829 925 1852 ex
937 1816 988 1851 his
1002 1816 1112 1853 omni·

230 1867 294 1902 bus
318 1867 475 1902 docemur
497 1868 658 1910 Ioannem
682 1867 851 1902 Comitem
877 1877 946 1903 non
976 1866 1111 1903 modico

231 1926 381 1961 tempore
400 1918 494 1951 fuiffe
506 1926 669 1951 moratum
683 1914 801 1959 Ephefi
814 1939 823 1948 .
849 1915 1008 1951 studebat
1023 1916 1112 1949 enim

231 1977 432 2010 componere
450 1964 648 2000 discordiam
661 1988 673 2005 ‚
698 1965 936 2009 synodumque
955 1976 1032 1999 cum
1057 1965 1112 1999 bo-

230 2027 275 2050 na
293 2016 396 2061 gratia
416 2014 583 2050 dimittere
596 2039 608 2057 ,
633 2016 669 2051 δι
689 2014 732 2050 sic
753 2014 916 2064 gloriosus
938 2015 1043 2049 redire
1068 2014 1110 2050 ad

232 2065 424 2110 Principem
436 2090 443 2097 .
764 2062 772 2102 ’,

279 2117 428 2152 Secunda
440 2116 572 2161 quaestio
582 2116 628 2152 est
639 2141 650 2158 ,
675 2115 860 2166 Qomodo
871 2116 1003 2161 praesens
1014 2114 1111 2150 inter-

231 2167 362 2202 locutio
383 2166 472 2202 dicat
497 2167 539 2202 de
550 2167 657 2202 saneti
679 2168 788 2212 Cyrili
810 2167 974 2210 Capitulis
994 2178 1003 2198 ε
1030 2167 1112 2209 ,Quae

232 2218 358 2256 cyrillus
370 2216 584 2260 Episcoporum
593 2218 703 2252 calculo
720 2228 755 2252 ac
759 2216 974 2262 subscriptione
996 2216 1114 2251 robora-

235 2278 268 2301 re
276 2274 399 2300 conatus
409 2266 447 2307 est
459 2266 476 2298 ,²
501 2266 693 2302 Caffinenfis
704 2267 878 2302 translatio
890 2265 989 2302 habet
998 2291 1007 2298 .
1033 2268 1115 2309 ,ραι

233 2322 328 2351 eriam
338 2322 426 2350 vario
436 2318 554 2351 Decreta
577 2329 613 2351 ac
619 2317 833 2362 subscriptione
842 2315 1052 2361 Episcoporum
1071 2326 1116 2348 ro-

235 2367 341 2400 borare
362 2373 498 2401 tentavit
519 2394 525 2400 .
554 2368 705 2416 Qaestio
724 2368 771 2403 est
786 2391 797 2407 ,
822 2368 958 2412 quando
980 2367 1117 2402 Sanctus

236 2417 383 2459 Cyrillus
395 2417 453 2450 ista
465 2418 658 2451 tentaverit?
696 2418 845 2463 Qidam
856 2418 986 2451 censent
998 2417 1117 2449 fafitum

239 2466 275 2498 in
288 2465 422 2498 decursu
434 2465 561 2506 Synodi
574 2489 585 2505 ,
610 2466 689 2498 dum
701 2466 811 2499 evenit
823 2465 913 2509 quod
935 2464 1033 2498 habet
1044 2474 1118 2506 prae-

238 2514 322 2548 satio
333 2513 374 2548 ad
387 2515 524 2557 primam
546 2514 654 2548 Sansti
667 2513 788 2557 Cyrilli
810 2525 869 2558 pro
882 2514 946 2548 suis
955 2511 1118 2557 Capitulis

239 2563 447 2607 Apologiarn
461 2575 469 2595 ι
480 2564 670 2605 Explanatio
680 2564 831 2597 duodecim
841 2568 985 2605 capitum
993 2586 1004 2603 ,
1017 2561 1116 2605 Ephe·

233 2612 262 2655 fi
264 2619 461 2655 pronuntiata
480 2615 500 2645 ὰ
512 2614 617 2651 cyrillo
630 2611 879 2656 Archt-Epfiropo
891 2612 1092 2646 Alexandrino
1107 2636 1117 2651 ,

238 2663 348 2697 sanda
369 2664 475 2702 synodo
494 2664 646 2696 clardorem
668 2663 785 2696 illorum
804 2663 1034 2696 declarationem
1055 2667 1117 2695 ext-

233 2723 342 2758 gente.
374 2713 572 2747 Existimant
587 2713 741 2747 Sanctum
767 2713 935 2756 Cyrillum
957 2722 1038 2747 tunc
1059 2712 1117 2756 pri·

239 2763 296 2798 md
305 2763 391 2806 apud
402 2773 516 2798 omnes
526 2788 536 2803 ‚
564 2762 682 2804 deinde
694 2762 890 2808 quibusdam
902 2762 1118 2797 recusantibus

241 2813 328 2856 apud
341 2814 446 2847 varios
459 2812 606 2847 institisse
619 2837 631 2853 ‚
658 2814 747 2848 utita
759 2814 943 2857 explanatis
955 2811 1119 2856 Capitulis

242 2862 472 2897 subscriberent
492 2887 499 2895 .
537 2863 734 2906 Respondeo
760 2863 1051 2898 interlocutionem
1077 2861 1119 2896 ad
1151 2892 1154 2895 ,

241 2913 301 2947 ista
323 2913 508 2947 nullatenus
529 2913 804 2957 respexiff091sta
825 2915 916 2949 enim
929 2913 1118 2957 explanatio

243 2973 323 2997 tunc
341 2961 478 2997 necdum
493 2964 574 2997 faeta
585 2961 688 2998 fuerat
700 2987 710 3003 ‚
735 2964 838 2998 immo
856 2976 917 2998 nec
938 2962 1116 3007 postulata.

244 3010 409 3046 Postulata
429 3014 494 3047 fuit
515 3022 646 3057 propter
664 3012 725 3048 hos
737 3025 774 3048 ac
794 3014 876 3049 alios
888 3014 1026 3055 similes,
1051 3013 1117 3047 fine

245 3061 496 3104 interpolatione
517 3064 648 3097 iteratos
675 3088 686 3104 ,
710 3063 843 3106 Joannis
862 3063 1055 3099 Patriarchae
1075 3063 1115 3097 ad

246 3119 355 3144 totum
377 3111 541 3146 Mundum
570 3113 727 3148 clamores
748 3140 756 3147 .
783 3114 996 3150 Interlocutio
1016 3114 1117 3159 igitur

246 3162 358 3194 se-met
395 3160 494 3202 ipsam
516 3162 549 3196 in
574 3162 787 3206 superioribus
812 3165 941 3200 abunde
960 3164 1114 3208 exponit:

249 3215 361 3243 Conari
371 3208 473 3252 sumus
485 3212 642 3255 Episcopor
650 3225 715 3247 cum
725 3217 842 3259 AEgytlt
858 3216 959 3255 cyrilli
964 3213 1117 3257 sententia

242 3260 389 3302 facientes
414 3285 425 3301 ,
463 3261 669 3304 Haereticisque
690 3264 769 3298 allius
801 3264 934 3308 expostus
954 3262 1114 3306 Capitibus

249 3309 441 3352 adstipulator
464 3313 599 3344 inducere
621 3337 631 3353 ‚
666 3322 700 3347 ut
727 3319 840 3357 Capua
865 3317 1115 3349 condemnarent.

248 3359 368 3404 Agunt
390 3360 429 3394 de
441 3359 594 3395 omnibus
603 3361 807 3398 orthodoxis
819 3364 982 3409 Ephefinae
989 3362 1114 3409 Synodi

249 3410 437 3455 Episcopis:
470 3412 704 3445 Existimarunt
723 3413 764 3447 ab
785 3416 856 3457 iplis
867 3416 1022 3459 Capitula
1045 3415 1117 3449 fuis-

347 3459 455 3501 christ.
461 3465 536 3504 Lupi
544 3465 642 3505 Opera
651 3465 753 3496 T.V11.

1166 316 1406 361 scriptionibus.
1438 315 1528 349 Nam
1553 316 1727 359 &propter
1748 315 1811 351 hoc
1834 329 1968 352 omnem
1981 319 2038 360 Sy-

1167 367 1292 406 nodum
1312 366 1659 406 excommunicatum.
1686 366 1832 399 Proinde
1848 365 2037 411 devsynodi

1166 417 1259 451 Astis
1270 428 1338 452 non
1355 418 1486 452 fuerunt
1499 416 1579 451 reste
1601 414 1743 450 instrasti
1756 440 1767 457 ,
1793 425 1888 461 atque
1908 417 1953 451 ita
1965 429 2039 463 prae-

1163 467 1339 511 cipitarunt
1350 466 1500 512 iniquum
1518 466 1691 510 judicium.

1220 517 1367 566 Qaestio
1390 518 1492 552 tertia
1514 516 1559 551 est
1579 542 1590 558 ‚
1617 513 1805 564 Qomodo
1825 515 2039 551 interlocutio

1165 567 1300 605 affirmet
1329 567 1503 603 Nicaenum
1538 566 1736 610 Symbolum
1777 577 1849 601 non
1867 565 2041 600 dumtaxat

1165 615 1314 655 adversus
1334 618 1453 653 Arium
1476 643 1487 659 ,
1513 617 1568 654 sed
1587 617 1749 652 emanasse
1769 616 1870 651 etiam
1891 614 2041 653 adversus

1166 665 1402 708 Valentinum,
1427 668 1635 703 Marcionem
1656 693 1667 709 ‚
1693 665 1921 702 Manichaeum
1947 691 1959 708 ,
1984 667 2039 700 Sa·

1164 714 1325 756 bellium,
1351 715 1535 753 Photinum
1548 742 1558 758 ‚
1576 729 1614 753 ac
1624 728 1760 752 omnem
1771 715 1934 754 haerefirn?
1961 715 2042 749 Prae·

1165 764 1261 809 cipua
1286 765 1463 800 difficultas
1488 768 1531 801 est
1556 768 1599 803 de
1621 766 1772 803 Photino
1790 793 1797 800 .
1825 766 1930 801 Hunc
1951 767 2043 802 enim

1166 814 1294 850 constat
1314 816 1377 849 effe
1398 814 1532 849 Nicaena
1555 816 1690 859 Synodo
1710 818 1938 862 posteriorem.
1966 815 2046 851 Fuit

1167 864 1344 909 discipulus
1368 865 1524 899 Marcelli
1546 863 1717 908 Ancyrani
1739 867 1894 912 Episcopi
1916 893 1926 909 ,
1953 866 2045 909 cujus

1166 926 1361 950 erroresnon
1382 915 1440 949 nifi
1451 913 1522 959 post
1543 914 1715 956 Synodum
1733 927 1899 961 coeperunt
1919 927 2050 962 appare·

1167 976 1222 1007 re,
1249 965 1351 1009 &qui
1366 965 1476 1009 ipsos,
1502 964 1580 999 licet
1595 963 1732 1005 dolose,
1758 968 1913 1010 purgavit
1933 976 2046 1002 tamen

1168 1015 1200 1049 in
1213 1015 1389 1050 Sardicenfi
1413 1012 1573 1058 synodo.
1600 1013 1802 1058 Respondeo
1824 1016 1912 1050 idem
1922 1017 2048 1051 scribla

1170 1066 1252 1101 libro
1277 1065 1467 1100 Pontificali
1488 1065 1524 1099 in
1545 1064 1611 1099 vita
1628 1064 1737 1098 Sanffi
1755 1063 1924 1107 Sylvestri:
1951 1069 2048 1108 Hujus

1169 1117 1349 1159 temporibus
1355 1115 1478 1158 fadum
1486 1114 1523 1155 est
1535 1115 1700 1149 Concilium
1708 1118 1741 1148 in
1754 1117 1866 1147 Nicaea
1877 1114 2026 1152 Bltbymae
2034 1141 2042 1148 .

1171 1165 1311 1210 Episcopi
1321 1172 1440 1201 trecenti
1448 1166 1605 1201 oc‘Jodecim
1616 1191 1623 1198 .
1635 1168 1682 1198 Et
1692 1166 1919 1199 damnaveram
1931 1170 2051 1205 Arium,

1172 1216 1334 1262 Photinum
1358 1241 1370 1258 ,
1395 1217 1429 1250 <5
1454 1216 1616 1250 sabellium
1642 1240 1654 1256 ,
1689 1216 1746 1249 vel
1762 1212 1903 1259 sequaces
1930 1226 2050 1248 eorum.

1172 1267 1299 1300 Ibidem
1319 1267 1470 1301 laudatur
1491 1266 1591 1301 etiarn
1605 1266 1760 1301 Romana
1770 1265 1878 1300 Sansti
1896 1265 2052 1309 Sylvestri

1171 1316 1325 1359 Synodus
1336 1340 1348 1356 ‚
1368 1327 1464 1360 atque
1474 1315 1683 1362 adjungitur:
1712 1319 1759 1352 Et
1770 1317 1933 1350 damnavit
1945 1321 2053 1350 iterum

1174 1371 1299 1408 Arium,
1327 1368 1362 1401 (5
1384 1367 1564 1409 photinum,
1592 1366 1809 1402 &Sabellium.
1839 1366 1926 1401 istud
1945 1367 2054 1410 ipsum

1173 1415 1271 1451 habet
1298 1417 1427 1462 antiqui
1451 1416 1554 1453 Graeci
1574 1417 1748 1462 Scriptoris
1770 1417 1900 1452 libellus
1912 1416 2053 1461 Synodi-

1174 1479 1254 1502 cus:
1278 1467 1388 1501 Sanlla
1406 1469 1533 1507 synodus
1554 1478 1658 1502 contra
1680 1478 1792 1501 omnem
1817 1466 1946 1509 baerefim
1967 1475 2054 1508 expo-

1170 1516 1232 1561 suit
1259 1520 1411 1551 Divinam
1430 1519 1502 1561 fidet
1526 1517 1718 1560 disciplinam
1743 1543 1754 1558 ‚
1791 1521 1856 1550 Arii
1892 1518 2054 1557 videlicet,

1174 1567 1295 1601 Sabelli!
1321 1592 1332 1609 ,
1360 1567 1483 1602 Photim‘
1505 1592 1516 1608 ,
1543 1569 1632 1601 Paul}
1656 1566 1838 1610 samosateni
1857 1592 1868 1607 ,
1894 1571 2029 1599 Manem
2042 1590 2054 1605 ,

1174 1619 1349 1658 Valentini,
1377 1622 1539 1652 Marcionis
1552 1641 1564 1658 ,
1590 1619 1731 1651 &eorum
1752 1621 1802 1658 qui
1821 1626 1884 1649 cum
1908 1614 1975 1657 ipfis
1985 1614 2053 1658 sen-

1175 1673 1256 1701 tiunt
1271 1693 1280 1702 .
1310 1667 1484 1703 Consonat
1506 1667 1699 1701 &eruditus
1718 1665 1777 1700 ille
1801 1664 1968 1700 adversum
1990 1666 2058 1700 Ne.
2076 1673 2148 1712 Cap.
2159 1681 2208 1709 34·

1175 1717 1334 1752 florianos
1359 1729 1397 1752 ac
1409 1716 1640 1761 Eutychianos
1652 1716 1820 1760 Scriptor,
1847 1726 1943 1760 quem
1964 1715 2056 1758 Jaco-

1175 1767 1234 1803 bus
1246 1767 1416 1803 Gretzerus
1438 1767 1565 1803 censuit
1583 1767 1646 1803 esse
1667 1767 1821 1802 Sanstum
1845 1766 2055 1801 Anastafium

1175 1819 1334 1854 Sinaitam
1358 1845 1366 1852 .
1392 1818 1547 1853 Affirmat
1571 1818 1591 1853 ὲ,
1617 1817 1753 1853 Nicaena
1782 1815 1920 1860 synodo
1946 1827 2056 1860 praetet

1175 1867 1295 1903 Arium
1321 1870 1384 1903 else
1409 1868 1601 1902 damnatum
1633 1868 1734 1901 etiam
1769 1866 1946 1901 Sabollium
1974 1891 1986 1907 ,
2022 1867 2058 1900 δε

1175 1917 1347 1963 adjungitz
1375 1922 1548 1952 Damnavit
1559 1922 1650 1951 etiam
1661 1916 1785 1951 Photim‘
1798 1916 1958 1958 Haerefim‚
1988 1927 2056 1959 quae

1174 1969 1282 2001 diceret
1292 1967 1443 2007 christum
1462 1968 2058 2008 &Diminuam&Humanitatlsprtn-
2077 1980 2148 2016 Cap,
2169 1985 2203 2012 5<

1174 2022 1282 2059 cipium
1305 2016 1412 2050 babere
1433 2028 1471 2051 ex
1492 2019 1597 2049 Maria
1617 2039 1628 2056 ‚
1656 2026 1750 2058 neque
1763 2010 1926 2055 secundum
1947 2020 2060 2049 increa-

1175 2076 1242 2100 tam
1260 2065 1348 2109 lpfius
1361 2069 1566 2099 Divinitatem
1574 2065 1719 2109 praestare
1737 2064 1856 2109 saecuIIs
1869 2091 1876 2098 .
1904 2065 2005 2100 Reae
2017 2066 2061 2102 af·

1175 2118 1285 2152 firmat
1297 2128 1364 2152 non
1383 2114 1521 2151 Photini
1542 2118 1711 2160 personam
1726 2140 1737 2156 ,
1762 2116 1816 2150 sed
1829 2117 1898 2160 ejus
1921 2114 2062 2151 haerefim

1176 2167 1237 2201 effe
1263 2165 1454 2202 damnatam
1475 2167 1494 2201 ὲ
1520 2166 1660 2207 Nicaena
1680 2166 1839 2210 synodo.
1867 2166 1994 2202 Eadem
2016 2178 2065 2200 ra-

1177 2218 1269 2252 tione
1293 2218 1439 2261 Magnus
1460 2217 1531 2251 Leo
1552 2228 1589 2250 ac
1610 2217 1667 2252 alii
1689 2217 1802 2251 Patres
1820 2218 2006 2261 frequenter
2017 2217 2064 2250 as-

1178 2269 1286 2302 serunt
1319 2269 1419 2302 etiam
1449 2266 1597 2302 Nestorii
1629 2278 1668 2301 ac
1691 2265 1887 2310 Eutychetis
1920 2267 2065 2303 Haereses

1178 2319 1241 2353 esse
1267 2317 1391 2352 ibidem
1413 2316 1600 2352 damnatas.
1630 2315 1781 2352 Eundem
1809 2316 1909 2362 igitur
1935 2317 1969 2350 in
1997 2319 2065 2351 sen-

1179 2369 1247 2402 sum
1276 2368 1382 2412 accipi·
1414 2378 1545 2411 oportet
1581 2367 1615 2401 δε
1646 2367 1882 2402 Pontificalem
1921 2367 2067 2409 librum,

1180 2416 1385 2450 &libellum
1412 2417 1637 2460 Synodicum.
1664 2417 1718 2450 Ex
1739 2428 1806 2461 quo
1832 2417 1919 2451 lucet
1946 2417 2066 2452 librum

1182 2465 1411 2499 Pontificalem
1435 2465 1453 2498 a
1478 2464 1672 2508 quibusdam
1695 2466 1780 2501 male
1802 2467 1954 2510 vapulare
1976 2467 2067 2510 quasi

1180 2514 1221 2550 de
1246 2514 1430 2559 imperitia.

1933 3471 2009 3510 CA-
