2320 3730
371 159 494 225 250!
665 198 668 203 ,
717 162 1055 213 'VA'RIORUM
1092 164 1342 217 PATRUM
1377 163 1708 226 ermom,

1195 257 1197 260 ’
1245 247 1454 286 anathemate
1464 253 1557 301 feriat
1568 267 1624 293 eos
1632 282 1643 298 ,
1669 257 1726 301 qui
1735 255 1801 293 hoc
1812 257 1832 293 a
1842 258 2005 307 principio
2018 262 2126 305 sapue-

1243 311 1318 337 runt
1331 312 1430 343 atque
1440 301 1640 338 docuerunt.
1666 306 1710 340 Et
1722 307 1780 342 iste
1786 309 1943 355 liquidem
1956 310 2128 355 postquam

1243 351 1298 385 vix
1324 351 1458 393 tandem
1485 352 1604 394 nostris
1624 353 1838 399 dogmatibus
1858 360 1904 394 est
1930 355 2131 405 adjunctus,

1241 413 1321 436 mox
1342 414 1457 438 eornm
1484 402 1791 440 anathematismum
1811 419 1948 448 conatur
1973 412 2126 457 exigere,

1243 464 1263 496 q
1276 453 1328 487 rasi
1342 465 1401 498 pro
1415 454 1481 498 ipsa
1493 465 1601 490 rerum
1613 454 1805 489 rectitudine
1827 460 1989 500 poenitens
1999 488 2008 495 .
2073 463 2125 495 nia

1241 503 1250 536 i
1277 503 1342 538 itur
1352 503 1418 538 hoc
1441 515 1544 539 omne
1561 505 1690 540 nostros
1702 506 1796 540 valde
1811 508 1994 552 perturbat,
2018 514 2124 554 quaeso

1240 555 1451 589 Sanstitatem
1479 566 1570 590 tuam
1580 581 1592 598 ,
1617 556 1651 590 δε
1663 555 1781 591 iterum
1795 559 1920 601 quaeso,
1948 569 1985 593 ut
2006 561 2124 598 doceas

1240 615 1300 638 nos
1313 630 1324 646 ‚
1350 616 1461 640 utrum
1473 616 1547 641 vera
1558 607 1596 640 fit
1607 632 1618 651 ‚
1634 618 1703 651 quae
1713 618 1827 642 omnes
1838 619 1899 643 nos
1912 609 2122 653 perturbavit,

1238 654 1353 698 opinio
1365 681 1372 688 .
1399 655 1490 691 Nam
1517 657 1557 691 de
1570 657 1804 701 subscriptione
1827 668 1890 694 tuae
1901 659 2037 695 scribere
2048 661 2124 696 San-

1239 706 1342 740 &irati
1353 731 1364 747 ,
1388 707 1527 742 arbitror
1537 707 1811 752 eflesuperfluum
1822 733 1833 749 ,
1859 721 1930 752 quae
1953 708 2032 754 saepe
2055 722 2126 755 pro-

1239 755 1322 790 misit
1334 755 1464 791 nuli'um
1476 759 1507 791 se
1518 753 1632 793 contr‘a
1644 758 1850 793 voluntatem
1861 760 1901 793 ad
1913 759 1971 794 ista
1980 762 2124 804 compel-

1240 806 1304 840 le‘re
1315 831 1322 838 .
1347 806 1474 841 Haecin
1486 810 1658 843 communi
1674 808 1809 843 scribere
1823 811 1933 844 cunffi
1945 811 2123 852 voluimus,

510 348 776 431 CAPUT
812 379 960 423 xcv.
1010 364 1170 442 *2-183

284 564 419 643 Ῑηὶὶρίτ
452 570 622 640 Epistola
655 607 670 632 9
704 587 747 617 ut
780 571 889 637 ajunt
901 590 932 628 ,ζ
953 565 1177 620 Theodoreti

497 640 675 711 Episcopi
708 639 760 686 ad
778 643 962 696 Joan'nem

610 707 815 773 Antchhiae
833 746 847 768 2

378 904 465 945 Eus,
491 902 549 945 qui
564 902 721 946 sapienter
732 902 846 938 emnia
862 903 1022 949 indagans
1034 927 1046 944 ,
1070 903 1170 938 &no-

402 955 470 989 strae
481 952 690 988 unanimitati
703 953 904 997 prospiciens
915 980 926 997 ,
953 954 987 988 &
1000 955 1095 988 saluti
1107 954 1171 988 Po-

276 1006 429 1048 pulcrum
443 1013 576 1048 parcens
587 1003 773 1047 praeparavit
784 1027 795 1043 ,
815 1014 857 1038 ut
872 1005 1122 1039 conveniremus
1134 1005 1168 1036 in

274 1066 384 1091 unum
406 1079 417 1096 ,
444 1056 473 1089 is
498 1055 534 1088 &
559 1054 719 1088 consonas
741 1053 782 1087 ad
803 1053 947 1090 invicem
973 1056 1167 1089 cun-storum

278 1106 466 1139 voluntates
478 1103 621 1139 ostendit
631 1129 638 1136 .
667 1104 706 1137 In
717 1105 890 1141 communi
901 1106 995 1153 enirn=
1021 1105 1167 1148 legentes

273 1155 459 1200 ‚AEgyptias
469 1156 612 1193 litteras,
639 1154 796 1188 &earum
821 1164 969 1189 mentem
990 1152 1166 1188 discutien-

269 1213 321 1239 tes
337 1204 495 1239 subtiliter
509 1229 519 1244 ,
548 1204 694 1238 consona
717 1204 839 1239 nostris
855 1216 912 1246 ea,
938 1216 1010 1248 quae
1033 1204 1167 1250 quidem

271 1257 348 1289 :sunt
361 1267 415 1298 per
430 1254 613 1297 Epistolam
626 1255 739 1298 scripta
753 1278 763 1294 ,
774 1256 1016 1300 cognovimus,
1042 1255 1076 1288 ὅ(
1086 1253 1165 1288 duo-

267 1306 377 1339 decim
392 1305 556 1347 Capitulis
573 1306 657 1348 quafi
672 1305 691 1339 ὲ
704 1306 861 1351 regione,
886 1316 1002 1340 contra
1029 1317 1099 1349 quae
1111 1306 1165 1353 uss-

269 1366 334 1396 que
354 1356 393 1389 ad
408 1358 540 1398 praesens
552 1355 748 1398 perstitimus
760 1355 956 1390 dimicantes
968 1382 975 1388 .
1003 1356 1064 1389 llla
1076 1363 1165 1389 nam-

267 1416 333 1448 que
346 1406 469 1439 habent
491 1407 664 1439 Carnaltter
685 1417 804 1439 carnem
822 1405 941 1447 sallum
966 1418 1005 1440 ex
1015 1407 1076 1440 Deo
1094 1409 1168 1439 Ver-¹

267 1453 359 1496 bum,
387 1457 421 1489 ὃ(
437 1461 601 1489 Um'tionem
616 1455 777 1498 fhcundicm
796 1454 1019 1498 substantiam,
1044 1455 1161 1501 &Gens
1184 1487 1187 1490 ,

265 1513 392 1537 ventum
417 1512 493 1538 circa
520 1511 682 1538 unitionem
698 1507 888 1544 naturalem,
915 1507 948 1538 ὅς
975 1506 1071 1537 Deum
1093 1507 1162 1537 Ver·
1183 1509 1187 1546 J

263 1553 335 1586 bum
355 1553 718 1597 PrImogem'tumfac‘lum
729 1566 767 1587 ex
781 1559 907 1587 mortuis
922 1559 936 1584 .’
954 1553 1162 1587 Interdicunt

261 1603 344 1636 vero
369 1605 401 1635 ὃ(
420 1615 538 1636 vocum
556 1626 566 1642 ‚
592 1614 662 1645 quae
682 1603 724 1638 de
751 1601 886 1638 Christo
909 1604 1006 1644 sunt,
1032 1603 1162 1637 divific-

262 1663 339 1686 nem
355 1677 362 1684 .
389 1653 432 1686 Et
444 1653 506 1686 alia
518 1659 628 1686 'autern
642 1663 752 1696 praeter
763 1653 830 1686 haec
840 1649 1003 1687 habebant
1017 1652 1058 1686 ab
1072 1651 1162 1696 Apo·

261 1702 388 1736 stolicis
400 1703 535 1745 quidem
552 1702 771 1746 dogmatibus>
783 1703 889 1738 aliena
902 1728 913 1745 ‚
940 1714 983 1738 ex
1003 1703 1159 1738 haereticis
1182 1731 1185 1734 .

261 1753 343 1787 vero
354 1753 490 1787 zizanii-s
510 1753 749 1797 germinantia.
803 1760 805 1763 ’
863 1774 868 1781 -

311 1804 396 1850 Qae
418 1813 529 1837 autem
553 1814 643 1836 nunc
664 1804 700 1837 in
733 1802 881 1845 Epistola
909 1803 1124 1839 continentur
1147 1828 1159 1844 ,

259 1851 350 1887 clare
363 1853 536 1887 nobilitate
554 1852 752 1897 Evangelica
764 1851 975 1887 decorantur.
1004 1854 1165 1889 Praedica·-
1181 1857 1183 1862 ’

258 1912 315 1936 tur
327 1914 469 1946 namque
482 1904 517 1936 in
529 1903 575 1936 eis
589 1903 683 1936 Deus
707 1902 740 1936 δε
753 1901 856 1937 homo
871 1903 1024 1946 perfestus
1037 1906 1156 1939 Domi-

257 1965 324 1987 :nus
350 1954 458 1986 noster
485 1953 574 1994 Jesus
596 1952 766 1990 Christus2
791 1953 825 1986 &
846 1952 916 1986 duae
931 1963 1079 1995 naturae,
1104 1967 1154 1989 ea—

254 2012 398 2042 rumque
419 2001 625 2042 differentia,
650 2002 685 2035 &
707 2001 817 2035 unitio
838 2002 1011 2038 inconfusa
1035 2017 1044 2037 z
1069 2005 1152 2038 Non

259 2050 352 2095 quasi
378 2050 649 2093 perliquidorum
669 2052 811 2084 invicem
824 2051 1023 2085 mixtionem
1037 2075 1048 2091 ,
1074 2058 1153 2086 coa-

257 2101 455 2146 gulatumve
478 2100 650 2140 fermenti,
680 2099 733 2133 sed
753 2098 964 2134 ineffabiliter
983 2125 996 2142 ,
1020 2101 1054 2134 &
1075 2101 1153 2135 Deo

258 2152 414 2185 decenter
428 2150 536 2185 effecta
548 2175 559 2190 ‚
586 2151 621 2183 δε
646 2161 716 2193 quae
740 2159 928 2184 naturarum
942 2151 1152 2195 proprietates

257 2201 404 2245 :integras
429 2199 635 2233 conservavit
663 2224 671 2230 .

257 2252 352 2285 Deus
365 2249 512 2284 Verbum
526 2272 538 2288 ,
563 2257 662 2290 atque
680 2247 964 2290 inconvertibilis;
990 2250 1159 2292 templum

257 2300 338 2335 vero
353 2298 496 2343 paffibile
508 2323 519 2339 ‚
547 2310 583 2332 ac
595 2298 695 2331 morti
718 2297 759 2332 ad
772 2297 944 2331 modicum
971 2298 1128 2333 traditum
1142 2324 1152 2340 ,
1180 2324 1182 2326 >

258 2352 293 2385 δε
305 2351 525 2384 resuscitatum
536 2348 641 2382 rursus
650 2348 745 2381 unita
759 2348 825 2382 Dei
839 2347 960 2382 virtute
980 2372 988 2380 .
1015 2348 1152 2392 Spiritus

258 2413 393 2445 quoque
405 2401 539 2435 Sanctus
550 2409 618 2433 non
629 2410 671 2432 ex
694 2398 784 2432 Filio
796 2423 808 2438 ‚
834 2409 889 2433 aut
899 2409 954 2442 per
964 2398 1085 2432 Filium
1097 2397 1152 2434 ha·
1179 2419 1192 2445 1
1254 2418 1266 2421 ··

259 2452 342 2485 bens
354 2450 585 2485 subsistentiam
599 2474 610 2490 ,
636 2447 690 2483 sed
702 2447 855 2492 prodiens
868 2448 1002 2492 quidem
1013 2448 1030 2482 a
1045 2448 1150 2484 Patre:

258 2502 415 2545 Proprius
442 2500 519 2535 vero
531 2525 542 2540 ‚
569 2499 646 2543 quia
672 2500 708 2534 &
733 2500 764 2533 ei
777 2499 1062 2533 consubstantialis
1088 2500 1124 2533 fit
1140 2524 1150 2539 ,

259 2553 455 2586 nominatus
467 2577 474 2584 .
505 2551 604 2584 Hanc
616 2550 840 2584 testitudinem
853 2549 1090 2590 conspicientes
1114 2549 1149 2583 in

260 2602 378 2636 litteris
388 2594 460 2645 ipsis
470 2626 481 2642 ,
510 2601 543 2634 &
556 2599 643 2643 quasi
663 2598 827 2641 &regione
839 2599 1040 2632 contrarium
1067 2610 1149 2642 repe-

260 2653 384 2686 rientes
394 2652 440 2685 eis
452 2675 463 2690 ,
490 2661 559 2692 quae
570 2645 645 2681 ante
655 2647 836 2692 conscripta
847 2649 923 2682 sunt
934 2673 945 2689 ‚
974 2648 1148 2684 conlauda·
1178 2639 1183 2663 ³

260 2702 372 2737 vimus
388 2701 500 2734 Deum
514 2724 524 2739 ‚
551 2698 607 2741 qui
620 2696 783 2731 blesorum
810 2698 940 2743 linguas
958 2698 1083 2732 solvere
1102 2699 1149 2733 di·
1214 2710 1216 2715 ¹

260 2760 384 2799 gnatus
395 2748 440 2784 est
456 2773 466 2789 ,
476 2748 684 2782 &incertum
697 2749 813 2782 sonum
829 2749 862 2781 in
877 2748 1083 2783 articulatam
1093 2760 1149 2782 vo·

260 2812 336 2837 cem
350 2802 544 2842 suavemque
554 2797 699 2831 traduxit
711 2822 718 2829 .
744 2798 798 2831 De
810 2796 862 2831 his
875 2798 974 2842 igitur
988 2796 1072 2833 hanc
1093 2796 1149 2833 ha·

260 2851 395 2887 buimus
418 2848 630 2883 sententiam.
656 2847 769 2881 Altera
791 2846 870 2881 vero
881 2847 1047 2883 diffamata
1074 2849 1148 2884 sunt

262 2900 410 2946 quaedam
422 2924 434 2940 ,
461 2910 531 2943 quae
543 2910 603 2932 nos
617 2897 756 2932 nimium
767 2897 990 2943 turbaverunt.
1020 2899 1148 2934 Dicunt

263 2952 357 2987 enirn
370 2950 459 2994 quod
472 2951 520 2990 is,
547 2947 968 2993 quihicpoenitudine'usus
992 2949 1048 2990 sit,
1078 2960 1147 2984 non

265 3002 372 3036 solum
398 2999 588 3043 dejestionis
621 2999 685 3033 five
696 2997 916 3041 damnationis
943 2996 1149 3043 subscriptio-

264 3063 343 3086 nem
354 3052 372 3084 ὲ
382 3051 483 3085 vestra
495 3049 673 3085 Sanctitate
685 3050 809 3083 nitatur
819 3048 871 3083 exi
897 3055 950 3082 'ere
961 3072 972 3087 ,
999 3049 1051 3082 sed
1074 3060 1148 3084 ana-

268 3100 510 3135 thematismum
542 3111 675 3145 quoque
709 3099 871 3134 doetrinae-
892 3098 1088 3165 §anffiffimi
1113 3100 1148 3134 ὃς

268 3151 345 3187 Deo
358 3150 554 3183 Amiciffimi
572 3151 725 3195 Episcopi
739 3148 903 3184 Nestoriif.

315 3199 419 3246 Qod
432 3200 452 3231 fi
466 3200 499 3233 id
513 3211 624 3233 verum
637 3200 682 3233 est
695 3225 706 3240 ,
732 3200 822 3244 quod
834 3198 901 3233 haec
912 3198 1000 3233 velut
1023 3211 1065 3233 ex
1076 3211 1148 3233 arce
1185 3186 1187 3189 ”

270 3249 412 3294 praecipit
424 3249 567 3283 civitatis
577 3274 588 3290 ,
613 3250 716 3283 fimile
730 3249 854 3294 aliquid
864 3249 943 3283 facit
953 3275 964 3290 ,
989 3259 1145 3291 tanquam

267 3301 291 3333 fi
303 3299 375 3344 quis
388 3298 444 3331 vix
463 3299 596 3332 tandem
609 3299 776 3341 perdudtus
788 3300 827 3335 ad
837 3298 1146 3334 consubstantialem

220 3342 229 3352 Q
271 3352 348 3389 Deo
374 3347 407 3386 ὅς
423 3347 512 3386 Patri
523 3348 647 3384 Filium
658 3350 883 3386 confitendum
893 3373 904 3392 ‚
929 3361 1009 3386 mox
1030 3350 1147 3386 iterum

1230 2152 1241 2171 ²
1271 2144 1282 2151 “
1291 2137 1487 2204 Epistola
1525 2173 1540 2185 .

715 2199 760 2231 Et
787 2200 992 2242 imP²ffiffi¹³³
1016 2200 1151 2243 quidem
1180 2199 1183 2203 ’
1230 2213 1235 2218 ’
1289 2206 1419 2256 nibus
1454 2208 1651 2273 potuerit
1686 2212 1809 2256 rettae
1834 2205 1937 2256 fidei
1970 2210 2116 2258 inten-

1235 854 1288 890 sed
1301 856 1573 899 deliberavimus,
1601 859 1711 902 potius
1720 870 1783 904 ego
1809 860 1843 893 &
1857 859 2123 895 Sanetiffimus&

1234 907 1309 941 Deo
1325 907 1548 943 Amiciffimus
1571 907 1721 944 Andreas
1742 911 1944 954 Episcopus,
1971 922 2040 944 non
2065 910 2126 954 Sy·

1235 957 1395 991 necliticis
1406 958 1520 993 litteris
1533 983 1544 999 ,
1572 958 1626 993 sed
1639 958 1866 994 amicabilibus
1880 959 1945 1004 haec
1957 970 2017 994 tuae
2028 961 2126 995 inno·

1233 1004 1351 1049 tescere
1365 1009 1554 1050 Sanstitati‚
1581 1010 1613 1042 &
1628 1009 1827 1053 sapientibus
1846 1010 2123 1047 medicaminibus

1231 1057 1296 1092 tuis
1307 1068 1402 1101 eam,
1422 1070 1498 1102 quae
1519 1071 1560 1093 ex
1581 1059 1742 1103 opinione
1766 1070 1842 1094 nata
1864 1060 1932 1102 est,
1958 1060 2121 1104 perturba·

1224 1108 1360 1142 tionem
1380 1108 1545 1142 restituere
1571 1109 1721 1143 sanitati.
1746 1110 1802 1144 De
1813 1120 1889 1145 meo
1916 1121 2025 1145 autem
2047 1111 2130 1145 Do?

1222 1157 1325 1191 -mino
1352 1158 1556 1192 Sanstiffirno
1582 1158 1615 1191 &
1640 1159 1716 1192 Deo
1728 1159 1936 1193 Amiciffimo
1948 1159 2117 1204 Episcopo

1232 1206 1428 1241 Alexandro
1450 1218 1605 1251 rogamus
1625 1217 1719 1242 tuum
1742 1209 1896 1243 Samstum
1917 1209 2027 1253 Caput
2045 1234 2057 1251 ‚
2082 1220 2122 1245 ut

1230 1268 1285 1291 tua
1308 1267 1403 1291 utens
1414 1259 1568 1292 consueta
1590 1258 1748 1302 sapientia
1773 1259 1928 1293 sustineas
1941 1259 2119 1303 patienter.

1223 1307 1528 1353 *Credimusenim
1553 1307 1768 1352 quia-&ipse
1780 1308 1844 1343 una
1866 1308 2038 1344 nobiscum
2061 1321 2120 1345 vo-

1231 1357 1354 1392 luntate
1367 1358 1574 1392 consentiet.-
1601 1359 1669 1392 Etsi
1694 1370 1784 1393 nunc
1805 1359 1970 1404 ambigit,
1996 1359 2123 1395 subtili-

1230 1417 1330 1442 tatem
1354 1410 1528 1442 nominum
1552 1418 1720 1452 quaetens,
1746 1420 1784 1443 ac
1796 1409 1935 1445 minime
1957 1408 2126 1445 intelleaae

1229 1456 1432 1494 eonfeffione
1448 1466 1643 1493 contentus.
2123 1458 2129 1464 '

1226 1581 1355 1627 Hanc
1401 1596 1579 1646 quoque
1632 1583 1899 1647 Scripturam
1947 1599 2003 1629 ex
2036 1571 2127 1630 no-¹

1212 1695 1214 1697 ,
1257 1697 1260 1700 ,
1295 1651 1414 1698 mine
1450 1648 1721 1699 Theodoreti
1745 1649 1949 1717 Episcopi
1982 1652 2119 1699 inter-

1293 1717 1395 1769 serit
1432 1724 1619 1769 Irenae'us
1643 1756 1657 1767 .
1711 1725 1825 1789 Qae
1857 1735 2015 1777 *utrum
2062 1719 2123 1773 stt,

1290 1806 1391 1838 vera
1421 1826 1434 1850 ‚
1470 1789 1684 1839 nescimus
1710 1826 1723 1838 .
1763 1791 1946 1858 Quippe
1980 1806 2116 1857 quam

1293 1861 1468 1911 viventi
1504 1862 1548 1910 ei
1574 1861 1718 1910 nullus
1753 1859 1913 1923 legitur
1937 1859 2118 1926 objecis-

1292 1929 1334 1980 se
1360 1967 1374 1993 ,
1415 1931 1491 1982 vel
1526 1928 1714 1981 docuisse
1750 1929 1874 1999 quod
1905 1935 1999 1998 ejus
2034 1930 2116 1980 fit.

1291 2004 1393 2050 Nec
1431 2018 1581 2051 tamen
1616 2001 1727 2051 mihi
1761 2038 1776 2062 ,
1819 2001 1852 2050 fi
1886 2004 1977 2068 ejus
2015 1999 2079 2050 est
2100 2037 2117 2062 ‚

1289 2069 1590 2117 inexcusabilis
1625 2105 1639 2129 ,
1689 2070 1833 2117 fateor
1878 2106 1892 2130 ‚
1941 2070 2117 2119 videtur

1589 2141 1713 2187 Nam
1749 2136 1871 2205 quod
1906 2155 1987 2205 pro
2022 2155 2118 2187 om-

1293 2277 1418 2326 tione
1453 2274 1668 2325 conscribi
1702 2312 1717 2336 ,
1753 2275 1862 2326 illud
1895 2277 2086 2327 ostendit
2098 2274 2122 2341 ,³

1267 2344 1409 2413 'quod
1446 2344 1596 2397 laudet
1629 2344 1762 2396 fidem
1805 2349 1985 2398 unitivae
2020 2350 2116 2416 epi-

1288 2416 1408 2470 stolae
1443 2418 1570 2471 Beati
1607 2417 1811 2483 Cyrilli:
1867 2421 1998 2466 *uam
2021 2435 2116 2468 non

1286 2484 1400 2536 solus
1434 2522 1448 2546 ,
1484 2502 1535 2534 ut
1569 2486 1853 2553 probavimus
1887 2523 1902 2549 ,
1939 2496 2116 2537 arcera-4

1286 2572 1358 2605 tur
1405 2554 1655 2604 Alexander
1689 2592 1703 2603 .
1750 2555 1836 2604 Sed
1882 2574 1962 2606 nec
1997 2558 2112 2607 ullus

1283 2626 1396 2675 alius
1443 2624 1704 2691 approbavit
1751 2641 1901 2675 eorum
1946 2662 1960 2687 ,
2027 2629 2110 2694 qui

1255 2702 1386 2745 “cum
1410 2760 1412 2762 Ι
1433 2693 1642 2744 Ne'storio
1692 2693 1878 2763 separati
1925 2696 1982 2746 ab
2019 2701 2110 2747 Ec-

1235 2766 1237 2769 ’
1263 2764 1415 2816 'clefia
1444 2763 1687 2814 remansere
1721 2801 1735 2812 .

1782 2764 1923 2838 Qod
1958 2782 2109 2818 autem

1282 2838 1331 2885 in
1373 2833 1658 2899 dejectionem
1718 2835 1914 2893 Nestorii
1978 2853 2118 2888 non-s-

1280 2903 1497 2955 consentit
1546 2905 1603 2955 ad
1650 2905 1835 2974 prae'sens
1862 2943 1877 2968 ,
1924 2906 2013 2957 hoc
2061 2910 2119 2972 ei·

1251 2993 1513 3026 ‚commune
1572 2994 1675 3027 curn
1721 2979 1886 3026 caeteris
1932 2979 2108 3046 Coepi-v

1281 3045 1424 3116 scopis
1459 3081 1472 3094 .
1510 3050 1569 3095 Et
1603 3047 1722 3115 prius
1758 3047 1842 3098 fuit
1876 3085 1890 3109 ,
1925 3052 1969 3097 &
2003 3047 2102 3116 post

1279 3136 1369 3167 non
1416 3134 1553 3184 parva
1587 3120 1646 3177 in
1695 3134 1818 3186 parte
1873 3133 1979 3167 tunc
2031 3117 2113 3169 us·v
2164 3112 2167 3119 ’

1281 3205 1368 3256 que
1394 3186 1682 3254 permanserat
1708 3190 1916 3240 Concilio
1935 3191 2115 3238 Orien-—

1278 3261 1338 3307 tis
1360 3294 1374 3305 .
1427 3264 1631 3330 Qorum
1677 3260 1819 3309 nullus
1867 3259 1987 3327 quafi
2038 3258 2095 3307 ab

1281 3331 1510 3381 Haereticis
1547 3345 1653 3381 tunc
1689 3328 1879 3384 reversus
1903 3330 1965 3405 ‘est
1997 3347 2092 3394 poe-

1922 3407 2043 3440 nitens,
