2320 3730
360 151 456 211 318

717 149 998 204 VARIORu
1021 164 1053 195 M
1088 150 1338 199 PArnuM
1373 148 1688 216 Erus-rom,

285 234 497 274 transmiserit
520 233 656 284 Joannis
668 234 858 276 Patriarehae
875 235 1043 280 epistolam
1055 257 1066 272 ,
1092 231 1169 266 sub-

1238 234 1380 268 rexerint
1395 257 1408 275 ,
1432 235 1456 268 fi
1469 242 1695 279 tamenrevera
1709 240 1834 277 venerit
1845 242 1979 291 aliquis;
2010 246 2063 280 sed
2074 246 2114 282 ad

285 284 488 325 scribendam
514 284 556 320 ab
575 286 730 328 omnibus
742 287 932 331 Episcopis:
958 282 1057 317 Haud
1069 281 1168 321 dubi&
1234 284 1416 324 Direstmes
1441 286 1515 320 suos
1537 286 1770 330 inhonoratum
1782 294 1960 330 remittam.
1991 295 2024 330 Si
2036 298 2114 336 vero

283 344 351 370 erat
364 334 513 372 Libellus
523 347 635 380 pacem
656 338 811 382 profitens
822 358 833 374 ‚
859 334 894 373 ,δε
906 332 1053 374 abjurans
1063 330 1167 368 Schifi

282 395 358 429 ma,
380 384 570 424 distinstum
592 398 645 430 per
667 395 782 421 omnes
803 393 865 417 tres
886 382 976 416 illius
994 383 1166 418 articulos.

282 433 405 474 Tertio
429 460 442 476 ‚
467 437 557 480 quod
580 434 767 478 Hesychius
787 457 798 475 ,
824 433 859 467 &
879 432 935 468 alii
956 431 1045 469 haud
1068 434 1166 475 dubie

279 484 437 531 Episcopi
471 487 680 522 moderamen
718 483 928 528 supplicarint
946 507 957 523 ,
985 484 1020 524 ἀ
1049 484 1165 525 auferri

279 534 453 579 quemdam
477 534 675 570 articulum:
704 534 748 568 Et
774 533 863 579 quod
877 533 1018 583 Joannes
1029 533 1166 575 Patriar·

276 584 338 623 cha
362 584 590 630 dispensatorie
616 584 785 619 annuerit.
816 583 968 630 Quarto,
994 585 1086 629 quod
1109 583 1164 626 hic

277 635 431 675 articulus
442 633 582 669 omnino
592 636 691 671 fuerit
702 635 873 676 damnatio
886 634 1049 676 Nestorii.
1063 636 1163 678 Hanc

276 686 369 719 enim
390 685 576 720 orientales
598 685 752 729 Episcopi
781 686 904 729 semper
932 686 1070 726 oderant
1092 711 1103 728 ‚
1127 687 1161 729 ὃς

273 734 359 774 ‘istud
384 744 678 779 temperamentum
705 736 846 780 Joannes
868 735 935 777 illis
959 735 1000 771 ab
1021 736 1161 775 exordio

272 784 485 827 promiserat.
513 782 712 825 Promiserat
721 787 907 830 permittere
918 811 929 828 ‚
942 797 979 827 ut
993 787 1161 831 unusquis-

270 831 378 876 quein
395 834 454 872 suo
473 833 566 875 sensu
582 835 759 878 abundaret
772 861 779 874 ,
807 835 942 884 Qut&
953 860 964 878 ‚
990 837 1081 881 quod
1091 838 1158 879 He-

269 881 404 926 sychius
417 884 548 923 sentiret
557 884 707 929 libellum
717 888 758 931 sic
769 888 832 923 effe
844 887 1031 933 legitimum
1043 912 1054 929 ,
1067 886 1158 932 Apo-

270 931 385 975 stolice
421 945 619 981 conceptum
644 962 656 979 ,
681 938 715 973 ὅς
738 937 780 981 ab
799 934 955 980 omnibus
981 937 1159 982 approban-

268 983 347 1018 dum
363 1007 372 1017 .
399 983 501 1026 Sexto
522 983 534 1028 ,
559 989 650 1031 quod
675 988 828 1030 Secundae
849 988 977 1030 Ciliciae
998 988 1156 1032 Episcopi

267 1030 336 1073 haec
357 1036 470 1076 omnia
482 1036 696 1080 admiserint,
723 1038 993 1082 &cumJoanne
1017 1039 1157 1078 Patriar-

265 1080 327 1125 cha
341 1083 497 1128 redierint
521 1086 555 1120 in
568 1088 729 1132 gratiam.
755 1089 850 1129 Hinc
861 1085 1050 1131 Hesychius
1062 1086 1156 1127 illum

267 1133 410 1177 appellat
422 1135 499 1170 Deo
509 1136 760 1177 amiciffimum,
790 1137 824 1170 δε
837 1136 1085 1177 sanetiffimum2
1113 1137 1156 1179 Et

194 1223 201 1227 ,
265 1183 324 1225 ista
337 1186 449 1219 omnia
460 1195 501 1227 cit
513 1183 678 1229 condicto
701 1187 796 1227 refert
807 1183 997 1227 Alexandro
1008 1212 1015 1228 ·.

449 1400 709 1453 CAPUT
744 1403 952 1454 CLVIII.
988 1414 1152 1470 —--246

987 1501 990 1547 ι

287 1541 384 1587 Velut
426 1549 466 1578 ut
503 1540 772 1591 Anagnfflx'cum
803 1569 815 1595 ,
854 1542 975 1594 inquit
1003 1569 1015 1588 ‚
1054 1548 1121 1582 Deo

264 1605 268 1609 ’
373 1593 582 1647 Amiczffimi
619 1595 778 1650 Episcopi
815 1599 947 1638 Meletii
992 1599 1037 1642 ad

467 1657 701 1694 Maximinum
739 1659 771 1693 E
767 1652 942 1707 pifiopum

600 1712 803 1760 anazarbi.

365 1839 381 1873 1
403 1835 534 1881 quidem
553 1862 564 1879 ,
591 1839 651 1883 qui
673 1838 866 1883 scripserunt
879 1862 891 1883 2
917 1849 981 1883 qua
993 1837 1150 1875 intentio-

260 1925 270 1929 ,⁷
318 1887 321 1889 ’
390 1898 433 1922 ne
455 1888 655 1932 scripserint,
682 1900 752 1929 non
764 1887 869 1925 habeo
886 1887 1010 1923 dicere.
1039 1889 1102 1924 Sed
1113 1889 1148 1927 il-

256 1938 315 1973 lud
328 1939 429 1980 novi,
454 1939 546 1982 quod
557 1951 619 1973 nos
629 1939 671 1978 ad
683 1940 785 1983 impia
805 1940 976 1978 manifeste
985 1939 1148 1975 invitent.

254 1988 414 2030 Namque
435 1988 611 2030 praebendo
633 1990 833 2034 consilium,
858 1999 895 2023 ut
921 2001 963 2024 ne
989 1989 1148 2027 Ecclesias

254 2037 431 2073 obtineant
452 2036 612 2078 haeretici,
640 2051 710 2072 non
735 2050 789 2072 eas
799 2039 910 2080 potius
925 2039 1148 2080 Ioannicom-

256 2138 280 2172 fi
318 2149 361 2172 ne
381 2137 437 2171 alii
460 2133 602 2171 haeretici
625 2136 727 2174 futuri
750 2135 812 2170 fint
828 2160 840 2177 ,
870 2147 929 2174 vos
959 2136 1072 2184 potius
1104 2138 1148 2171 es-

258 2190 296 2222 sse
323 2184 462 2220 haeretici
478 2181 635 2221 festinate
655 2184 677 2214 Δ.)
701 2184 813 2222 Claret
832 2186 923 2220 enim
942 2208 955 2224 ,
980 2184 1071 2228 quod
1090 2187 1148 2229 qui

255 2236 308 2271 his
330 2232 577 2273 communicare
598 2231 755 2277 delegerit
777 2256 788 2273 ,
825 2234 883 2277 qui
906 2243 1023 2269 omnes
1046 2233 1148 2269 haero-

256 2290 306 2321 ses
322 2284 567 2330 incongruitate
578 2283 726 2318 vicerunt
740 2307 751 2324 ,
777 2294 863 2317 unus
871 2293 986 2321 eornm
997 2283 1062 2327 ipse
1070 2295 1136 2328 quo

255 2347 320 2383 que
344 2337 398 2371 sua
419 2334 659 2373 communione
681 2333 852 2372 reddatur.
882 2334 974 2370 Sicut
986 2334 1076 2370 enim
1091 2335 1145 2379 qui

254 2386 394 2423 adhaeret
416 2385 594 2426 Domino,
620 2394 706 2418 unus
726 2383 772 2418 est
794 2383 945 2428 spiritus,
971 2384 1012 2417 sic
1034 2385 1068 2419 &
1090 2385 1145 2428 qui

256 2436 398 2476 adhaeret
421 2434 601 2476 haereticis,
628 2444 714 2470 unus
730 2433 775 2469 est
788 2434 936 2478 spiritus.
964 2434 1053 2468 Nam
1065 2434 1143 2479 quid

255 2487 301 2523 est
313 2487 402 2523 aliud
415 2498 491 2522 cum
503 2484 622 2525 talibus
633 2496 699 2520 una
711 2484 906 2522 communio
919 2508 930 2524 ,
957 2485 1015 2522 nifi
1037 2486 1078 2521 ad
1090 2496 1146 2522 eos

256 2537 446 2581 conjunctio
470 2547 525 2582 per
547 2537 665 2574 animae
685 2536 835 2571 affestum
855 2536 870 2572 ἓ
894 2535 1006 2582 Qare
1028 2534 1069 2568 de
1091 2533 1142 2570 his

255 2589 386 2634 proprie
407 2588 538 2622 fortasse
551 2587 677 2624 dicetur
687 2607 698 2623 ,
723 2583 812 2628 quod
823 2585 878 2628 qui
890 2584 937 2620 eis
951 2582 1117 2622 adhaeserit
1131 2610 1141 2629 ‚

255 2649 345 2678 unus
366 2639 405 2671 fit
432 2637 583 2680 spiritus.
610 2636 692 2668 Haec
715 2644 825 2670 autem
850 2633 969 2670 clarius
989 2634 1144 2671 indicavit

256 2687 457 2726 Humilitati
468 2696 543 2720 meae
552 2685 630 2721 Deo
642 2683 864 2719 Amiciffimus
875 2684 1054 2728 Episcopus
1066 2686 1143 2719 Hel·

257 2736 366 2775 ladius
389 2747 444 2780 per
471 2735 616 2777 litteras,
642 2745 711 2777 quae
732 2733 897 2771 mihisunt
908 2734 1038 2771 redditae
1049 2737 1143 2771 tertia

258 2784 429 2826 sabbathi,
457 2783 613 2824 meridie,
644 2785 833 2829 quasetiam
847 2785 1000 2821 mandare
1011 2783 1143 2821 tuaedis-

259 2836 430 2883 posueram
460 2833 645 2873 Sanaitati,
675 2832 732 2868 nifi
753 2832 868 2869 Lector
887 2845 962 2869 cum
985 2845 1044 2869 tuo
1064 2859 1075 2878 ,
1102 2835 1141 2869 ad

259 2885 350 2930 quod
370 2883 574 2927 respondeo,
599 2882 828 2926 Anagnostico
851 2885 1059 2925 pervenisset.
1087 2885 1140 2921 Illi

259 2943 370 2972 autem
386 2933 523 2980 rescripsi
536 2958 548 2974 ,
573 2931 661 2977 quod
673 2942 727 2976 per
737 2932 874 2977 gratiam
896 2933 961 2967 Dei
975 2946 1034 2970 nec
1045 2945 1143 2970 nove·

259 2986 322 3021 rim
346 2984 419 3018 illos
441 3008 452 3025 ,
489 2984 547 3030 qui
577 2983 700 3027 semper
726 2981 860 3029 quidem
881 2993 993 3018 contra
1013 2994 1074 3018 nos
1097 2984 1145 3028 sy-

259 3034 367 3069 nodos
391 3035 497 3070 facere
521 3032 738 3070 meditantur.
764 3033 846 3069 Sunt
859 3031 1145 3077 vereasemetipfis

262 3083 397 3127 depositi
411 3097 422 3117 .-
449 3084 523 3119 Nec
543 3091 660 3129 reputo
679 3093 736 3119 eos
755 3081 935 3120 ullatenus.
963 3082 1032 3130 Qui
1053 3083 1142 3118 enim

261 3133 335 3170 sunt
346 3133 395 3167 illi
406 3159 417 3174 ‚
443 3134 500 3178 qui
512 3145 573 3168 nos
583 3132 624 3169 ad
635 3133 809 3177 Synodum
820 3143 997 3178 provocent
1010 3134 1032 3167 ἓΔ
1049 3132 1144 3178 Qos

261 3183 456 3227 oportebat,
483 3184 506 3217 sr
530 3194 639 3219 tamen
660 3183 783 3230 justitia
808 3182 1140 3225 servareturanobis,

262 3230 474 3277 adjudicium
486 3233 677 3276 provocari,
703 3234 737 3267 δε
763 3245 897 3278 eorum,
923 3245 994 3278 quae
1007 3233 1048 3268 ab
1070 3234 1141 3278 ipsis

263 3280 377 3327 inique
396 3282 430 3317 &
452 3281 563 3317 insane
582 3284 656 3317 sunt
673 3285 859 3330 praesumpta
872 3309 884 3326 ,
909 3283 1039 3321 reddere
1049 3285 1142 3318 ratio-

261 3342 323 3374 nes
332 3355 340 3366 .
350 3332 457 3379 Igitur
468 3341 529 3370 nec
539 3332 739 3380 respondebo
749 3335 912 3372 ullatenus
923 3335 953 3371 ei
966 3357 978 3377 ,
989 3345 1085 3380 quern
1095 3335 1141 3370 di-

253 2085 460 2123 municando
470 2095 657 2127 teneamus,
684 2086 763 2130 quid
784 2087 829 2124 est
842 2086 932 2125 aliud
943 2087 1051 2123 dicere
1062 2111 1073 2127 ,
1100 2087 1148 2120 ni·
1156 2093 1171 2238 Ι
1188 2111 1190 2118 .

1233 333 1351 375 habere
1364 335 1421 371 vifi
1433 336 1557 375 fuerint
1566 335 1727 382 Principis
1743 351 1861 379 nutum
1871 366 1881 382 ‚
1894 354 1972 381 tunc
1982 346 2113 383 credens

1231 396 1272 418 ex
1287 386 1492 429 permiffione
1505 386 1570 426 Dei
1581 389 1642 423 effe
1657 386 1742 425 hanc
1754 400 1820 424 rem
1831 413 1843 431 2
1866 392 1900 427 &
1917 406 1971 438 per
1980 395 2036 433 has
2046 408 2112 434 ten·

1230 436 1371 475 tationes
1402 435 1521 472 bonam
1541 438 1626 472 circa
1650 439 1682 474 se
1704 438 1915 478 devotionem
1938 447 2111 490 aromate,

1229 484 1397 528 abscedam
1411 487 1519 531 potius
1539 487 1581 522 ab
1594 488 1736 528 Ecclesia
1749 489 1808 529 ista
1819 502 1915 535 opere
1925 492 2044 532 docens
2056 510 2110 542 per

1226 537 1370 581 gratiam
1378 538 1447 572 Dei
1459 549 1624 583 quemque
1636 540 1820 575 volentium
1832 566 1843 583 ‚
1869 552 1906 577 ut
1919 541 2110 585 Barathrum

1228 586 1422 630 perditionis
1444 589 1605 634 effugiant
1626 615 1636 630 ‚
1664 602 1762 635 quarn
1791 593 1896 635 patiar
1927 600 2107 632 communi-

1226 637 1334 679 cando
1355 640 1401 675 eis
1425 639 1457 677 in
1471 639 1532 675 hac
1542 639 1682 680 Ecclesia
1694 651 1882 686 permanete
1893 667 1904 688 ,
1931 644 1966 683 ἀ
1978 655 2110 683 memet-

1224 685 1330 729 ipsum
1340 688 1495 729 omnibus
1506 690 1657 735 prodere.
1696 687 1700 691 “

1274 737 1363 784 Quae‘
1383 739 1422 778 ad
1439 751 1527 776 tuam
1549 742 1758 781 Sanctitatem
1782 742 2108 783 nuncamedicenda

1223 787 1378 830 provideo
1401 790 1492 837 super
1509 792 1750 831 contestatione
1765 793 1987 829 clericorum.
2015 795 2109 831 Ridi-

1222 837 1334 877 culum
1358 850 1500 884 namque
1520 842 1590 887 est,
1616 842 1695 876 ficut
1716 843 1765 879 illi
1789 855 1857 881 non
1881 843 2054 882 trahuntur
2064 845 2106 883 ad

1222 889 1343 923 curiam
1358 914 1368 929 ,
1394 902 1459 935 ego
1481 903 1590 928 meam
1611 892 1722 930 fallam
1736 895 1974 933 conscientiam
1995 906 2107 931 coram

1223 938 1297 975 Deo
1309 963 1320 979 ,
1346 940 1378 974 &
1392 941 1522 983 perdam
1549 943 1646 979 &me
1671 943 1705 979 ,δε
1718 943 1907 988 Populum,
1933 956 2029 991 quem
2047 947 2107 980 mi-

1221 984 1255 1027 hi
1267 991 1450 1036 commisit,
1478 991 1557 1030 dum
1570 1004 1621 1026 me
1633 993 1683 1026 illi
1696 995 1787 1037 sequi
1799 993 1939 1033 debeant
1951 1020 1962 1036 ,
1988 996 2008 1029 fi
2023 995 2106 1034 bene

1221 1040 1375 1080 praefuero
1388 1065 1399 1084 ,
1427 1042 1461 1078 &
1474 1042 1553 1080 sicut
1565 1042 1635 1081 dux
1646 1043 1743 1077 fuerit
1755 1044 1924 1080 Dominus
1935 1044 2101 1081 Christus.

1196 1104 1198 1108 f
1221 1086 1436 1128 Manifestum
1449 1091 1526 1124 vero
1538 1091 1606 1131 est,
1633 1092 1709 1134 quia
1722 1104 1798 1129 eum
1819 1093 1877 1138 qui
1899 1104 1957 1137 pro
1983 1095 2105 1141 pietate

1220 1146 1338 1177 certat,
1366 1148 1436 1172 non
1450 1139 1556 1172 solum
1570 1137 1812 1176 nihil'metuere
1831 1153 1996 1185 oporteret
2009 1169 2021 1185 ,
2049 1145 2103 1182 sed

1219 1186 1251 1220 ἀ
1265 1186 1305 1221 ad
1317 1187 1537 1225 sustinendum
1551 1188 1620 1224 dira
1633 1190 1748 1223 omnia
1763 1191 1826 1225 esse
1837 1201 1906 1226 tota
1924 1192 2103 1231 devotione

1219 1246 1428 1280 ptaeparatum
1441 1261 1452 1277 ,
1476 1237 1519 1277 ne
1536 1238 1645 1281 perdat
1669 1240 1926 1284 pretiofiffimam
1945 1243 2105 1289 Margari-

1219 1296 1285 1326 tam
1304 1312 1312 1319 .
1340 1288 1402 1326 Me
1425 1286 1501 1325 vert}
1522 1290 1731 1327 confortante
1756 1292 1833 1329 Deo
1854 1316 1866 1333 ‚
1891 1290 1933 1326 de
1956 1293 2103 1332 Ecclesia

1219 1348 1289 1372 mea
1301 1337 1434 1372 exiero:
1461 1338 1494 1374 Si
1507 1339 1552 1378 ita
1566 1339 1744 1384 contigerit
1757 1365 1768 1381 ,
1795 1352 1864 1377 non
1885 1341 1991 1380 solum
2012 1355 2104 1381 man-

1217 1387 1325 1430 cipem
1348 1388 1525 1423 nominent
1545 1412 1556 1428 ,
1583 1389 1637 1424 sed
1662 1391 1696 1427 ὅ(
1721 1391 1744 1423 fi
1767 1391 1846 1433 quid
1868 1391 1915 1425 est
1933 1392 2046 1435 pejus,
2070 1394 2105 1431 δι

1217 1436 1378 1484 quidquid
1401 1438 1476 1474 aliis
1493 1438 1612 1477 vilius.
1639 1440 1673 1474 Si
1694 1451 1805 1475 autem
1829 1440 1945 1478 volunt
1969 1467 1980 1483 ,
2005 1443 2040 1479 δε
2062 1444 2104 1478 ad

1218 1488 1341 1523 Forum
1373 1488 1580 1534 purgandum
1604 1500 1659 1524 me
1678 1490 1836 1534 deputent
1857 1516 1868 1532 ‚
1893 1500 1930 1527 ut
1951 1493 2104 1529 manibus

1217 1537 1298 1574 meis
1319 1536 1432 1579 plateae
1455 1540 1621 1582 pulverem
1647 1542 1820 1578 mandem;
1848 1542 1939 1577 Sicut
1961 1543 1994 1577 in
2017 1543 2106 1587 Judi-

1216 1597 1291 1620 cum
1303 1587 1371 1620 fieri
1386 1587 1466 1622 solet
1478 1589 1620 1624 adventu
1635 1614 1642 1621 .
1671 1590 1704 1627 Si
1717 1589 1794 1625 vero
1812 1590 1847 1623 ἀ
1858 1590 1910 1625 his
1919 1592 1965 1626 est
1977 1592 2103 1635 aliquid

1215 1636 1356 1675 deterius
1366 1661 1375 1677 ,
1387 1635 1428 1672 ad
1443 1637 1534 1675 aliud
1546 1636 1735 1681 adjudicent
1746 1664 1754 1675 ,
1779 1639 1869 1677 Nam
1881 1640 1973 1684 cujus
1984 1651 2102 1678 votum

1215 1685 1260 1720 est
1273 1697 1332 1730 pro
1344 1687 1547 1724 conscientia
1562 1687 1697 1724 Christo
1707 1689 1855 1726 devincta
1880 1691 1914 1727 ἀ
1934 1701 1990 1734 per
1997 1692 2102 1728 custo—

1215 1731 1286 1773 dias
1309 1733 1472 1779 expendi,
1497 1736 1531 1773 &
1555 1748 1610 1781 per
1631 1747 1766 1774 omnem
1785 1748 2026 1777 tormentorum
2038 1742 2101 1784 spe·

1215 1787 1301 1824 ciem
1333 1783 1416 1824 trahi
1450 1786 1550 1834 usque
1573 1787 1614 1825 ad
1637 1787 1791 1825 ultimum
1813 1789 1961 1832 spiritum
1982 1815 1994 1834 ,
2020 1789 2100 1829 huic

1214 1835 1295 1878 quid
1309 1835 1350 1870 de
1359 1835 1517 1875 omnibus
1528 1836 1648 1874 caeteris
1665 1838 1870 1882 pertinebit?
1895 1839 1962 1876 Pro
1980 1851 2043 1883 qua
2064 1852 2099 1876 re

1214 1885 1298 1924 mihi
1310 1886 1436 1925 eveniet
1448 1897 1508 1921 tuae
1518 1888 1707 1923 Sanstitatis
1721 1888 1945 1932 orationibus,
1973 1888 2016 1924 ab
2037 1890 2099 1925 Ec·

1213 1937 1307 1974 clesia
1319 1961 1331 1978 ,
1357 1937 1379 1971 fi
1393 1935 1458 1974 hoc
1470 1937 1546 1976 Deo
1559 1938 1689 1974 videtur
1700 1963 1711 1983 ,
1737 1940 1771 1975 ἀ
1784 1941 1806 1974 fi
1829 1949 1956 1985 tempus
1977 1940 2074 1975 restat
2084 1964 2098 1981 ,

1213 1986 1381 2023 abscedere
1402 2012 1413 2028 ,
1440 1998 1537 2035 opere
1561 1990 1683 2027 cunilis
1701 2011 1713 2030 ‚
1749 1990 1808 2037 qui
1829 1989 1913 2028 mihi
1934 1990 2099 2028 commissi

1213 2037 1310 2076 sunt,
1335 2036 1604 2078 demonstrante,
1630 2041 1802 2082 quomodo
1813 2040 1852 2077 sit
1862 2040 1905 2077 ab
1925 2041 1972 2078 eis
1996 2039 2099 2085 perdi·

1210 2092 1320 2118 torum
1338 2085 1517 2128 fugiendus
1527 2088 1686 2123 assensus.
1713 2089 1746 2121 Si
1759 2088 1836 2121 vero
1847 2090 1964 2130 aliquis
1976 2101 2030 2124 me
2050 2090 2096 2124 se·

1208 2133 1267 2181 qui
1288 2133 1453 2175 voluerit,
1479 2133 1655 2172 lucrabitur
1675 2136 1904 2182 semetipsum.
1930 2137 2096 2182 Alioquin

1208 2193 1296 2228 ego,
1321 2181 1411 2231 quod
1421 2184 1525 2220 facere
1548 2183 1669 2225 debui,
1695 2185 1835 2226 faciam,
1862 2187 1886 2222 fi
1909 2198 1963 2221 me
1981 2188 2096 2234 digna·

1207 2232 1367 2269 tusfuerit
1380 2232 1550 2268 Dominus
1560 2233 1654 2269 Deus
1664 2258 1673 2269 .
1699 2233 1809 2271 Credo
1820 2244 1931 2272 autem
1942 2234 2033 2282 quod
2045 2238 2095 2275 di-

1205 2292 1326 2328 gnetut
1345 2292 1405 2327 pro
1427 2282 1483 2317 sua
1506 2282 1697 2320 clementia.
1726 2283 1817 2329 Qid
1830 2294 1941 2321 autem
1954 2298 2024 2322 mea
2045 2287 2093 2323 in-

1205 2331 1301 2370 terest
1315 2355 1327 2375 ‚
1342 2331 1451 2369 utrum
1463 2332 1573 2374 multi,
1584 2344 1628 2370 an
1646 2334 1742 2378 pauci
1757 2335 1819 2370 sint
1829 2336 1894 2369 mei
1905 2338 2092 2372 consortes.

1258 2381 1350 2420 Nam
1372 2382 1394 2418 fi
1418 2380 1552 2429 quidem
1569 2381 1800 2419 Antiochenus
1821 2384 1994 2430 institerit,
2020 2398 2093 2426 non

1204 2431 1378 2469 contristat
1408 2456 1419 2473 ,
1453 2433 1578 2467 etiarnsi
1622 2433 1732 2472 nullus
1772 2432 1900 2477 adjutor
1932 2436 1971 2472 fit
1999 2461 2008 2472 .
2054 2437 2091 2473 Si

1207 2480 1282 2517 vero
1304 2482 1474 2527 lmperiale
1487 2482 1688 2530 Praeceptum
1709 2483 1927 2521 necessitatem
1939 2486 2030 2520 fimul
2042 2487 2092 2521 in·

1205 2532 1316 2568 tulerit
1341 2556 1353 2574 ,
1389 2532 1475 2569 nihil
1498 2532 1675 2578 proderunt
1705 2534 1819 2571 solatia
1848 2536 2087 2578 plurimorum.

1205 2582 1340 2629 Qiippe
1351 2583 1453 2630 qui&
1464 2581 1582 2627 absque
1594 2582 1659 2619 hoc
1672 2608 1683 2625 ,
1707 2585 1729 2618 fi
1749 2585 1768 2619 a
1779 2595 1833 2620 me
1851 2597 1921 2620 non
1941 2586 2089 2630 perditus.

1204 2631 1316 2673 fuero,
1342 2643 1403 2666 nec
1414 2632 1456 2665 fic
1467 2633 1601 2676 quidem
1613 2634 1736 2675 aliquid
1747 2632 1830 2667 mihi
1853 2634 1994 2676 pertinet
2014 2646 2088 2679 pro-

1206 2692 1274 2729 pter
1297 2678 1486 2724 Christum,
1511 2681 1566 2717 cui
1588 2681 1736 2717 commisi
1758 2683 1827 2725 spes
1847 2694 1951 2719 meas.
1979 2684 2091 2722 Exce-

1207 2743 1263 2775 pto
1276 2731 1367 2775 quod
1378 2730 1787 2777 infelicium'perditionem
1800 2741 1916 2776 potero
1935 2733 2093 2771 lamenta·

1205 2782 1231 2815 ri
1246 2795 1254 2815 ε
1279 2782 1371 2830 Qia
1384 2792 1452 2818 non
1463 2792 1523 2816 oro
1533 2793 1574 2816 ex
1586 2782 1729 2825 ipsorum
1746 2781 1929 2824 perditione
1946 2784 2086 2821 lucrari.

1206 2831 1442 2868 Verumtamen
1455 2832 1624 2869 Dominus
1634 2832 1821 2874 Macarius,
1846 2833 1924 2869 sicut
1944 2835 2083 2874 scimus,

1206 2894 1248 2919 ex
1268 2892 1335 2928 quo
1357 2881 1425 2928 ejus
1442 2883 1564 2927 agnovi
1588 2882 1772 2923 miseriam,
1798 2895 1859 2917 nec
1884 2883 2004 2927 scripsit
2029 2885 2081 2928 ei,

1207 2943 1267 2967 nec
1287 2932 1365 2969 fecit
1385 2942 1422 2967 ut
1445 2932 1485 2967 de
1498 2932 1663 2979 Episcopo
1685 2932 1907 2969 mentionem.
1934 2933 2037 2981 Qiod
2059 2934 2085 2970 fl-

1205 2993 1280 3019 eum
1300 2980 1435 3018 minime
1455 2981 1604 3027 deposuit
1626 3008 1638 3025 ,
1673 2993 1743 3019 non
1763 2991 1873 3019 tamen
1905 2982 2030 3020 idcirce
2052 2983 2084 3019 ei

1206 3032 1450 3068 communicare
1471 3031 1628 3069 dicendus
1652 3032 1699 3069 est
1719 3057 1727 3065 .
1755 3032 1837 3067 Non
1862 3033 1951 3070 enim
1974 3033 2084 3080 potuit

1206 3082 1377 3127 Synodum
1387 3081 1488 3117 facere
1498 3084 1614 3121 contra
1625 3093 1701 3117 eum
1712 3108 1720 3116 .
1750 3082 1853 3133 Quod
1867 3093 1977 3119 autem
1996 3083 2037 3118 ad
2048 3084 2083 3120 se

1206 3134 1342 3175 attinet,
1367 3130 1462 3172 fecit,
1488 3133 1530 3169 ab
1549 3144 1591 3168 eo
1615 3132 1646 3167 se
1664 3133 1778 3170 animo
1798 3132 1995 3176 separando,
2020 3133 2081 3178 qui

1206 3183 1339 3219 ulterius
1351 3193 1410 3217 nec
1423 3183 1543 3227 scripsit
1553 3182 1595 3218 ad
1605 3193 1682 3219 eum
1695 3207 1706 3224 ,
1733 3194 1794 3220 nec
1804 3194 1880 3220 eum
1891 3183 2081 3222 nominavit

1209 3232 1427 3277 Episcopum.
1455 3232 1814 3271 Immo&econtrario
1833 3235 1868 3268 in
1889 3233 2079 3270 collocutio·

1207 3283 1304 3319 nibus
1314 3282 1505 3318 amariffime
1525 3283 1593 3327 ejus
1604 3284 1730 3321 faciens
1739 3283 1963 3319 mentionem.
1990 3283 2077 3323 Nm

1207 3344 1266 3372 nec
1277 3344 1435 3374 nosnunc
1448 3333 1614 3381 Cyriuum
1639 3334 1675 3374 δε
1687 3334 1852 3384 Ioannem
1871 3333 1915 3372 ab
1936 3329 2077 3418 Εὲῖἔῶτ,
