2320 3730
407 187 512 232 '194
739 173 1102 220 ⁴-VAnroRuM
1137 171 1385 217 PArRuM
1419 172 1781 236 Earn-oras

1284 252 1545 298 Episcopatum.
1577 256 1685 298 Addit
1720 257 1808 295 nihil
1842 258 1900 295 fibi
1921 260 1990 295 fore
2018 261 2163 308 gratius;

1282 313 1381 347 quam
1393 304 1585 340 Alexandro
1597 310 1632 341 in
1645 309 1850 346 Monasterio
1869 312 2061 350 convivere.
2087 313 2164 348 For-

1281 354 1359 388 fitan
1373 353 1495 390 fuerint
1514 356 1555 390 ad
1578 355 1808 401 Episcopatum
1828 361 1977 406 assumpti
1987 373 2028 396 ex
2046 363 2163 401 eodem

1282 403 1488 441 Monasterio
1499 428 1507 437 .
1534 404 1699 452 Adiungit
1718 415 1829 443 tamen
1851 410 1883 445 se
1899 423 1968 446 non
1981 413 2139 448 cessurum
2153 438 2166 455 ,

1281 454 1338 489 nisi
1350 457 1517 491 extrusum
1538 456 1645 502 Regia
1669 457 1846 494 violentia.
1872 459 1982 496 Etiam
2007 462 2040 496 in
2054 461 2119 498 hoc
2131 464 2163 499 se

1279 505 1362 540 velle
1381 507 1503 542 imitari
1527 506 1754 544 Alexandrum
1767 534 1775 541 .
1803 509 1848 544 Et
1858 520 1964 545 revera
1975 513 2084 547 fuitin
2097 513 2162 548 hoc

1277 554 1449 594 schismate
1470 556 1555 592 adeo
1581 558 1681 594 durus
1703 584 1714 601 ,
1741 569 1778 594 ut
1800 560 1897 594 suerit
1922 571 2005 596 unus
2026 562 2161 600 istorum

1275 615 1437 650 quatuor,
1458 618 1542 651 quos
1562 609 1696 645 Sanctus
1720 609 1868 653 Cyrillus
1887 610 2050 645 exclufita
2063 623 2159 657 pace.

1276 655 1459 739 fostmodo
1479 667 1588 694 tamen
1611 659 1742 697 Divina
1763 659 1868 706 gratia
1889 660 1939 695 illi
1951 661 2077 706 aperuit
2087 674 2162 703 ocu-

1288 718 1343 742 os.
2119 732 2121 735 ·

335 254 574 301 Indignabatur
591 253 680 291 enim
702 256 1029 291 momentofiffimum
1047 250 1113 285 hoc
1125 260 1224 296 nego-

334 308 420 342 tium
430 306 629 343 clandestine
640 317 716 343 curn
727 308 838 352 paucis
858 307 877 341 a
889 307 1016 349 Joanne
1025 301 1148 336 trastari
1161 324 1170 335 ·

501 635 764 689 cAPuT
798 635 1005 686 vanr.
1051 654 1216 703 --156

320 787 497 894 Epzsola
537 822 712 873 Heuaffi
760 820 988 892 Tharfinsts
1034 830 1213 902 Epfiopf

495 895 550 943 ad
582 894 732 944 eundem
766 895 1035 948 Alexandrum

633 966 894 1036 Episcopum·

1434 1097 1454 1122 „
1481 1062 1745 1113 CAPUT
1780 1065 1945 1110 LXIX.
1993 1076 2158 1126 --157

314 1156 433 1243 PEr
455 1167 573 1193 omnes
594 1156 740 1198 litteras,
767 1167 823 1201 per
852 1157 976 1202 priores
995 1157 1074 1195 dico
1098 1162 1132 1197 δε
1150 1173 1206 1207 per

412 1208 580 1252 praesentes
588 1231 600 1250 ,
625 1207 864 1253 cognoscentes
874 1208 916 1243 ad
928 1208 1093 1255 integrum
1105 1237 1116 1254 ,
1127 1214 1205 1248 San·

312 1258 446 1294 &iffime
463 1259 583 1294 Amice
595 1257 682 1299 Dei,
709 1258 824 1293 animae
845 1268 906 1293 tuae
928 1270 987 1302 pro
1004 1262 1125 1304 pietate
1149 1264 1204 1299 in·-

312 1309 494 1344 tentionem
519 1334 531 1351 ‚
567 1307 854 1351 beatificantesque
876 1318 968 1344 tuam
989 1311 1201 1349 Sanctitatem

309 1358 352 1393 de
379 1358 576 1404 Apostolico
597 1359 772 1403 Proposito
794 1384 806 1401 ,
843 1369 974 1395 oramus
996 1371 1034 1396 ut
1054 1373 1116 1398 nos
1140 1374 1203 1399 tuae

308 1409 494 1445 Sanctitatis
516 1409 654 1456 vestigia
678 1408 954 1454 consequamur,⁵
969 1411 1037 1454 quo
1046 1413 1202 1455 poffimus

306 1459 343 1493 ἀ
355 1458 464 1495 hostes
477 1458 628 1495 adversos
640 1458 841 1504 Apostolico
850 1462 964 1495 animo
977 1461 1104 1498 sortiter
1119 1464 1201 1499 (iste-

305 1519 359 1549 re,
388 1510 423 1544 δε
442 1520 500 1544 eos
519 1510 578 1554 qui
605 1507 647 1543 ab
671 1510 802 1553 incepta
825 1510 1001 1546 stabilitate
1025 1512 1199 1556 desistunt,

304 1557 484 1602 dijudicare
498 1558 651 1594 (imiliter.
679 1559 778 1594 Nihil
791 1561 882 1595 enim
895 1561 947 1595 isti
959 1560 1001 1596 ab
1011 1563 1124 1607 aliquo
1139 1562 1199 1598 hae-

305 1609 485 1644 reticorum
498 1609 652 1643 videntur
664 1609 824 1654 languore
847 1610 990 1653 distare,
1019 1613 1096 1657 quia
1117 1614 1197 1649 dum

302 1659 470 1694 neceffitas
493 1658 584 1701 nulla
605 1659 751 1693 evenerit
770 1684 782 1700 ,
821 1660 1058 1697 confeffionem
1080 1665 1198 1699 restam

301 1708 536 1752 perdiderunt,
562 1708 724 1753 fingentes
746 1709 813 1752 jam
836 1710 1042 1755 AEgyptium
1064 1712 1196 1748 Parrum

301 1758 404 1793 fidem
426 1759 519 1793 fuisse
542 1759 777 1802 complexum,
803 1759 838 1793 &
861 1760 1005 1804 priorem
1028 1761 1197 1809 abnegasse

301 1818 444 1843 errorem
457 1833 466 1841 .
492 1807 547 1842 De
558 1808 750 1842 confusione
762 1807 841 1842 vero
851 1811 993 1852 praesenti
1007 1811 1116 1846 utatur
1127 1815 1197 1857 qui-

301 1857 363 1893 bus
387 1855 642 1902 quomodolibet
666 1856 863 1899 liberemur,
890 1868 989 1903 atque
1011 1861 1046 1895 in
1069 1862 1196 1898 silentio

300 1910 540 1944 convivamus.
571 1908 615 1943 Et
640 1919 701 1943 nos
712 1908 848 1943 fimilem
867 1907 1046 1952 habemns,
1073 1913 1095 1946 ὀ
1119 1914 1196 1948 San-

303 1959 438 1994 &issime
449 1984 461 2000 ,
487 1959 696 1992 voluntatem
709 1982 720 1998 ,
748 1959 782 1992 ἀ
794 1959 983 1994 volebamus
994 1985 1005 2001 ,
1017 1962 1099 1996 ficut
1110 1975 1195 1998 con-

302 2007 437 2043 scientia
463 2007 571 2042 nostra
581 2006 738 2047 testatur,
764 2010 1050 2045 conversationem
1072 2012 1106 2045 in
1118 2011 1195 2047 Mo·

306 2058 450 2093 nasterio
461 2059 618 2092 assumere
627 2081 640 2098 ,
666 2057 726 2090 nifi
740 2067 801 2091 nos
810 2056 924 2091 similis
938 2069 1000 2093 tuae
1008 2060 1193 2095 Sanstitatis

303 2108 456 2143 discretio
479 2108 660 2142 detineret:
689 2105 732 2140 Et
745 2117 814 2140 non
827 2108 891 2141 effe
918 2106 1037 2151 absque
1047 2109 1193 2153 periculo

305 2158 508 2194 crederemus
524 2158 671 2202 Gregem
683 2155 829 2190 nostrum
842 2155 962 2200 absque
972 2159 1132 2193 violentia
1158 2161 1193 2195 &

304 2208 487 2243 neceffitate
509 2207 667 2242 deserere.
696 2206 838 2241 Oramus
858 2205 936 2240 vero
958 2216 996 2243 ut
1023 2209 1192 2246 resolutio.

304 2270 381 2293 nem
405 2257 479 2292 vitas
500 2256 609 2301 potius
635 2257 860 2300 impetremus.
890 2255 966 2291 Nec
986 2258 1077 2293 enim
1091 2259 1191 2294 aliam

303 2309 505 2343 solutionem
517 2307 739 2342 calamitatum
753 2307 956 2351 praesentium
969 2308 1163 2344 sustinemus
1177 2335 1189 2351 ‚

302 2359 364 2393 nifi
376 2358 554 2394 utliberati
576 2358 594 2391 a
607 2357 753 2403 praesenti
763 2357 829 2392 vita
839 2368 912 2393 earn
926 2381 939 2399 ,
965 2368 1037 2403 quae
1057 2359 1192 2395 sustine-

302 2418 356 2445 tur
367 2434 379 2452 ,
404 2409 599 2455 recipiamus
635 2408 723 2452 spem
731 2432 740 2441 .

1268 1249 1445 1320 Epistola
1479 1249 1696 1298 Alexandri
1740 1249 1919 1321 Epifiopi
1964 1256 2155 1323 Hierapo-

1371 1320 1418 1370 lis
1451 1357 1465 1383 ‚
1501 1339 1616 1388 quam
1650 1319 1835 1390 reftrz'pfit
1871 1322 2052 1372 Helladio

1526 1388 1647 1438 Archi
1667 1424 1688 1432 -
1717 1389 1902 1461 Epifiopo

1630 1459 1790 1527 Tharst.

1309 1656 1345 1691 N
1358 1655 1503 1702 praesenti
1514 1656 1706 1698 confufione
1716 1657 1797 1693 sana:
1810 1655 1887 1692 fidei
1902 1679 1913 1696 ‚
1937 1656 1973 1692 δε
1996 1657 2153 1694 Ecclefia.

1333 1718 1404 1742 rum
1416 1707 1482 1742 Dei
1494 1707 1690 1742 diffenfione
1701 1732 1713 1749 ‚
1738 1718 1879 1750 quorum
1890 1709 2019 1743 causam
2039 1708 2152 1751 Cyril-

1261 1759 1310 1793 lus
1321 1758 1440 1802 impius
1454 1756 1590 1802 praebuit
1605 1756 1830 1801 principaliter
1842 1780 1853 1797 ‚
1878 1757 2004 1793 nullam
2025 1758 2124 1793 talem
2136 1780 2150 1800 ,

1259 1807 1282 1841 fi
1295 1819 1406 1843 verum
1418 1807 1464 1843 est
1475 1832 1486 1849 ,
1515 1806 1673 1842 habemus
1683 1808 1927 1853 mitigationem
1948 1807 2152 1843 consolatio-

1260 1868 1423 1903 nemque,
1448 1857 1581 1902 qualem
1591 1866 1655 1891 tuae
1666 1859 1859 1892 memoriam
1880 1858 2089 1898 Sanffitatis,
2112 1856 2149 1894 δε

1259 1918 1312 1952 per
1340 1909 1523 1944 sermonem
1549 1908 1584 1942 ἀ
1606 1918 1662 1952 per
1684 1907 1806 1943 litteras
1823 1908 2027 1943 addiscentes
2043 1907 2150 1952 &pro

1258 1958 1378 2002 pietate
1401 1957 1592 1993 instantiam
1608 1969 1721 1996 tuam,
1747 1958 1930 1994 &duarum
1955 1957 2149 1995 Ciliciamm

1256 2009 1508 2044 consonantiam
1523 2032 1534 2047 ,
1558 2008 1592 2042 δε
1605 2018 1663 2052 pro
1689 2007 1911 2043 Orthodoxiae
1930 2007 2148 2044 Praedicatore

1255 2057 1469 2091 concordiam
1484 2080 1495 2094 ‚
1519 2057 1553 2090 id
1565 2058 1610 2091 est
1623 2082 1634 2097 ‚
1660 2058 1863 2094 SanCtiffitno
1886 2058 2052 2102 Episcopo
2071 2057 2149 2093 Ne-

1255 2104 1374 2140 storio.
1404 2106 1448 2139 Et
1470 2103 1565 2139 Beati
1595 2116 1674 2145 vos,
1700 2107 1778 2140 sicut
1799 2109 1914 2142 veritas
1932 2107 2030 2143 habet
2051 2131 2063 2148 ,
2088 2107 2146 2152 qui

1257 2153 1353 2199 hujus
1375 2154 1451 2189 estis
1470 2152 1633 2198 Pr'opofiti
1654 2163 1755 2198 atque
1778 2155 1988 2191 constantiae.
2015 2156 2147 2195 Praestet

1254 2215 1364 2240 autem
1387 2205 1581 2244 Dominus,
1606 2212 1645 2238 ut
1668 2206 1770 2239 etiam
1782 2206 2026 2241 firmamentum
2041 2206 2147 2241 totius

1254 2254 1446 2289 efficiamini
1467 2254 1638 2294 Orientis,
1665 2254 1700 2288 &
1721 2265 1836 2290 eorum
1850 2255 1907 2297 qui
1926 2266 1982 2299 per
2005 2255 2145 2292 diversas

1254 2304 1447 2340 Provincias
1459 2316 1517 2349 pro
1528 2304 1593 2339 fide
1604 2314 1729 2339 certant
1739 2304 1942 2341 orthodoxa.
2135 2331 2140 2338 .

1303 2354 1530 2390 Pervenerunt
1540 2355 1654 2395 enim,
1679 2366 1752 2399 quae
1761 2355 1801 2390 ad
1815 2366 1873 2389 vos
1895 2354 2079 2399 pertinent,
2105 2356 2142 2391 in

1254 2405 1437 2440 universam
1449 2415 1565 2439 terram
1578 2418 1589 2438 .·
1613 2404 1704 2450 Qia
1723 2407 1801 2439 veto
1813 2405 1973 2449 cognovit
1984 2406 2142 2441 Sandiitas

1256 2455 1356 2490 vestra
1366 2465 1407 2490 ex
1422 2452 1496 2495 his,
1519 2465 1588 2497 quae
1601 2454 1697 2489 nobis
1707 2452 1920 2495 innotuistis,
1946 2455 2024 2499 quia
2047 2453 2142 2491 haere-

1255 2505 1353 2541 ticam
1374 2505 1497 2549 Cyrilli
1521 2503 1703 2549 Epistolam
1715 2504 1757 2539 ad
1770 2504 2008 2540 Sanc'tiffimum
2032 2505 2067 2540 δε
2087 2505 2143 2542 Sne.

1255 2554 1465 2590 cratiffitnum
1477 2553 1638 2588 Acacium
1647 2578 1658 2593 ‚
1671 2554 1705 2586 in
1719 2565 1782 2595 qua
1793 2565 1852 2597 pro
1864 2555 2019 2589 universis
2030 2554 2138 2590 decer.

1254 2615 1299 2639 tat
1310 2604 1468 2638 haereticis
1479 2602 1682 2644 Conscriptis
1694 2603 1759 2635 suis
1770 2627 1780 2642 ,
1807 2603 1941 2644 quidam
1960 2603 2004 2637 fic
2025 2603 2136 2647 justifi-

1252 2660 1407 2688 caverunt
1419 2675 1430 2692 ‚
1458 2662 1496 2685 ac
1507 2650 1530 2684 fi
1541 2652 1617 2685 effet
1629 2650 1827 2686 Orthodoxa
1838 2675 1849 2691 ‚
1874 2664 1957 2698 rogo
1973 2653 2136 2690 Sanstita-

1252 2714 1319 2738 tem
1340 2702 1476 2737 vestram
1489 2725 1500 2741 ,
1527 2708 1564 2734 ut
1574 2699 1735 2744 quidquid
1750 2701 1848 2737 verbo
1870 2703 1932 2737 five
1942 2704 2071 2747 Scripto
2090 2704 2134 2739 de

1252 2752 1316 2788 hoc
1329 2752 1369 2788 ad
1381 2763 1439 2786 vos
1450 2750 1547 2785 fuerit
1558 2750 1790 2785 demandatum
1802 2775 1812 2790 ‚
1838 2763 1905 2786 non
1928 2752 1993 2788 hoc
2012 2753 2134 2798 absque

1252 2802 1461 2848 inquisitione
1483 2811 1522 2834 ac
1543 2800 1736 2835 discussione
1759 2801 1954 2846 suscipiatis,
1981 2803 2034 2838 sed
2053 2816 2133 2839 cum

1251 2853 1345 2889 omni
1357 2850 1631 2897 praeinquifitione
1644 2852 1903 2894 perscrutemini.
1932 2854 1975 2888 Et
1986 2854 2130 2897 primum

1250 2903 1380 2948 quidem
1391 2926 1403 2944 ‚
1429 2911 1465 2935 ut
1477 2911 1547 2946 quae
1559 2901 1599 2936 de
1610 2902 1679 2944 ipso
1692 2901 1804 2936 dicant
1815 2926 1825 2942 ,
1851 2903 1891 2936 ab
1905 2902 1976 2945 ipsis
2001 2915 2070 2947 quae
2085 2903 2127 2938 ab

1248 2967 1288 2989 eo
1314 2953 1500 2997 diriguntur
1522 2951 1636 2986 litteris
1660 2953 1885 2996 cognoscatis.
1911 2952 2045 2987 Deinde
2056 2965 2126 2988 non

1247 3003 1424 3043 excusetis,
1450 3001 1609 3046 quatenus
1626 3001 1661 3036 &
1681 3002 1748 3036 duo
1769 3002 1804 3036 &
1826 3012 1891 3036 tres
1912 3013 1954 3036 ex
1979 3002 2125 3038 vobisad

1248 3054 1437 3100 AEgyptum
1449 3061 1583 3097 pergant
1597 3076 1611 3098 ,Ἴ
1630 3052 1665 3086 &
1676 3053 1698 3086 fi
1712 3051 1909 3087 Orthodoxa
1933 3054 2007 3087 sunt
2018 3078 2028 3093 ‚
2054 3053 2132 3097 quae*

1246 3105 1287 3140 ab
1298 3116 1338 3139 eo
1350 3104 1503 3138 dicuntur
1516 3128 1527 3144 ,
1554 3102 1749 3137 renuncient
1758 3128 1769 3145 ,
1794 3113 1831 3137 ut
1842 3103 1882 3137 ab
1895 3103 1942 3137 eis
1952 3096 2124 3137 certiffime

1245 3154 1369 3194 dehis,
1396 3164 1467 3197 quae
1488 3153 1641 3190 nunciata
1654 3155 1751 3195 sunt,
1776 3154 2010 3198 agnoscamus.
2040 3152 2084 3186 Et
2097 3152 2120 3186 fi

1244 3203 1375 3249 quidem
1386 3204 1582 3238 consenserit
1594 3205 1647 3238 sua
1661 3206 1723 3239 effe
1735 3228 1746 3244 ,
1772 3206 1841 3248 quae
1853 3203 2008 3238 nunciata
2025 3204 2119 3242 sunt,

1243 3257 1298 3290 seu
1321 3262 1428 3299 praeter
1448 3253 1611 3296 Scriptum
1631 3254 1695 3288 five
1715 3255 1865 3297 Scripto,
1891 3263 1967 3287 cum
1988 3253 2049 3287 fint
2059 3251 2118 3285 Or·

1241 3303 1386 3340 thodoxa
1420 3304 1452 3338 &
1475 3301 1696 3339 haereticorum
1718 3303 1949 3347 Capitulorum
1970 3301 2117 3347 negatio·

1241 3365 1316 3391 nem
1326 3353 1497 3396 habentia,
1525 3355 1559 3389 &
1571 3353 1821 3399 praecedentium
1832 3352 2015 3436 dolorumi,
2029 3361 2118 3391 tene2

2016 3412 2065 3436 ro-

491 2564 990 2622 SVCHOLION.

415 2708 484 2743 AEc
502 2706 638 2752 epistola
656 2705 702 2740 est
722 2703 865 2749 ejusdem
885 2707 1060 2751 temporis.
1087 2707 1191 2743 Paulo

436 2769 549 2794 tamen
571 2756 729 2802 posterIor
738 2781 746 2789 .
774 2754 832 2789 Est
859 2755 949 2790 enim
974 2757 1088 2801 scripta
1100 2759 1190 2802 post·-

300 2821 402 2854 quam
414 2807 603 2844 Alexander
614 2806 719 2851 palam
729 2805 912 2841 declarasset
923 2807 985 2840 suae
997 2809 1117 2843 mentis
1125 2820 1190 2852 per-

299 2860 456 2896 tinaciam
467 2884 478 2901 ,
503 2859 537 2893 &
547 2856 703 2895 faciendae
715 2857 787 2901 paci
798 2856 1005 2891 manifestum
1021 2856 1188 2902 indixisset

299 2911 424 2946 bellum
437 2935 444 2943 .
471 2909 554 2943 Haec
563 2908 665 2954 igitur
676 2906 872 2951 intelligens
889 2906 1067 2943 Helladius
1080 2908 1185 2944 Thar-

300 2962 396 2996 senfis
407 2960 589 3005 Episcopus
599 2984 610 3000 ‚
634 2958 731 2992 illum
742 2957 926 2992 inflammat
949 2958 990 2991 ad
1002 2959 1126 3002 pejora,
1153 2960 1187 2995 ἀ

300 3013 333 3046 se
345 3013 517 3056 profitetur
525 3011 589 3046 else
599 3033 611 3050 ‚
635 3019 672 3043 ac
685 3008 810 3052 semper
821 3008 890 3042 fore
902 3006 1048 3050 ejusdem
1061 3010 1185 3044 senten—

300 3062 368 3095 tiae.
399 3063 444 3096 Et
466 3060 566 3095 edicit
590 3059 863 3094 fundamentum:
890 3059 975 3100 ,Qum
997 3060 1120 3100 quidam
1127 3060 1185 3102 fin-

297 3119 374 3153 gunt
390 3114 566 3155 AEgyptium
578 3113 707 3145 Parrum
715 3107 898 3152 fidemfulffe
922 3109 1104 3149 complexum
1114 3135 1123 3149 ‚
1151 3111 1185 3144 eb·

299 3165 429 3200 priorem
450 3161 599 3204 abnegasse
620 3171 748 3194 errorem
758 3183 765 3190 .
789 3156 941 3192 Omnino
950 3157 1076 3200 respicit
1089 3159 1182 3202 Joan-

302 3218 381 3241 nem
390 3208 612 3244 Patriarcham
623 3233 630 3240 .
659 3209 812 3243 Affirmat
825 3207 989 3251 Cyrillum
1010 3220 1076 3242 non
1089 3209 1129 3243 ab
1140 3210 1183 3254 ip-

302 3258 338 3291 so
348 3260 540 3292 conversum
553 3283 563 3298 ,
590 3258 644 3292 sed
654 3270 730 3293 eum
740 3259 782 3294 ab
793 3257 858 3293 hoc
869 3258 1048 3301 perversum
1059 3283 1070 3298 ,
1093 3259 1181 3294 ideo-

302 3317 368 3352 que
376 3306 452 3341 talia
462 3319 519 3350 pro
533 3307 661 3349 Cyrillo
674 3309 802 3343 mentiri
814 3334 821 3341 .
850 3308 916 3343 Pro
928 3306 989 3342 hac
998 3308 1180 3344 constantia

304 3355 498 3402 protestatur
518 3356 537 3390 ὸ,
557 3357 589 3391 se
609 3357 784 3401 spernenda
794 3359 906 3394 omnia
922 3371 934 3391 .-
962 3357 1069 3402 Ipsum
1080 3358 1183 3396 etiam>

436 3418 443 3434 Ι
642 3430 644 3434 .
656 3428 663 3433 .-
