2320 3730
153 1532 155 1535 .
203 1505 351 1548 ideoque
373 1504 576 1548 perrexerint
598 1503 692 1538 illum
716 1505 909 1542 defendere.
941 1504 1007 1538 Eos
1036 1505 1091 1538 lex

599 224 901 271 Scitotus,

207 309 304 346 Plura
325 302 504 341 istiusmodi
523 303 647 339 caduca
669 314 783 338 contra
797 302 1052 338 Theodoretum
1073 325 1083 340 ‚

207 362 349 401 itemque
375 364 489 388 contra
517 354 608 389 Ibam
634 365 828 399 argumenta
855 352 1011 390 habemus
1047 351 1081 384 in

206 411 323 455 quinto
345 404 528 439 Concilio.-
556 405 600 440 Et
622 405 688 439 tale
711 406 815 449 palam
839 404 885 438 est
911 401 1081 446 Epistola,

206 468 303 503 quam
315 457 357 490 de
367 455 474 489 Sancti
487 455 606 500 Cyrilli
615 467 723 491 morte
734 453 969 488 Theodoretus
980 450 1083 486 asseri·

204 518 258 543 tur
268 507 420 549 scripfiffe
437 505 476 539 ad
488 507 649 552 joannem
662 502 850 540 Antiochiae
862 502 1063 544 Episcopum
1073 526 1080 533 .

203 558 341 592 Etenim
352 558 434 601 Joan
440 567 500 592 nes·
510 557 592 591 trien
599 556 752 590 nioobiit
763 564 840 587 ante
850 553 1004 587 Sanctum
1016 551 1091 593 Cly-¹

203 608 315 642 xillum
328 633 335 640 .
367 608 409 641 Et
431 604 767 643 talisforsitawsutel'a
785 603 835 637 est
852 603 953 637 etiam
967 601 1083 636 lexad-

204 660 316 692 versus
329 656 549 693 Theodorum
559 683 566 690 .
599 656 730 691 Etenim
745 654 766 687 fi
778 652 852 687 talis
873 652 927 686 lex
939 652 1084 687 exstitis-

205 709 253 742 set
266 731 277 748 ,
289 708 463 752 quomodo
480 703 831 743 DomnusPatriarcha
845 729 856 744 ,
870 701 940 737 lbas
953 725 963 742 ‚
973 701 1081 736 Theo-

205 758 341 793 doretus
365 782 376 801 ,
402 770 440 792 ac
464 758 520 795 alii
543 755 726 791 orientales
752 755 907 799 Episcopi
936 751 1086 787 adversus

206 807 299 843 illam
313 808 572 851 praesumpfiffent
585 805 805 841 Theodorum
817 803 1015 839 defendere?
1041 801 1084 839 Et

206 852 490 896 EdesieniClerici
510 855 662 890 adversus
674 856 766 892 lbam
790 855 1001 890 adduxerunt
1016 863 1084 886 om-

206 907 261 945 nia
271 907 451 956 poffibilia:
479 906 522 940 Et
533 916 643 941 tamen
655 906 698 941 de
720 906 811 943 istius
820 906 902 950 legis
913 903 1086 948 praevarica—

205 958 299 995 tione
320 957 446 1001 penitus
469 957 641 991 siluerunt.
671 957 715 994 Et
727 957 779 990 lex
794 956 953 989 emanafle
966 953 1087 988 dicitur

206 1007 250 1045 ad
268 1007 378 1046 Sancti
389 1006 508 1050 Cyrilli
522 1019 588 1044 non
599 1017 714 1041 contra
727 1007 831 1039 solum
844 1004 1066 1038 Theodorum
1077 1026 1086 1041 ,

205 1058 263 1094 sed
288 1057 324 1101 ὃς
342 1067 456 1090 contra
479 1054 670 1089 Diodorum
693 1055 794 1089 libros
816 1079 826 1096 ,
854 1055 889 1089 δε
911 1063 1020 1088 tamen
1046 1053 1087 1087 de

203 1106 271 1144 illis
283 1115 350 1142 non
374 1104 476 1138 sancit
487 1105 654 1149 aequaliter
669 1117 677 1137 t
705 1105 898 1140 Diodorum
914 1104 1062 1138 nominat
1075 1127 1086 1143 ,

203 1155 328 1190 atfilct
350 1154 469 1198 deejus
480 1154 589 1189 libris.
620 1155 667 1188 Hi
683 1157 972 1198 prius-comparent
997 1155 1030 1188 in
1045 1155 1084 1186 se·

203 1205 313 1241 cunda
325 1205 435 1249 Lege.
464 1206 548 1240 Sunt
570 1205 679 1239 &alia
691 1216 884 1250 argumenta
906 1204 1035 1238 technae
1055 1203 1089 1236 &

205 1255 283 1290 artis
301 1280 309 1292 2
337 1254 445 1291 Certe·
455 1254 643 1289 credibilius
665 1255 711 1291 est
734 1279 746 1295 ‚
774 1255 864 1298 quod
889 1255 1029 1297 Joannes
1050 1264 1087 1286 ac

204 1307 363 1343 Domnus
375 1329 385 1344 ‚
414 1302 614 1339 Patriarcbae·
627 1301 827 1342 Antiocheni
838 1330 847 1345 ,
864 1305 973 1347 eisque
985 1302 1087 1337 adhae-

205 1365 314 1390 rentes
337 1365 390 1398 per
399 1355 573 1389 Orientem
588 1354 760 1398 Episcopi,
789 1355 892 1391 solam
917 1353 1090 1388 Proclian-

206 1403 401 1439 thoritatem
415 1429 425 1444 ‚
451 1405 485 1438 &
497 1405 582 1438 solos
593 1405 715 1447 Cyrilli
728 1404 829 1441 libros
840 1429 851 1444 ‚
876 1404 995 1447 quibus
1005 1402 1086 1437 dice-

207 1455 305 1492 batur
323 1453 498 1489 anathema
513 1452 720 1495 Theodoro,
749 1466 862 1498 parum
886 1455 1095 1493 curaverint,

205 1554 351 1590 omnino
372 1554 572 1588 deterruisset
589 1579 597 1586 .
624 1553 799 1600 Quidquid
824 1554 885 1594 sit,
913 1555 1027 1588 omnia
1050 1554 1091 1587 ab

205 1603 373 1648 Ephefino
398 1604 591 1641 Latrocinio
601 1615 638 1637 ac
650 1603 836 1638 Theodosii
858 1604 931 1649 lege
941 1604 1092 1638 adversus

205 1653 464 1691 Theodoretum
489 1650 627 1687 Decreta
648 1653 778 1688 &Asta
799 1654 1090 1692 circumduxerunt

205 1703 354 1749 Magnus
375 1703 465 1747 Papa
490 1704 582 1745 Leo,
609 1703 885 1741 Chalcedonensis
910 1704 1092 1748 Synodus‚

206 1765 247 1788 ac
266 1755 450 1798 Imperator
471 1754 683 1790 Marcianus:
712 1755 790 1798 Ejus
817 1756 1032 1799 &personam
1059 1755 1094 1788 8ο

206 1803 336 1848 Scripta
345 1805 554 1840 restituerunt
579 1805 613 1838 in
625 1805 754 1848 plenam
775 1806 975 1842 libertatem.
1002 1805 1093 1838 Mar·

208 1854 301 1888 ciani
322 1854 377 1887 lex
398 1852 654 1888 Theodoretum
676 1867 743 1888 non
765 1856 937 1889 dumtaxat
952 1854 1094 1888 Eusebio

209 1902 407 1946 Doryleenfi
428 1927 439 1943 ,
466 1904 519 1937 sed
540 1905 638 1938 etiam
660 1904 776 1938 saneto
800 1905 959 1939 Flaviano
982 1903 1094 1946 adjun-

210 1953 285 1997 git,
310 1953 482 1997 ipsumque
499 1954 640 1997 appellat
655 1954 861 1997 Religiosum
877 1955 1092 1998 Episcopum.

211 2002 450 2040 &concludit:
476 2003 589 2042 Injusta
607 2002 761 2045 sententia
789 2004 868 2039 nihil
889 2004 956 2047 obsit
967 2003 1091 2037 Theodo-

210 2061 276 2086 κιο
287 2076 298 2093 ,
317 2057 369 2095 qui
378 2054 483 2088 eadem
494 2052 639 2094 Theodosii
653 2054 714 2096 Iege
726 2060 907 2087 continetur.
940 2056 1095 2096 ,Quoniam

212 2113 272 2135 non
284 2103 402 2145 poffunt
420 2104 590 2136 Sacerdotes
609 2102 807 2140 constitutione
829 2104 972 2137 damnari
984 2124 995 2141 ,
1022 2111 1093 2143 quos

211 2153 380 2191 smodacum
403 2161 490 2184 ornat
516 2153 554 2185 de
578 2150 750 2194 conservata
763 2154 901 2200 religione
923 2156 1094 2185 Decretum.

210 2196 348 2236 Exinde
376 2203 476 2243 coepit
499 2213 568 2235 non
595 2202 694 2237 solius
718 2201 927 2236 Theodoreti
951 2214 988 2235 ac
1008 2201 1096 2242 lbae,

213 2250 270 2285 sed
292 2251 395 2288 etiam
416 2248 560 2284 Diodori
585 2262 623 2285 ac
654 2249 831 2286 Theodori
859 2252 1004 2286 defensio
1030 2252 1095 2286 effe

214 2300 333 2334 libera.

267 2349 361 2386 Hinc
379 2351 468 2385 enim
491 2350 548 2385 sub
559 2349 676 2395 Justi'ni
702 2351 796 2395 primi
809 2352 955 2396 Imperio.
965 2350 1097 2396 Sergius

213 2399 367 2443 Cyrenfis
388 2401 570 2444 Episcopus
592 2425 603 2440 ‚
628 2401 758 2442 ejusque
777 2402 901 2436 Clerici
921 2402 1068 2436 fecerunt
1088 2424 1098 2439 ‚

215 2449 308 2492 quod
329 2449 569 2482 Constantinus
589 2449 793 2490 Imperatoris
812 2449 985 2493 Iustiniani
1001 2450 1099 2495 Qae·

216 2499 286 2532 stor
298 2497 384 2533 dixit
404 2497 444 2532 ad
467 2499 621 2539 quintum
633 2497 847 2532 Concilium:
876 2501 984 2533 clerici
1007 2510 1098 2532 vene·

217 2548 327 2580 randae
338 2546 471 2589 Ecclefiae
480 2551 550 2586 Cyri
559 2553 721 2590 imaginem
732 2547 906 2583 Theodoren
925 2549 1029 2582 rbedae
1044 2554 1097 2582 im·

215 2595 376 2640 posuerunt
394 2619 405 2636 ,
432 2598 467 2631 <5
488 2603 521 2629 m
536 2596 720 2638 praedu‘i'am
753 2602 910 2631 civitatem
931 2597 1096 2641 psallentes

218 2647 470 2686 introduxerunt,
496 2648 613 2690 sergius
635 2648 706 2680 vero
726 2654 795 2679 tunc
819 2653 957 2682 civitatis
978 2647 1097 2691 Episto-

215 2706 276 2739 pus
287 2696 492 2731 collectionem
514 2696 676 2731 celebravit
698 2695 864 2738 Theodori,
892 2699 927 2733 ά·
950 2700 1075 2731 Diodori
1089 2722 1099 2738 ,

219 2749 254 2781 Θ·
273 2746 445 2780 Theodoreti
466 2771 477 2788 ‚
502 2749 537 2783 6*
563 2746 692 2786 Nestorii
713 2771 725 2790 ,
750 2756 900 2791 tanquam
930 2754 1018 2781 umus
1043 2750 1092 2781 55.

195 2805 200 2811 ·
220 2800 402 2834 Martyrum.
430 2796 573 2832 Addidit
593 2797 740 2842 Sergium
760 2810 798 2833 ea
819 2798 860 2833 de
884 2799 981 2832 causa
1002 2798 1095 2833 fuisse

219 2847 433 2891 degradatum
449 2870 459 2887 ,
478 2858 516 2880 ac
528 2847 682 2891 perpetuo
692 2847 828 2890 ciceiam
845 2874 852 2882 .
881 2849 1014 2890 Utique
1029 2860 1098 2883 non

219 2906 352 2941 propter
362 2895 582 2931 Theodorum
597 2922 607 2937 ,
633 2897 820 2934 Diodorum
833 2924 845 2941 ,
870 2910 926 2934 aut
937 2897 1098 2934 Theodo-

221 2957 328 2981 retum
349 2971 360 2987 ‚
387 2946 440 2980 sed
464 2948 552 2992 quod
579 2946 653 2991 ipfis
676 2947 865 2984 Nestorium
887 2948 1098 2995 adjungeret,

221 2996 489 3032 &venerandum
511 2998 634 3041 juberet
655 3009 690 3032 ut
703 2998 901 3043 Martyrem.
932 3000 1026 3047 Qin
1041 3001 1099 3034 im·

221 3043 282 3079 mo
292 3045 391 3080 etiam
414 3048 483 3090 post
503 3048 836 3093 quintamSynodum
860 3051 983 3095 scripsit
1014 3052 1049 3085 in
1064 3050 1099 3083 il·

224 3094 376 3129 lustrium
396 3097 540 3131 virorum
567 3097 720 3143 catalogo
742 3101 852 3135 nescio
874 3101 966 3145 cujus
984 3112 1100 3145 appen-

223 3145 285 3179 dix
306 3145 346 3179 ad
360 3147 468 3180 Sancti
482 3146 699 3190 Hildephonfi
711 3150 872 3185 Toletani
901 3150 1101 3194 Archi-Epi-

222 3195 316 3238 scopi
327 3195 530 3241 catalogum:
559 3198 724 3232 Theodorus
740 3200 946 3244 Mopsuestenae
964 3206 1099 3236 civitatis

225 3244 390 3288 Episcopus
403 3271 413 3286 ,
441 3253 484 3279 tta
494 3249 571 3282 clare
593 3248 750 3293 copioseque
760 3250 890 3297 scientie
913 3252 1046 3286 dodana
1059 3262 1099 3285 re-

217 3295 328 3338 fulfiffe
338 3296 463 3338 refertur
474 3323 485 3339 ‚
513 3308 545 3332 ut
552 3299 769 3341 praedicareeur
779 3325 791 3343 ‚
810 3300 838 3345 fi
846 3302 954 3346 referre
957 3303 1018 3344 fas
1036 3301 1073 3342 eff
1090 3327 1100 3342 ,

225 3347 305 3379 mille
316 3348 494 3382 voluminum
506 3352 659 3383 Summam
681 3354 712 3382 in
723 3353 825 3386 Graeco
843 3351 1027 3396 conscripfisse
1050 3354 1101 3386 ad-

224 3396 331 3431 versas
340 3405 468 3433 omnium
479 3402 690 3436 Haereticorum
712 3411 824 3436 errores
836 3426 844 3435 .
873 3409 958 3440 Hunc
971 3403 1096 3446 acepha-

957 231 1020 262 ετ
1055 215 1248 262 Νοτῐε
1285 209 1676 262 rttusrRArAE.

1124 318 1128 348 3
1142 301 1234 333 lorum
1244 298 1385 342 Epist-opi
1394 323 1406 340 ,
1426 304 1460 333 in
1465 302 1567 342 pra-ju
1571 301 1680 335 dicium
1689 298 1928 346 chalcedonensi}
1938 309 2017 340 Cen-

1140 352 1201 383 cim
1212 375 1221 390 ‚
1243 349 1419 395 Justtniano
1430 351 1786 393 Principecompellente‚
1799 355 1943 390 damnare
1954 355 2016 398 post

1142 410 1265 435 mortem
1279 412 1343 436 cum
1352 401 1647 438 tha-&Theodoram
1659 399 1813 445 Episcopi:
1827 404 2024 447 censuerunt,

1141 451 1215 484 dum
1234 452 1343 492 constat
1355 460 1453 492 eam—5
1465 453 1665 489 laudabilium
1679 459 1816 487 virorum
1828 453 1995 493 testimoniis
2008 481 2020 497 ,

1143 503 1325 542 clariffimum
1338 501 1468 542 Ecclesia
1479 503 1633 539 DoHorem
1643 502 1730 547 fuiffl·
1740 528 1748 535 .
1776 506 1864 537 Vixit
1874 502 1964 547 usque
1978 506 2025 538 ad

1144 555 1302 593 Imperium
1306 552 1432 596 sentem
1443 557 1570 588 Leonn.
1599 555 1693 606 Qin
1711 554 1816 589 immo*
1839 553 1906 599 jam
1930 557 2022 597 supra

1145 602 1330 637 audivimus
1349 626 1360 642 ,
1387 605 1477 648 quod
1501 604 1702 642 Theodorus
1723 604 1839 639 decem
1862 602 2022 639 librorum

1146 651 1249 688 millia
1259 653 1416 688 ediderit.
1445 654 1603 690 Attamen
1619 656 1719 700 usque
1733 653 1773 690 ad
1786 654 1910 690 Leonis
1921 655 2025 697 impe-

1147 702 1230 734 rium
1254 713 1322 735 non
1347 705 1507 745 protraxit
1528 706 1645 739 vitam.
1674 705 1808 741 Etenim
1818 705 1904 739 obiit
1915 703 2025 748 quinti

1136 751 1355 785 ‚saeculianno
1369 751 1522 795 vigesimo
1546 757 1700 798 septimo.
1730 755 1773 791 Et
1784 755 1870 790 certe
1881 753 2026 798 Scriptot

1149 800 1207 834 iste'
1219 799 1264 834 est
1274 811 1341 834 non
1355 812 1469 843 parum
1483 801 1616 843 injurius
1629 805 1662 839 in
1676 806 1827 849 quintam
1840 805 2023 848 Synodum.

1148 850 1285 884 Interim
1311 850 1429 893 scripsit
1448 850 1539 892 juxta
1561 855 1734 897 antiquum
1757 856 1883 891 sensum
1911 855 2027 896 Hispa·

1152 901 1211 932 niae
1236 926 1246 941 ‚
1272 911 1343 944 quae
1362 896 1464 934 ‘istam
1491 900 1664 943 synodum
1692 903 1797 939 noluit
1833 905 2025 939 admittere.

1149 950 1260 996 Qam
1285 962 1344 984 nos
1357 951 1559 994 appellamus
1584 951 1706 985 sextam
1724 976 1735 991 ‚
1762 955 1903 997 Hispani
1921 953 2030 998 appel·

1151 1001 1220 1038 lant
1244 1001 1395 1044 quintam
1416 1024 1424 1034 .
1453 1001 1534 1035 Haec
1558 1001 1632 1035 sunt
1653 1000 1784 1037 alterius
1805 1001 1870 1035 loci
1891 1029 1898 1035 .
1929 1004 2031 1038 Addo

1150 1061 1260 1088 tamen
1285 1050 1479 1086 Liberatum
1504 1050 1696 1088 Diaconum
1718 1074 1730 1091 ,
1757 1050 1871 1093 utpote
1899 1055 2034 1095 pertina-

1142 1096 1222 1135 'cem
1234 1100 1410 1136 Theodori
1422 1111 1596 1145 patronum
1611 1126 1621 1140 ,
1648 1101 1681 1137 in
1695 1099 1811 1136 harum
1820 1100 2034 1143 questionum

1150 1151 1357 1194 expositione
1392 1163 1460 1186 non
1494 1163 1608 1196 parum
1644 1150 1799 1194 cespitare
1819 1165 1830 1186 .-
1859 1150 2038 1186 Praesertim

1143 1196 1237 1236 *circa
1265 1201 1481 1237 Decretorum
1497 1225 1508 1245 2
1533 1214 1602 1246 quae
1621 1203 1639 1236 a
1661 1202 1779 1236 Sanetu
1808 1199 1941 1244 Cyrillo
1961 1213 1998 1235 ac
2020 1202 2040 1235 ὃ,

1153 1252 1269 1286 Sancto
1282 1251 1402 1285 Proclo
1418 1254 1634 1295 processerunt
1649 1277 1659 1293 ‚
1685 1263 1751 1288 tem
1758 1263 1814 1294 pus
1825 1251 2036 1286 &ordinem.

1153 1301 1196 1334 Et
1207 1303 1270 1345 ipse
1281 1324 1291 1341 ,
1303 1302 1336 1336 δε
1351 1303 1597 1340 Hermionensis
1607 1304 1792 1342 Facundus,
1806 1302 1928 1346 aliique
1940 1303 2042 1336 trium

1144 1351 1387 1397 ¹Capitulorum
1412 1354 1565 1390 adversus
1582 1359 1732 1397 quintam
1743 1352 1919 1396 Synodum
1930 1353 2044 1387 defen-

1144 1402 1262 1443 ἱΐοιτς,
1287 1401 1522 1447 dispensatoria
1549 1416 1607 1448 pro
1623 1402 1806 1439 Theodoro
1819 1403 1960 1439 Decreta
1990 1413 2044 1437 νο-

1155 1452 1284 1486 luerunt
1304 1455 1367 1488 effe
1389 1455 1550 1497 postrema
1564 1480 1574 1495 ,
1602 1455 1751 1490 &dictos
1773 1454 1885 1489 Patres
1910 1455 1944 1487 in
1973 1452 2046 1488 istie

1157 1502 1341 1545 perstitisie.
1375 1505 1571 1539 Graviffime
1597 1505 1766 1540 labuntur.
1797 1505 1840 1538 Et
1864 1514 1904 1537 ex
1917 1502 1982 1536 hoc
1997 1513 2043 1537 er-

1155 1564 1227 1587 rore
1239 1554 1310 1587 sunt
1322 1554 1445 1598 lapsi'in
1459 1556 1553 1590 alios.
1582 1555 1650 1592 Res
1662 1557 1708 1592 ita
1721 1553 1878 1600 pependit
1889 1551 2045 1595 usquead

1156 1605 1308 1647 quintam
1330 1605 1505 1648 Synodum
1519 1631 1527 1639 .

1367 1842 1633 1892 CAPUT
1668 1846 1811 1892 XLV.
1884 1860 2042 1903 ---133

1159 1981 1498 2053 Hypomrysr'icum
1528 1979 1753 2028 Theodoreti
1787 1981 1841 2027 ad
1875 1980 2050 2029 Alexan-

1333 2050 1445 2097 drum
1497 2049 1869 2118 Metropolitanum.

1207 2233 1210 2237 Α
1242 2227 1244 2230 -
1266 2199 1463 2236 Enientibus
1473 2200 1690 2244 quibusdam,
1714 2202 1821 2246 &qui
1834 2204 2002 2244 praesentes
2015 2205 2046 2238 se

1290 2249 1382 2285 fuisse
1408 2251 1480 2293 ipso
1492 2261 1640 2293 tempore
1651 2251 1685 2284 in
1699 2251 1765 2294 ipsa
1778 2251 1971 2293 Thyanenfi
1987 2253 2045 2288 Ci-

1158 2302 1281 2340 vitate,
1307 2300 1341 2334 &
1364 2299 1430 2334 haec
1453 2300 1571 2335 vidisse
1595 2300 1894 2341 confirmaverunt,
1920 2314 2049 2347 cogno-

1159 2353 1266 2385 vimus
1277 2350 1355 2394 quia
1365 2351 1494 2385 Firmus
1504 2348 1694 2386 subtrahens
1705 2352 1834 2395 aliquos
1844 2377 1854 2393 ,
1881 2353 1936 2396 qui
1951 2363 2045 2388 erant

1158 2401 1199 2433 de
1212 2400 1388 2433 Provincia
1412 2401 1465 2432 sua
1478 2424 1489 2439 ,
1517 2412 1592 2434 cum
1618 2402 1834 2437 multitudine
1851 2403 2045 2445 venitsupet

1159 2450 1235 2483 Deo
1260 2446 1504 2483 Amiciffimum
1526 2448 1720 2484 Eutherium
1758 2475 1769 2490 ,
1795 2453 1830 2485 δε
1866 2451 2045 2495 quemdam

1158 2510 1199 2533 ex
1226 2496 1446 2533 Assessoribus
1461 2496 1645 2532 ordinavit.
1672 2499 1715 2533 Et
1726 2501 1803 2545 quia
1824 2501 2045 2544 Magnificen·

1159 2548 1296 2583 t-iffimu‘s
1307 2547 1429 2581 Comes
1441 2548 1591 2592 Longi-as
1604 2549 1731 2583 Isauros
1740 2548 1781 2584 ad
1792 2551 1956 2586 auxilium
1966 2552 2045 2586 San-

1159 2598 1287 2633 &immi
1310 2597 1465 2640 Episcopi
1481 2597 1631 2632 Eutherii
1652 2598 1852 2634 destinavit.
1881 2601 1924 2636 Et
1936 2613 2045 2644 portas

1157 2647 1289 2693 quidem
1303 2647 1457 2681 Civitatis
1479 2645 1606 2688 adeos,
1631 2649 1688 2695 qui
1711 2659 1827 2684 contra
1840 2650 2044 2696 Episcopum

1161 2707 1332 2738 venerant,
1359 2697 1682 2735 Civesclaudebant.
1710 2699 1804 2736 Dum
1816 2699 2044 2746 ergoingreffi

1158 2750 1291 2784 fuissent
1303 2748 1439 2782 universi
1450 2769 1467 2787 ,›
1488 2749 1754 2793 supervenientes
1769 2761 1947 2786 tenuerunt
1958 2777 1969 2792 ,
1996 2752 2044 2786 in-

1157 2810 1206 2835 ter
1228 2809 1310 2843 quos
1332 2798 1366 2832 &
1387 2808 1485 2840 eum,
1510 2799 1567 2843 qui
1592 2799 1634 2833 ab
1656 2800 1777 2836 eodem
1798 2801 1912 2835 Firmo
1935 2803 2040 2837 fuerat

1157 2850 1328 2884 ordinatus
1352 2873 1359 2880 .
1389 2847 1438 2883 At
1461 2849 1539 2885 vero
1561 2849 1628 2894 ipse
1652 2875 1663 2892 ,
1692 2852 1748 2894 qui
1775 2851 1947 2884 ordinatus
1970 2851 2039 2893 est,

1159 2900 1293 2944 negavit
1313 2897 1569 2936 ordinationem
1595 2902 1683 2935 suam
1699 2925 1711 2940 ,
1736 2900 1849 2935 dicens
1871 2901 1905 2934 &
1924 2910 2040 2937 contra

1158 2950 1363 2985 voluntatem
1387 2951 1418 2985 se
1427 2951 1616 2986 ordinatum
1642 2950 1735 2985 fuisse
1750 2975 1761 2991 ,
1787 2951 1820 2985 ὅ(
1833 2962 1900 2985 non
1912 2952 2040 2993 acquie—

1159 3000 1257 3040 viffe,
1285 3001 1330 3035 ita
1352 3010 1388 3034 ut
1401 3011 1481 3035 mox
1506 3002 1537 3035 se
1562 3001 1710 3035 indueret
1733 2999 1981 3044 Chiamydem‚
2005 3002 2041 3039 ὅς

1159 3051 1193 3085 in
1206 3049 1392 3086 Theatrum
1413 3051 1534 3086 vadens
1557 3052 1753 3095 exspectaret
1775 3050 1889 3085 ludos.
1921 3051 2038 3095 Aliqui

1159 3100 1256 3141 vero,
1282 3101 1427 3145 quicum
1445 3102 1516 3145 ipso
1530 3111 1640 3140 erant,
1667 3101 1833 3145 fugientes
1843 3101 1883 3135 ad
1896 3100 2037 3136 Nazian-

1158 3162 1230 3187 zum
1245 3162 1457 3196 pervenerunt
1468 3177 1475 3184 .
1504 3151 1586 3185 Haec
1597 3152 1779 3195 agnoscens
1801 3152 1908 3186 multo
1921 3152 2036 3187 dolore

1159 3212 1256 3246 atque
1278 3202 1425 3247 angustia
1447 3201 1684 3245 sumrepletus,
1709 3203 1861 3247 cogitans
1883 3202 2035 3237 Ecclesia-

1159 3264 1251 3294 rum‚
1276 3263 1344 3296 quae
1357 3252 1476 3294 ubique
1490 3253 1563 3285 sunt
1576 3276 1587 3292 ,
1615 3250 1896 3296 perturbationem
1918 3253 1952 3287 ἀ
1968 3264 2036 3295 pro-

1159 3303 1274 3337 cellam
1299 3327 1310 3343 ,
1336 3303 1437 3337 solam
1461 3302 1495 3336 ὅ(
1519 3313 1573 3345 per
1592 3302 1706 3337 omnia
1730 3304 1894 3349 pessimam
1915 3329 1923 3336 .
1951 3303 2034 3337 Oret

1160 3353 1259 3398 igitur
1282 3354 1437 3389 Sanctitas
1458 3363 1537 3394 tua,
1559 3352 1593 3391 ἀ
1615 3353 1801 3389 Dominum
1825 3354 2034 3398 deprecetur,

1161 3413 1196 3437 ut
1206 3403 1377 3449 extinguat
1388 3402 1474 3439 hanc
1487 3392 1713 3441 vahsdiffimam
1729 3403 1985 3484 ιωροίὶηιεωέι
1998 3401 2034 3436 δε

1930 3460 1950 3483 V
