2320 3730
627 189 937 238 Senotlrs,
974 201 1037 229 ετ
1070 184 1268 230 Νοτιε
1301 195 1679 232 utusrRArsr..

242 267 336 304 dori.
361 271 568 326 Qapropter
581 272 757 318 composita
769 271 838 311 est,
865 270 1034 314 postquam
1045 271 1122 307 San-

243 321 314 354 stus
324 318 468 364 Cyrinus
476 319 645 357 damnarat
667 333 736 357 non
751 322 820 358 sola
839 319 1015 363 Theodori
1027 320 1123 364 Capi-

245 368 339 409 tula,
362 368 416 403 sed
439 371 540 405 etiam
562 371 759 408 Personam.
788 371 892 420 Qiod
913 370 1041 407 videtur
1053 380 1122 404 non

245 416 438 455 effefastum
450 430 525 457 ante
550 422 753 471 trigesimum
775 422 952 469 septimum
963 420 1055 457 istius
1066 420 1123 458 Sae·

241 467 313 504 culi
326 480 450 504 annum
459 496 467 504 .

288 520 357 556 ‘Per
379 522 563 565 praesentem
591 523 696 568 igitur
725 521 908 566 Epistolam
936 517 1123 558 Patriarcha

241 570 386 613 'Ioannes
394 571 566 616 respondet
581 573 717 617 praefatis
735 571 968 619 querimoniis.
997 570 1040 606 Et
1054 581 1123 604 non

244 620 364 656 Sansto
384 622 538 666 Cyrillo,
564 623 618 659 sed
641 624 759 660 saneto
782 621 902 658 Proclo
926 621 1122 665 respondet:

244 670 336 718 Quia
354 672 472 715 nempe
490 673 590 709 etiarn
612 672 734 718 hicipfi
752 674 872 710 fecerat
891 673 1010 710 similes
1022 670 1128 716 queri·

242 723 373 756 monias
395 747 403 756 .
428 723 617 767 Respondet
642 724 729 759 varia
753 747 761 756 .
788 721 904 760 Primo
931 747 944 764 ‚
969 732 1124 765 compen-

241 770 336 806 diose
362 773 501 815 exponit
525 773 612 808 initae
632 774 720 817 pacis
741 773 853 810 seriem
881 796 893 814 ,
916 772 1088 809 exordiens
1107 769 1125 805 a

240 822 348 865 prima
358 821 542 867 Legatione
553 822 730 860 Aristolai.
758 822 932 865 Secundo,
964 821 1126 868 quodim-

1895 204 1993 250 357

1183 267 1280 303 verit.
1309 267 1530 311 Respondeo‚
1556 268 1644 311 quod
1666 271 1761 313 supra
1780 266 1821 307 ab
1833 271 1976 308 Eusebio
1987 275 2059 309 Do-

1183 319 1319 362 ryleensi
1342 330 1380 352 ac
1401 318 1527 361 Joanne
1548 317 1700 353 Cassiano
1722 321 1844 356 laudari
1864 319 2061 360 audierimu's

1185 366 1435 405 Antiochenum
1455 367 1676 413 Symbolum:
1704 368 1782 404 Hoc
1804 372 1873 413 est,
1898 375 2060 419 singulare

1185 419 1381 462 Symbolum
1395 443 1406 459 ,
1432 430 1500 461 quo
1527 417 1742 454 Antiochensi
1762 420 1899 456 Ecclesia
1912 424 2062 460 utebatur

1186 469 1220 502 in
1241 470 1345 504 Sacris
1366 468 1560 504 Ministeriis
1582 493 1589 501 .
1618 469 1764 504 Forsitan
1796 469 1898 513 aliqui
1922 495 1933 511 ‚
1956 484 2063 508 rerum

1186 530 1254 553 non
1278 518 1371 563 plene
1391 519 1507 563 periti,
1536 519 1654 563 possint
1676 519 1770 555 fuisse
1783 519 1946 564 suspicati,
1975 521 2065 565 quod

1185 567 1250 612 ipse
1273 579 1415 606 uteretur
1437 570 1503 605 alio
1513 569 1700 612 Symbolo,
1725 568 1944 604 &Nicaenum
1966 572 2066 616 negli-

1184 629 1274 663 geret
1298 645 1305 653 .
1344 620 1446 655 Hanc
1466 619 1567 665 igitur
1587 621 1710 656 famam
1739 621 1904 655 aversurus
1926 620 2065 664 Ioannes

1184 669 1322 703 adduxit
1345 669 1560 713 Symbolum,
1587 679 1685 714 atque
1703 669 1749 705 ita
1772 670 1915 705 ostendit
1947 670 2069 705 Antio-

1185 717 1329 755 chenum
1340 719 1382 755 ab
1394 719 1464 763 ipso
1476 732 1546 757 non
1555 721 1619 755 effe
1629 719 1793 755 diversum
1806 733 1814 755 :
1843 719 1951 764 ipsum
1962 720 2067 755 inclu-

1185 768 1221 802 di
1244 769 1280 802 in
1302 769 1520 806 Antiocheno
1539 796 1547 804 .
1574 770 1704 814 Nempe*
1723 769 1978 805 Antiochenum
1999 782 2070 806 erat

1187 818 1292 862 ipsum
1314 820 1489 856 Nica-num
1504 845 1516 861 ,
1542 819 1597 854 sed
1617 830 1693 855 cum
1717 820 1914 862 quibusdam
1931 819 2069 855 Addita-

241 872 332 915 pias,
357 882 439 917 quas
460 882 555 909 antea
567 884 637 909 non
660 873 860 914 adverterat,
886 869 1124 910 Nestoriiblas-
1188 868 1323 902 mentis.
1349 869 1443 906 Hinc
1468 871 1610 914 Ioannes
1631 869 1805 915 adjungit:
1833 879 1908 907 Haec
1920 872 2070 905 adeorum

240 919 410 964 phemias,
435 922 501 965 jam
530 924 703 968 perspectas
724 922 866 959 habeat.-
891 923 937 957 Et
957 931 1035 966 quas
1047 920 1125 955 Scri-

240 980 324 1015 pto,
351 972 475 1017 &quas
488 972 603 1009 Verbo
616 973 751 1008 docuit.
779 973 924 1012 Tertio,
948 970 1039 1015 quod
1058 969 1125 1013 ejus

240 1021 441 1065 &dogmata
462 1021 683 1057 &Personam
701 1023 769 1064 jam
784 1021 975 1057 solemniter
993 1018 1126 1058 anathe-

239 1069 422 1104 matizarit.
448 1067 580 1116 Qartd
599 1094 611 1111 ,
636 1069 727 1116 quod
747 1068 1032 1106 anathematizarit
1054 1081 1123 1105 non

239 1118 346 1153 solum
357 1118 463 1161 ipsum
475 1143 486 1158 ‚
511 1119 566 1153 sed
594 1120 755 1155 &omnes
766 1142 776 1159 ,
802 1121 858 1164 qui
872 1120 987 1155 similia
1001 1119 1125 1155 docent

240 1168 274 1201 &
286 1168 415 1212 sapiunt
429 1193 435 1201 .
464 1168 598 1217 Qinto
609 1193 621 1210 ‚
646 1170 737 1214 quod
750 1168 818 1213 ejus
827 1169 1025 1214 Ephefinam
1038 1170 1128 1204 dam-

241 1219 413 1253 nationem
435 1219 623 1255 solemniter
647 1218 813 1254 admiserit
834 1245 842 1254 .
870 1220 973 1256 Sexto
997 1245 1007 1261 ,
1035 1220 1125 1265 quod

240 1268 308 1312 ipse
318 1268 404 1302 solus
416 1267 483 1303 haec
493 1269 608 1305 omnIa
627 1281 698 1304 non
709 1270 821 1304 fecerit
839 1294 851 1311 ,
878 1270 933 1305 sed
945 1271 1046 1305 etiam
1058 1281 1127 1304 om·

239 1329 299 1352 nes
321 1327 396 1352 cum
418 1318 486 1362 ipso
508 1319 696 1356 Orientales
717 1320 765 1354 sui
786 1319 1026 1356 Patriarchatus
1051 1320 1126 1364 Epi-

240 1368 350 1412 scopi.
382 1369 487 1414 Qod
513 1379 622 1404 tamen
646 1369 874 1413 accipiendum
885 1382 961 1406 cum
973 1381 1130 1414 tempera-

241 1429 357 1452 mento
379 1443 386 1450 .
416 1419 549 1454 Etenim
571 1419 806 1455 Theodoretus
829 1432 899 1455 non
923 1423 1000 1456 fecit
1019 1447 1025 1454 .
1054 1421 1127 1456 Nec

242 1468 298 1502 alii
323 1468 455 1512 quidem
479 1468 632 1513 Episcopi
660 1495 670 1510 ,
698 1482 780 1513 quos
812 1470 986 1514 postmodo
1008 1471 1049 1506 ad
1071 1472 1127 1506 illa

243 1519 407 1562 compulit
433 1520 545 1554 oslava
578 1518 677 1556 Aelio
701 1520 981 1558 Chalcedonensis
1006 1521 1128 1558 Conci·

244 1569 302 1604 lii.

296 1617 430 1651 Exinde
441 1620 582 1663 Joannes
594 1619 727 1653 adducit
742 1620 826 1655 varia
845 1621 974 1655 Nicaeni
988 1620 1127 1664 symbo-

245 1665 444 1702 liEncomia
460 1694 470 1709 ‚
497 1681 567 1713 quae
589 1671 707 1704 Sansto
731 1670 850 1706 Proclo
870 1671 1080 1714 persuadeant
1093 1672 1126 1706 in

244 1719 301 1752 sua
311 1718 450 1752 Dioecesi
474 1720 584 1762 vigere
610 1720 740 1762 plenam
765 1720 832 1763 ejus
848 1721 1079 1756 authoritatem
1092 1733 1129 1756 ac

244 1769 476 1802 reverentiam.
506 1769 642 1810 Primo,
669 1770 758 1813 quod
779 1772 814 1804 sit
839 1772 1041 1816 Regularum
1061 1784 1128 1806 om-

244 1817 339 1852 nium
353 1818 482 1863 Regula
494 1844 504 1859 ,
527 1831 596 1861 quae
609 1819 763 1854 omnibus
776 1822 995 1863 synodalibus
1007 1835 1044 1856 ac
1056 1823 1130 1856 aliis

243 1868 477 1903 Ecclesiasticis
489 1868 577 1903 Astis
590 1869 706 1904 debeat
721 1872 907 1916 praefulgere
920 1897 930 1912 ,
958 1884 994 1906 ac
1007 1873 1129 1917 semper

243 1919 430 1964 praefulgeat
444 1944 452 1952 .
480 1919 629 1953 Secundo
640 1943 649 1959 ,
670 1921 759 1962 quod
772 1919 858 1956 hanc
871 1923 1128 1967 praefulgentiarn

242 1969 354 2003 omnis
366 1970 419 2003 sua
432 1970 590 2005 Dioecefis
601 1970 649 2004 illi
665 1971 944 2015 semperdctulerit
956 1998 963 2006 .
986 1971 1106 2009 Tertio
1118 1997 1128 2013 ‚

243 2019 334 2061 quod
356 2029 472 2053 omnes
488 2021 522 2053 in
545 2019 615 2063 ipso
638 2020 795 2064 baptizati
817 2023 904 2063 sint,
931 2021 1065 2063 vivant,
1095 2024 1129 2059 ἀ

244 2068 426 2113 baptizent.
448 2070 579 2115 Qarto
592 2094 602 2110 ,
614 2070 703 2112 quod
716 2072 753 2104 fit
765 2071 902 2113 piiffima
914 2072 996 2107 fides
1007 2096 1017 2113 ‚
1029 2082 1128 2115 quam

243 2118 446 2152 tradiderunt
473 2118 645 2162 Prophetae
665 2144 674 2159 ‚
706 2120 887 2164 Evangelia
911 2145 921 2161 ,
950 2121 1128 2165 Apostoli,

241 2179 281 2203 ac
291 2179 407 2202 omnes
430 2168 574 2202 Eccleliae
598 2169 707 2202 Patres
728 2171 829 2212 usque
852 2170 893 2203 ad
918 2171 1010 2205 istam
1024 2172 1127 2212 Syno-

245 2217 344 2251 dum.
371 2215 530 2264 Qintd,
555 2216 645 2260 quod
671 2217 727 2256 ipsi
750 2217 836 2250 nihil
862 2220 958 2260 poffit
979 2219 1056 2252 addi
1076 2218 1127 2251 vel

242 2266 346 2306 demi,
375 2267 421 2300 est
443 2267 534 2300 enim
559 2267 689 2310 Regula
713 2267 1002 2310 circum-scriptiva
1023 2279 1060 2300 ac
1076 2267 1128 2301 de-

242 2316 394 2351 strustiva
406 2315 558 2351 omnium
583 2316 780 2351 Haeresium.
811 2315 933 2357 Sexto,
958 2317 1046 2361 quod
1059 2327 1127 2350 om·

242 2368 297 2400 nis
321 2368 376 2400 sua
395 2365 553 2402 Dioecefis
573 2364 829 2401 anathematizet
855 2377 971 2402 omnes
990 2366 1127 2400 Haereti·

243 2427 324 2455 cm,
351 2415 471 2459 quibus
494 2416 578 2450 istud
599 2416 796 2458 Symbolum
818 2414 902 2450 dixit
916 2415 1126 2451 Anathema:

242 2466 373 2508 Nempe
396 2465 538 2507 Arium,
564 2465 754 2507 Sabellum,
779 2464 962 2500 Photinum
985 2492 996 2508 ,
1023 2466 1127 2501 Simo-

241 2526 321 2550 nem
343 2514 484 2561 Magum
499 2540 509 2555 ,
532 2515 763 2557 Marcionem,
790 2515 1025 2557 Valentinum,
1053 2517 1124 2549 Ma-

242 2564 407 2601 nichaeum
430 2590 442 2607 ,
467 2565 607 2600 Paulum
635 2567 892 2601 samosatensem
914 2591 924 2607 ,
953 2567 987 2601 ec
1010 2577 1125 2601 omnes

240 2614 422 2658 ejusmodi.
453 2616 533 2661 Quo
553 2616 643 2650 sensu
668 2615 757 2650 dicat
771 2614 955 2652 Photinum
977 2617 1124 2651 damnari

242 2664 286 2699 ab
298 2664 359 2698 isto
371 2664 557 2709 symbolo,
584 2667 676 2709 supra
697 2667 853 2708 exposui.
882 2666 934 2700 Ex
946 2679 1012 2711 quo
1037 2666 1127 2701 vides

242 2715 338 2748 istam
356 2713 500 2749 Phrasim
523 2724 602 2750 tunc
624 2715 762 2761 viguisse
782 2727 836 2759 per
857 2727 993 2751 omnem
1015 2718 1124 2751 Eccle-

242 2764 341 2798 fiam.
368 2764 517 2808 Septimo
540 2764 645 2805 dicit,
672 2765 761 2808 quod
783 2766 893 2800 omnis
905 2768 957 2800 sua
970 2768 1124 2801 Dioecesis

242 2814 379 2849 damnet
401 2825 536 2849 omnem
559 2825 696 2857 pravum
718 2816 918 2851 intellectum
939 2828 975 2851 ac
999 2816 1126 2851 Intelle-

242 2866 346 2899 stores
358 2864 447 2899 istius
466 2863 618 2908 Symboli
636 2890 642 2896 .
670 2865 798 2899 Ostavo
813 2891 823 2906 ,
849 2865 939 2911 quod
960 2868 1062 2910 ipsum
1080 2867 1124 2900 in-

241 2914 372 2960 telligat
383 2926 420 2950 ac
432 2913 634 2959 tradatjuxta
646 2915 837 2950 unanimem
864 2918 988 2953 sensum
999 2918 1050 2951 SS.
1065 2917 1124 2951 Pa-

242 2972 332 2998 trum
344 2979 354 2998 .·
381 2967 424 2999 Et
434 2966 622 2999 Graecorum
645 2966 678 2999 &
693 2966 889 3000 Latinorum
905 2994 912 3002 .

295 3014 341 3047 Et
352 3012 403 3049 his
415 3015 571 3050 omnibus
583 3016 724 3059 Joannes
736 3026 803 3049 non
815 3027 991 3053 contentus
1003 3043 1012 3058 ‚
1040 3017 1122 3061 adje-

242 3063 290 3097 cit
301 3062 474 3098 Nicaenum
508 3064 728 3108 Symbolum,
753 3066 905 3102 &totum
918 3067 1123 3102 inseruitsuis

242 3112 360 3147 litteris
374 3138 381 3146 .
409 3113 453 3147 Et
474 3114 609 3157 quidem
631 3114 929 3160 contraCanonem
952 3120 1120 3152 &morem

242 3161 334 3196 istius
356 3164 512 3206 temporis
533 3188 539 3195 .
566 3163 632 3198 Isto
653 3165 744 3199 enim
776 3176 922 3211 tempore
948 3169 1120 3203 Nicaenum

243 3211 441 3255 Symbolum
465 3212 573 3247 adhuc
593 3222 660 3248 erat
671 3226 713 3249 ex
738 3215 820 3256 illis,
846 3215 888 3251 de
906 3218 1025 3263 quibus
1045 3220 1123 3253 San—

244 3263 311 3296 {ius
322 3261 464 3304 Ioannes
477 3261 733 3307 Chrysostomus
747 3268 844 3300 toties
853 3267 939 3304 dixit
960 3268 1000 3302 ad
1015 3268 1119 3311 Popu-

241 3312 357 3357 pulum
378 3325 390 3346 .-
417 3317 539 3349 Norunt
557 3318 675 3348 Initiati
696 3339 702 3346 .
729 3314 773 3349 Et
793 3313 871 3350 hinc
894 3317 1025 3361 quaestio
1049 3318 1094 3352 est
1111 3342 1121 3358 ,

240 3363 407 3409 quartatio
424 3363 586 3406 Ioannem
601 3363 642 3400 ad
664 3364 758 3400 istam
771 3364 980 3403 insertionem
995 3379 1118 3413 permo-

1181 916 1420 961 sausfafflonem
1434 944 1445 960 ,
1472 926 1523 963 qui
1529 918 1741 964 satisfalllone
1750 921 1886 966 indigent
1898 947 1909 964 ‚
1917 929 1974 964 per
1986 931 2069 955 tuam

1187 969 1355 1003 direximus
1377 969 1576 1005 sandinum
1590 996 1597 1004 .

1236 1018 1320 1053 Haec
1332 1018 1447 1059 verba,
1477 1023 1543 1053 Nos
1553 1025 1630 1052 enim
1641 1026 1761 1062 omnia,
1787 1032 1975 1066 quaecumque
1991 1031 2073 1065 opor·

1188 1073 1249 1101 tuit
1262 1067 1352 1109 fieri,
1377 1078 1448 1103 ante
1470 1077 1599 1112 quatuor
1618 1079 1716 1102 annos
1738 1093 1749 1109 ,
1776 1082 1843 1103 mox
1866 1081 1900 1105 ut
1924 1079 2009 1106 venit
2034 1072 2082 1105 ab‘

1188 1121 1324 1162 AEgypro
1333 1127 1379 1152 ter
1390 1120 1507 1152 Beatus
1520 1120 1652 1158 Paulus,
1678 1121 1713 1154 ὁ*
1717 1118 1849 1160 fecimus
1862 1143 1873 1160 ‚
1899 1123 1933 1154 (π
1944 1128 2074 1164 egimus,

1188 1170 1388 1208 (valtramus,
1413 1168 1641 1206 demonstrant
1664 1178 1793 1212 tempus
1817 1171 1979 1212 praesentis
2002 1172 2088 1213 Epi<

1191 1218 1277 1252 ssolae
1289 1243 1296 1250 .
1324 1218 1459 1253 Etenim
1473 1217 1594 1254 Paulus
1616 1218 1796 1255 Emesenus
1811 1230 1853 1253 ex
1866 1219 2029 1264 AEgypto
2040 1224 2076 1254 in

1190 1269 1318 1311 Syriam
1328 1267 1424 1302 rediit
1437 1267 1495 1303 sub
1505 1268 1679 1304 exordium
1692 1269 1770 1303 anni
1793 1269 1951 1314 trigesimi
1963 1271 2050 1305 tertii
2065 1295 2077 1310 ,

1190 1317 1331 1363 ideoque
1341 1316 1409 1352 haec
1422 1319 1569 1363 Epistola
1594 1319 1658 1355 fuit
1670 1319 1786 1363 scripta
1798 1331 1888 1354 anno
1910 1320 2076 1364 trigesimo

1191 1368 1346 1412 septimo.
1374 1369 1516 1412 Joannes
1538 1368 1594 1403 hic
1614 1369 1754 1405 affirmat
1777 1370 1811 1406 ὅ(
1825 1370 1889 1405 alia
1903 1395 1911 1403 .
1939 1369 2076 1413 Primo,

1190 1419 1280 1463 quod
1294 1418 1479 1455 Aristolaus
1491 1419 1667 1454 Tribunus
1687 1431 1764 1455 cum
1787 1419 1931 1465 superius
1943 1419 2075 1455 laudata

1191 1468 1352 1513 Principis
1373 1469 1468 1504 Sacra
1489 1470 1584 1504 iverit
1609 1482 1663 1513 pet
1689 1482 1805 1505 omnes
1826 1471 1859 1506 ὃς
1872 1470 2014 1515 singulas
2027 1471 2077 1504 sui

1191 1518 1432 1554 Patriarchatus
1445 1519 1636 1554 Provincias
1647 1545 1658 1560 ,
1684 1521 1719 1553 ὅ(
1733 1520 1824 1564 quod
1838 1531 1953 1555 ornnes
1963 1531 2076 1555 earum

1191 1569 1345 1612 Episcopi
1357 1571 1502 1604 exactam
1514 1570 1646 1613 desuper
1665 1569 1902 1604 Profeffionem
1918 1571 2054 1604 fecerint
2068 1594 2076 1602 .

1190 1617 1366 1660 Secundo,
1393 1619 1482 1662 quod
1507 1620 1568 1654 ista
1581 1619 1739 1654 Profeffio
1761 1621 1860 1655 fuerit
1881 1619 2022 1653 amultis
2033 1620 2078 1653 fa·

1191 1669 1239 1703 &a
1250 1679 1327 1704 ante
1351 1678 1492 1713 quatuor
1502 1680 1607 1703 armos
1620 1693 1632 1709 ,
1657 1669 1767 1704 statim
1787 1669 1828 1703 ad
1842 1669 1935 1703 Pauli
1950 1669 2078 1704 Emese-

1192 1719 1435 1764 niregressum,
1460 1719 1602 1762 ideoque
1615 1718 1705 1765 quod
1716 1719 1854 1763 ejusista
1881 1720 1920 1753 stt
1943 1720 2079 1753 innova-

1192 1770 1240 1803 tio
1250 1794 1261 1810 ,
1273 1769 1337 1804 illis
1349 1781 1418 1804 non
1429 1770 1525 1805 fuerit
1539 1770 1712 1804 necessaria
1725 1794 1732 1802 .
1759 1768 1894 1808 Tertio,
1907 1769 1998 1812 quod
2012 1768 2078 1803 haec

1192 1819 1357 1854 neceffitas
1381 1821 1505 1854 investa
1530 1820 1566 1853 sit
1579 1831 1633 1862 per
1645 1818 1757 1854 nescio
1769 1830 1866 1863 quem
1880 1819 2005 1852 malum
2017 1830 2079 1863 gy·-

1191 1881 1262 1903 rum
1274 1894 1284 1910 ‚
1312 1870 1368 1914 qui
1381 1881 1450 1904 non
1473 1869 1646 1904 dumtaxat
1658 1869 1864 1903 Orientalem
1878 1869 2055 1903 Dioecelim
2067 1893 2078 1908 ,

1192 1920 1246 1955 sed
1258 1931 1392 1954 omnem
1405 1920 1553 1955 mordeat
1573 1932 1611 1954 ac
1622 1920 1776 1954 incendat
1790 1920 1965 1954 Ecclesiam
1980 1932 1987 1951 :
2015 1918 2078 1952 Ni-

1191 1970 1212 2004 si
1225 1980 1335 2004 tamen
1349 1971 1484 2005 Proclus
1497 1971 1683 2015 exstinguat
1697 1969 1761 2004 hoc
1776 1970 1969 2003 incendium
1983 1994 1990 2001 .
2012 1969 2079 2002 Re-

1191 2020 1283 2062 spicit
1293 2021 1448 2063 jastatum
1458 2022 1492 2054 in
1504 2020 1727 2054 Theodorum
1740 2018 1915 2054 anathema
1930 2043 1940 2058 ,
1968 2018 2077 2061 ipsum

1191 2078 1387 2113 exaggerat,
1414 2070 1640 2112 &expostulat
1653 2069 1763 2102 Procli
1785 2069 1966 2102 auxilium.
1996 2068 2079 2102 Haec

1194 2128 1303 2152 tamen
1324 2129 1394 2154 non
1408 2119 1528 2163 scripsit
1553 2131 1595 2155 ex
1608 2119 1702 2163 plena
1723 2117 1809 2152 fide.
1839 2118 1975 2152 Etenim
1989 2117 2082 2152 istius

1193 2167 1390 2202 innovandae
1401 2168 1610 2202 Profeffionis
1632 2168 1798 2201 neceffitas
1819 2178 2024 2210 nequaquam
2036 2180 2079 2202 ex

1191 2215 1250 2249 illo
1261 2215 1492 2255 anathemate,
1518 2214 1571 2248 sed
1595 2216 1712 2257 partim
1733 2227 1775 2248 ex
1803 2215 1945 2258 plurium
1961 2218 2079 2251 Orien-

1191 2265 1307 2298 talium
1331 2264 1568 2308 Episcoporum
1581 2265 1732 2299 adversus
1754 2276 1866 2308 pacem
1879 2265 2074 2305 rebellione,

1191 2315 1307 2357 partim
1329 2326 1370 2348 ex
1384 2314 1523 2350 aliorum
1539 2316 1623 2349 circa
1646 2316 1734 2359 pacis
1751 2316 1908 2352 articulos
1929 2327 2078 2352 contem-

1191 2374 1246 2407 ptu
1260 2389 1271 2404 ,
1299 2364 1395 2399 duxit
1406 2365 1590 2409 originem.

1238 2413 1340 2448 Porro
1356 2416 1497 2458 Joannes
1524 2414 1579 2449 hic
1589 2425 1755 2450 enumerat
1775 2427 1890 2450 omnes
1912 2418 1974 2451 suae
1985 2417 2076 2452 Dioe-

1189 2463 1288 2497 cefios
1298 2463 1491 2498 Provincias
1503 2488 1514 2504 ,
1534 2465 1568 2499 &
1580 2466 1653 2499 sunt
1667 2464 1715 2498 hae
1726 2479 1737 2498 .-
1764 2467 1848 2501 Duae
1861 2468 1959 2509 Syriae
1971 2492 1982 2508 ‚
1993 2468 2076 2501 Duae

1191 2512 1381 2555 Phaeniciae,
1406 2516 1490 2550 Duae
1501 2514 1647 2555 Ciliciae,
1678 2515 1816 2554 Isauria,
1844 2516 2073 2562 Euphratesia,

1192 2564 1312 2598 Arabia
1339 2590 1349 2605 ,
1376 2563 1547 2598 Osrhoena
1568 2590 1579 2605 ,
1607 2566 1850 2611 Mesopotamia
1874 2592 1885 2608 ,
1913 2579 1951 2602 ac
1973 2567 2074 2601 Para-

1190 2614 1232 2648 lia
1245 2638 1252 2646 .
1282 2615 1361 2647 Hoc
1383 2615 1428 2648 est
1443 2614 1574 2658 Cyprus
1587 2640 1594 2647 .
1625 2615 1760 2650 Etenim
1774 2616 1904 2652 Paralia
1927 2618 1971 2652 est
1984 2617 2074 2652 idem

1190 2665 1278 2707 quod
1290 2664 1479 2698 Maritima.
1507 2664 1639 2699 Paralos
1651 2666 1829 2702 Salaminia
1838 2677 1908 2701 erat
1933 2668 2073 2701 famosis·

1190 2715 1264 2748 sima
1277 2715 1416 2749 triremis
1441 2715 1561 2758 species
1580 2740 1590 2755 ‚
1617 2713 1757 2759 ideoque
1779 2716 1820 2753 ab
1833 2716 1889 2751 illa
1899 2717 2073 2751 omnisln·

1189 2764 1254 2799 sula
1276 2766 1401 2809 accepit
1422 2775 1543 2800 nomen
1559 2766 1703 2799 Paralia.
1733 2766 1808 2803 {stas
1834 2767 1934 2812 igitur
1954 2779 2071 2802 omnes

1189 2814 1379 2849 Provincias
1404 2816 1545 2859 Ioannes
1571 2814 1758 2850 Parriarcha
1779 2815 1819 2850 ad
1841 2828 1962 2850 novam
1975 2817 2070 2852 istam

1189 2864 1421 2900 Profeffionem
1444 2866 1626 2908 compulit.
1658 2866 1699 2899 Et
1711 2865 1801 2900 addit
1826 2866 1886 2899 tria
1900 2867 2045 2901 notanda
2057 2892 2065 2900 .

1189 2914 1334 2949 Primum
1359 2917 1403 2950 est
1423 2939 1433 2955 ‚
1470 2916 1558 2959 quod
1587 2915 1776 2949 Nestorium
1798 2915 1904 2960 palam
1929 2916 2070 2960 appellet

1187 2965 1398 3000 Maledistum
1415 2990 1426 3006 ,
1452 2966 1485 2999 ὅ(
1510 2966 1670 3005 affirmet,
1696 2966 1784 3008 quod
1813 2977 1942 3010 propter
1963 2968 2069 3010 ipsum

1187 3014 1334 3050 Mundus
1356 3017 1457 3050 multa
1486 3015 1569 3049 mala
1595 3016 1787 3050 incurrerit.
1817 3016 1867 3050 Ex
1889 3027 1956 3061 quo
1980 3017 2068 3051 lucet

1186 3065 1290 3107 ipsum
1314 3067 1407 3100 fuisse
1428 3064 1522 3109 plene
1550 3064 1771 3101 illuminatum
1794 3065 1827 3099 δε
1850 3068 2045 3102 conversum
2060 3093 2067 3100 .

1186 3115 1327 3151 Nam&
1351 3119 1442 3160 supra
1462 3115 1649 3149 audivimus
1669 3140 1678 3155 ,
1705 3115 1795 3159 quod
1823 3117 1890 3160 ipse
1915 3116 2040 3162 Legem
2056 3143 2066 3158 ,

1184 3177 1245 3209 qua
1260 3166 1430 3201 Nestorius
1450 3166 1483 3198 in
1514 3165 1615 3199 Oasin
1639 3165 1829 3210 deportatus
1851 3168 1940 3208 fuit,
1966 3168 2068 3211 impe-

1184 3217 1325 3252 traverit.
1357 3214 1542 3252 Secundum
1565 3214 1611 3249 est
1643 3240 1653 3254 ,
1679 3214 1769 3258 quod
1782 3218 1915 3252 Sanetus
1927 3217 2065 3252 Proclus

1184 3267 1280 3302 fuerit
1304 3267 1386 3301 fidus
1407 3265 1500 3307 hujus
1526 3263 1738 3300 Profeffionis
1761 3265 1896 3303 Author
1918 3280 1924 3301 :
1956 3269 2000 3302 Et
2025 3269 2065 3300 de

1184 3327 1278 3351 tanto
1290 3318 1323 3351 in
1337 3326 1470 3351 omnem
1485 3314 1660 3351 Ecclesiam
1683 3327 1819 3351 munere
1831 3318 1972 3361 Ioannes
1997 3317 2064 3361 agit

1184 3365 1233 3401 illi
1244 3367 1380 3415 gratias.
1407 3366 1562 3401 Tertium
1573 3365 1639 3408 est,
1667 3367 1757 3412 quod
1784 3367 1984 3404 Nestoriana
1997 3367 2064 3403 lues

1979 3427 2017 3453 ac
