2320 3730
925 159 1407 207 Errsrotzt.

248 242 386 278 Hilarus
407 243 587 288 Episcopus
613 245 763 280 Ecclefiae
786 245 875 281 urbis
903 246 1020 281 Romae
1038 271 1049 287 ,
1075 247 1136 288 Sy·

298 294 390 328 nodo
406 294 603 335 praefidens,
630 295 743 329 dixit:
771 296 943 345 Qoniam
970 296 1131 340 praesentis

297 343 505 378 definitionis
532 346 671 380 formam
690 368 700 384 ‚
739 357 811 390 quae
845 345 1024 382 secundum
1056 346 1135 380 san-

296 392 424 426 &orum
451 393 497 427 est
523 395 639 429 statuta
666 397 860 431 sententiam
879 421 892 438 ,
918 398 951 432 in
978 397 1131 431 omnium

299 441 517 478 Eeciessarum
544 445 698 479 notitiam
719 449 886 490 pervenire
905 446 1108 482 decernimus
1122 472 1136 490 „

299 503 344 526 ne
368 494 521 537 cuiquam
556 506 615 538 pro
643 496 692 529 sui
728 498 823 539 poffit
857 497 1069 542 ignoratione
1097 498 1134 530 li·

298 553 373 576 cere
398 544 489 587 quod
514 555 583 578 non
612 544 710 585 licet,
736 547 830 581 edere
848 547 949 582 Gesta
975 547 1135 582 Notario-

301 601 376 625 rum
403 593 593 629 sollicitudo
614 595 759 631 curabit.

252 694 441 736 Praerepntm
466 697 564 729 Hilari
589 693 731 738 Episcopi
755 696 877 739 Ascanio
893 721 904 738 ,
930 699 965 732 δ’
991 695 1133 739 univerfis

400 743 560 787 Eptfcopu
587 746 811 789 Tarraconenfis
837 747 972 789 Ecclefiae
985 772 993 780 .

301 842 481 889 Postquam
505 844 647 879 Litteras
668 845 774 881 vestrae
795 846 994 882 Dilectionis
1015 845 1136 890 accepi·

251 904 326 927 mus
346 917 357 933 ,
381 893 501 938 quibus
521 896 784 938 praesumptiones
810 898 947 941 Sylvani
976 896 1132 940 Episcopi

250 942 525 987 Calogorenfium
539 945 690 980 Ecclefiae
711 947 842 982 retundi
854 947 999 990 petistis,
1025 946 1059 979 δι
1072 956 1136 979 rur-

249 994 321 1026 sum
335 991 650 1029 Barchinonenfium
675 997 815 1036 quaeritis
836 996 936 1029 nimis
949 995 1063 1029 illicita
1083 1006 1136 1028 vo·

252 1050 287 1075 ta
297 1041 438 1081 firmari,
466 1044 720 1076 Honoratorum
732 1044 766 1077 ἀ
777 1043 992 1079 possessorum
1004 1045 1137 1089 Tyrias-

251 1091 436 1124 senensium
449 1115 460 1131 ,
488 1091 750 1126 Cascantenfium
763 1115 775 1132 ‚
800 1095 1112 1140 Calogoritanorum
1126 1119 1136 1136 ‚

255 1138 494 1186 Varegenfium
518 1165 530 1181 ,
557 1140 773 1177 Tritienfium
794 1167 808 1184 ,
834 1145 1076 1186 Levisenfium,
1103 1146 1136 1180 &

253 1188 563 1225 Vero-Virtensium
583 1191 727 1226 civitatis
748 1203 824 1227 cum
845 1195 1137 1239 subscriptionibus

252 1237 455 1275 diversorum
475 1240 595 1275 litteras
618 1240 713 1276 nobis
735 1244 862 1278 constat
883 1245 1024 1290 ingestas
1044 1270 1055 1286 ,
1081 1257 1137 1289 per

253 1301 336 1334 quas
346 1290 378 1324 id
388 1313 399 1330 ‚
427 1291 516 1335 quod
527 1290 567 1326 de
577 1292 723 1335 Sylvano
736 1294 864 1337 querela
875 1296 975 1330 vestra
988 1295 1136 1339 deprom-

252 1341 357 1383 pserat
368 1365 379 1381 ,
391 1340 592 1376 excusabant
603 1366 611 1374 .
637 1342 699 1377 Sed
713 1343 1135 1389 reprehenfionejustisfima

251 1400 369 1425 eorum
380 1391 590 1435 pariterjusta
614 1393 771 1437 allegatio
784 1405 851 1429 non
864 1396 993 1432 carebat
1008 1410 1019 1429 .-
1046 1396 1134 1443 Qia

252 1450 368 1485 praeter
388 1442 623 1476 conscientiam
644 1443 899 1488 Metropolitani
925 1471 935 1487 ,
961 1445 1082 1480 Fratris
1102 1445 1135 1478 δε

251 1490 484 1536 Co—Episcopi
506 1491 607 1526 nostri
620 1491 780 1536 Ascanii,
807 1497 977 1530 nonnullis
999 1496 1136 1531 civitati·

252 1539 315 1575 bus
339 1541 508 1577 ordinatos
533 1542 650 1577 claruit
674 1544 864 1579 Sacerdotes
892 1570 900 1578 .
929 1546 1037 1581 Unde
1057 1556 1136 1590 quo-

249 1591 343 1625 niam
365 1591 526 1636 quidquid
549 1590 591 1625 ab
600 1592 752 1627 alterutra
764 1603 855 1637 parte
876 1596 920 1629 est
935 1595 1135 1636 indicatum,

248 1641 347 1675 omni
369 1640 536 1675 videamus
556 1643 762 1685 perversitate
782 1645 959 1679 confusum
978 1669 990 1686 ,
1015 1655 1138 1689 tempo·

251 1701 326 1724 rum
350 1691 535 1725 necestitate
558 1693 741 1734 perspecta,
766 1691 830 1727 hac
851 1696 976 1730 ratione
998 1696 1137 1730 decerni-

250 1749 328 1775 mus
353 1740 395 1776 ad
412 1741 541 1775 veniam
565 1742 725 1784 pertinere
744 1743 833 1785 quod
855 1745 980 1788 gestum
1003 1747 1048 1779 est
1066 1771 1076 1787 ,
1102 1755 1139 1780 ut

251 1788 342 1824 nihil
366 1790 522 1835 deinceps
541 1798 656 1825 contra
668 1791 831 1837 Praecepta
853 1793 937 1830 beati
950 1795 1113 1840 -Apostoli
1128 1820 1138 1836 ,

253 1838 342 1875 nihil
366 1850 480 1876 contra
506 1840 719 1877 Nicaenorum
747 1844 926 1880 Canonum
948 1846 1137 1881 Constituta

254 1899 402 1925 tentetur
414 1916 422 1923 .

306 1940 387 1976 Hoc
399 1950 509 1977 autem
534 1945 675 1988 primum
697 1945 788 1989 juxta
809 1947 989 1983 eorundem
1003 1948 1139 1983 Parrum

252 1989 403 2036 Regulas
423 1993 576 2029 volumus
597 1997 753 2034 custodiri
777 2022 790 2039 ,
817 2001 863 2032 'ut
885 1999 995 2034 nullus
1031 2008 1140 2042 praeter

255 2042 415 2077 notitiam
423 2053 521 2088 atque
529 2047 724 2081 consen-sum
738 2048 857 2082 Fratris
868 2048 1002 2083 Ascanii
1017 2049 1142 2082 Metro·

253 2090 396 2133 politani
408 2093 617 2136 aliquatenus
627 2098 835 2130 consecretur
856 2098 1023 2131 Antisses:
1050 2097 1139 2143 Qia

251 2140 322 2174 hoc
341 2141 376 2175 δε
387 2150 479 2176 vetus
491 2144 586 2178 Ordo
598 2147 725 2179 tenuit.
754 2146 833 2180 Hoc
844 2157 1065 2181 trecentorum
1078 2148 1137 2179 de-

253 2201 329 2224 cem
347 2191 470 2224 &olto
482 2193 664 2226 sanctorum
678 2194 812 2227 Parrum
835 2196 988 2229 definivit
999 2193 1140 2228 authori-

254 2247 329 2278 tas,
354 2240 407 2274 cui
420 2239 565 2284 quisquis
583 2241 699 2275 obvias
723 2244 899 2277 tetenderit
924 2255 1063 2284 manus,
1089 2255 1142 2277 eo·

254 2300 329 2325 rum
355 2291 387 2325 se
408 2292 578 2326 consortio
604 2293 725 2326 fatetur
751 2292 928 2338 indignum
952 2319 964 2336 ‚
999 2304 1140 2339 quorum

255 2340 528 2385 praeceptionibus
551 2342 729 2376 resultarit.

307 2390 344 2423 In
355 2402 495 2434 quorum
508 2393 743 2427 contumeliam
758 2392 893 2437 superbo
904 2395 1015 2439 spiritu
1041 2396 1140 2430 etiam

255 2451 328 2485 pars
356 2441 410 2475 illa
429 2443 656 2476 contemnitur
678 2467 689 2483 ,
715 2454 779 2488 qua
805 2454 932 2479 vetatur
952 2471 963 2487 ‚
1001 2456 1044 2480 ne
1066 2445 1152 2490 quis.

253 2491 364 2526 relicta
376 2492 587 2531 Ecclesiasua
599 2491 639 2526 ad
655 2493 785 2528 alteram
809 2496 938 2529 transire
949 2497 1117 2540 praesumat
1129 2509 1140 2528 .-

255 2542 361 2589 Qod
374 2541 473 2576 nimis
497 2542 643 2586 improbe
655 2567 666 2584 ,
690 2545 966 2587 conniventibus,
992 2546 1025 2579 dc
1039 2556 1075 2581 ut
1084 2546 1141 2580 do-

254 2591 360 2625 leatur
381 2592 512 2636 gravius
535 2617 548 2633 ,
574 2592 669 2627 vobis
696 2596 912 2638 quaerentibus
929 2620 939 2637 ‚
970 2595 1140 2630 Hirinaeus

254 2641 443 2685 Episcopus
452 2652 592 2677 conatur
613 2642 786 2679 admittere
794 2657 814 2685 ,²
832 2646 889 2689 qui
910 2657 976 2679 non
998 2646 1138 2681 authori·

255 2692 478 2725 taterevocari
489 2693 609 2735 cupitis
623 2717 634 2733 ‚
660 2704 742 2735 quos
752 2694 898 2730 maxime
919 2696 960 2731 de
980 2696 1072 2740 rebus
1092 2698 1139 2730 in-

253 2740 357 2775 licitis
366 2751 485 2786 magna
499 2742 733 2785 indignatione
744 2751 888 2787 oporteret
899 2747 1065 2790 accendi}

308 2791 415 2825 Leuis
424 2790 504 2835 ergo
515 2792 549 2824 in
560 2802 728 2827 conventu
741 2795 889 2831 Fratrum
901 2821 911 2838 ‚
939 2807 1022 2841 quos
1035 2797 1139 2830 Nata-

255 2839 297 2874 lis
318 2841 384 2874 mei
407 2841 564 2875 festivitas
589 2852 804 2889 congregarat
830 2869 842 2886 ,
867 2847 983 2881 litteris
1004 2848 1135 2886 vestris,
1177 2881 1179 2883 ,

254 2901 328 2934 quae
349 2890 390 2924 de
409 2889 599 2926 ordinandis
623 2892 796 2938 Episcopis
818 2896 996 2931 secundum
1009 2898 1135 2932 Statuta

252 2951 443 2982 canonum,
463 2940 516 2976 vel
541 2942 811 2979 Praedecessorum
837 2957 985 2982 meorum
1011 2947 1137 2981 decreta

253 2991 352 3031 sunt,
380 2991 515 3034 perlecta
534 2993 715 3034 sententia,
745 2994 941 3038 Gestorum,
966 3009 1035 3041 quae
1059 2998 1139 3041 pari·

253 3048 305 3074 ter
328 3038 506 3075 direximus
531 3065 543 3081 ,
569 3052 684 3077 tenore
707 3043 858 3079 discetis.
886 3047 992 3082 Unde
1009 3059 1137 3081 remoto

253 3088 296 3123 ab
319 3089 459 3124 Ecclesia
473 3091 748 3134 Barchinonenfi,
776 3106 872 3139 atque
890 3097 930 3131 ad
945 3097 997 3132 sua
1009 3098 1137 3131 remisso

253 3138 401 3182 Hirinpo
422 3163 433 3179 ,
461 3141 576 3175 sedatis
597 3154 653 3186 per
674 3145 915 3180 Sacerdotalem
945 3147 1135 3181 modestiam

250 3189 501 3232 voluntatibus,
526 3202 597 3234 quae
618 3203 673 3235 per
692 3194 915 3238 ignorantiam
942 3195 1136 3232 Ecclesiasti—

251 3249 363 3273 carum
379 3239 490 3285 legum
512 3241 693 3278 defiderant
713 3245 802 3285 quod
827 3258 894 3281 non
919 3248 997 3281 licet
1007 3247 1134 3283 obtine-

251 3299 287 3324 re
299 3313 310 3329 ,
337 3290 411 3324 talis
421 3291 571 3333 protinus
581 3292 622 3326 de
635 3292 737 3327 Clero
749 3297 878 3339 proptio
892 3295 1135 3333 Barchinonen-

249 3337 335 3376 sibus
356 3339 521 3383 Episcopus
542 3341 728 3381 ordinetur,
753 3345 884 3388 qualem
904 3356 937 3382 te
960 3348 1134 3394 precipue,

354 3390 461 3434 Ghrtst.
475 3396 559 3436 Lupi
569 3396 668 3435 Opera
678 3396 712 3427 T.
724 3397 791 3429 Vll.

1194 243 1304 276 Frater
1316 239 1460 283 Ascani,
1485 250 1632 285 oporteat
1644 244 1762 289 eligere
1775 269 1786 286 ‚
1812 243 1970 281 &deceat
1988 257 2068 280 con-

1194 294 1313 327 secrare
1325 318 1332 325 .
1361 293 1414 326 Ne
1426 292 1446 325 fi
1459 291 1605 326 similiter
1614 295 1696 327 sorte
1715 298 1830 330 facium
1851 296 1947 331 fuerit
1960 321 1971 337 ,
1997 307 2068 329 non

1194 344 1261 377 fine
1281 342 1510 387 objurgatione
1529 342 1578 377 tui
1592 343 1732 378 maxime
1758 347 1902 380 nominis
1915 346 2068 380 retundat

1195 393 1303 427 nostra
1326 393 1506 436 Praeceptio
1529 417 1541 433 ,
1567 393 1655 436 quod
1690 393 1725 426 in
1749 395 1899 436 injuriam
1923 397 1987 430 Dei
2014 419 2024 435 ,
2049 396 2070 429 ὲ

1196 454 1263 487 quo
1287 442 1466 487 specialiter
1477 443 1735 477 Sacerdotalium
1758 444 1802 476 est
1816 444 1916 486 gratia
1929 445 2072 489 dignita-

1197 503 1289 533 tum,
1316 493 1526 527 didicerimus
1547 494 1738 527 admiffum.
1766 493 1838 527 Nec
1851 495 1999 537 Episcopi
2015 494 2072 527 ho·

1197 553 1259 576 nor
1283 541 1519 577 haereditarium
1540 543 1591 586 jus
1612 537 1762 587 putetur,
1789 542 1878 587 quod
1902 544 1995 578 nobis
2006 543 2074 578 sola

1196 593 1263 626 Dei
1276 594 1375 626 nostri
1392 593 1514 627 Christi
1528 593 1731 638 benignitate
1741 594 1907 627 confertur
1917 617 1925 625 .

1247 643 1430 678 Ordinatos
1449 643 1527 688 ergo
1550 652 1640 678 nunc
1654 644 1852 686 Episcopos,
1877 641 2020 686 quiante
2041 651 2075 676 te

1198 692 1370 736 ignorante
1391 694 1529 736 proveffl
1551 695 1648 734 sunt,
1675 694 1751 728 licet
1761 703 1837 728 cum
1860 694 1924 727 suis
1934 690 2076 726 authori·

1198 742 1259 776 bus
1280 744 1456 777 meruerint
1489 743 1672 778 submoveri
1695 769 1705 784 ,
1733 743 1795 778 hac
1820 744 1947 778 ratione
1971 743 2076 776 firma·

1198 803 1293 831 mus,
1318 793 1341 825 fi
1363 793 1511 827 &viduae
1522 795 1656 829 maritus
1667 795 1740 839 quis
1750 804 1819 827 non
1841 794 1940 827 fuerit
1954 817 1966 834 ‚
1992 793 2075 826 &in

1200 841 1296 875 unius
1318 843 1454 887 virginis
1477 844 1606 887 nuptias
1620 855 1657 878 ae
1670 855 1744 879 vota
1755 844 1968 883 convenerit,
1995 843 2076 876 ficut

1197 891 1358 935 &legalia
1373 892 1564 928 constituta
1578 895 1764 938 praecipiunt
1775 919 1787 935 ,
1798 893 1960 928 dicendo:
1975 896 2077 926 sacer·
2094 889 2186 919 Levit.
2203 897 2250 917 2¹·

1198 942 1252 973 dos
1280 947 1429 986 virginem
1452 955 1573 977 uxorem
1593 949 1740 986 accipiat,
1765 955 1822 978 non
1844 945 1992 983 viduam,
2018 953 2077 980 non

1198 991 1390 1032 repudiatam
1404 1017 1411 1023 .
1438 993 1623 1027 Secundum
1636 994 1725 1038 quod
1743 994 1841 1029 ctiam
1853 994 1974 1028 Beatus
1987 992 2078 1036 Apo-

1201 1040 1300 1075 stolus
1324 1040 1446 1075 Paulus
1464 1064 1475 1080 ,
1501 1042 1658 1086 Magister
1678 1045 1828 1087 gentium
1842 1068 1853 1085 ,
1878 1044 1919 1078 de
1947 1042 1998 1077 his
2017 1042 2077 1087 qui

1201 1091 1271 1124 fieri
1293 1090 1472 1125 desiderant
1494 1092 1702 1133 Sacerdotes,
1729 1093 1856 1136 propria
1869 1093 2080 1128 institutione

1201 1152 1269 1174 non
1283 1141 1387 1174 tacuit
1402 1165 1413 1180 ,
1440 1141 1574 1175 dicens.-
1602 1146 1696 1176 Um'us
1716 1148 1822 1176 uxoris
1831 1145 1947 1175 virum.
1976 1143 2082 1185 Cujus
2102 1157 2206 1189 ,gl-im,
2227 1165 2254 1193 3-

1199 1198 1313 1224 tenore
1333 1191 1498 1225 sententiae
1519 1191 1565 1226 ita
1588 1192 1759 1225 informati
1780 1193 1843 1226 effe
1867 1190 2017 1231 debetis,
2043 1202 2085 1225 uc

1201 1240 1284 1274 inter
1307 1250 1417 1274 caetera
1440 1252 1512 1284 quae
1533 1241 1678 1276 cavenda
1699 1242 1774 1275 sunt
1792 1266 1803 1282 ,
1829 1237 1895 1274 haec
1923 1240 2081 1276 studeatis

1201 1290 1357 1334 praecipue
1380 1290 1563 1331 custodiri,
1590 1303 1661 1336 quae
1681 1292 1882 1336 cognoscitis
1904 1301 1981 1324 ante
2001 1292 2082 1325 uni-

1201 1341 1288 1374 versa
1311 1341 1479 1375 mandari.
1505 1341 1544 1375 In
1567 1341 1684 1386 quibus
1703 1343 1803 1377 etiam
1826 1341 2082 1386 perspiciendum

1200 1389 1244 1424 est
1268 1414 1279 1430 ,
1305 1401 1348 1425 ne
1375 1391 1443 1425 duo
1466 1392 1526 1425 fint
1553 1391 1587 1425 in
1611 1394 1676 1426 una
1703 1392 1847 1427 Ecclefia
1870 1390 2082 1425 Sacerdotes.

1201 1439 1273 1474 Nec
1284 1440 1462 1476 litterarum
1481 1442 1614 1487 ignarus
1626 1467 1638 1483 ,
1662 1451 1718 1477 aut
1741 1453 1854 1477 carens
1873 1441 1981 1485 aliqua
1994 1452 2083 1485 parte

1201 1489 1420 1526 membrorum
1432 1516 1444 1532 ,
1469 1493 1520 1526 vel
1532 1492 1632 1527 etiarn
1656 1504 1697 1527 ex
1708 1490 1949 1528 Poenitentibus
1964 1492 2088 1535 aliquis>

1200 1541 1239 1574 ad
1254 1542 1376 1575 sacrum
1388 1542 1611 1577 Ministerium
1632 1542 1760 1587 prorsus
1781 1544 1901 1577 finatur
1911 1539 2083 1576 accedere.

1251 1590 1324 1624 Nee
1345 1590 1475 1626 tantum
1498 1592 1618 1635 putetis
1629 1593 1801 1637 petitiones
1821 1592 1927 1626 valere
1937 1590 2085 1634 Populo·

1200 1650 1272 1673 rum
1285 1665 1295 1681 ,
1320 1651 1356 1676 ut
1369 1653 1446 1677 cum
1458 1641 1511 1676 his
1533 1654 1639 1686 parere
1657 1644 1798 1686 cupitis,
1825 1642 1891 1677 Dei
1911 1640 2014 1675 nostri
2027 1649 2084 1674 vo·

1202 1690 1362 1726 luntatem
1377 1715 1388 1732 ‚
1409 1703 1480 1735 quae
1491 1703 1552 1727 nos
1565 1700 1696 1737 peccare
1711 1690 1860 1737 prohibet
1871 1715 1882 1732 ,
1910 1690 2084 1731 deseratis,

1201 1740 1292 1783 cujus
1314 1741 1503 1787 indignatio
1525 1754 1566 1777 ex
1589 1741 1654 1776 hoc
1675 1741 1806 1787 gravius
1833 1750 2086 1780 commovetur,

1204 1792 1281 1834 quia
1297 1790 1485 1837 benignitas
1498 1792 1588 1836 ejus,
1614 1791 1693 1827 dum
1704 1791 1927 1827 fiuntinlicira
1945 1801 2000 1834 per
2009 1800 2091 1828 eos,

1202 1840 1344 1882 quisunt
1357 1841 1549 1886 Interpretes
1560 1842 1754 1887 placationis
1766 1867 1778 1884 ,
1801 1841 1999 1877 offenditur.

1254 1890 1310 1925 Ut
1322 1902 1432 1927 autern
1446 1894 1559 1928 omnia
1573 1891 1749 1928 secundum
1760 1892 1828 1927 haec
1839 1916 1850 1933 ,
1877 1903 1955 1936 quae*
1968 1890 2093 1941 scripsi}

1203 1952 1275 1975 mus
1295 1965 1306 1982 ‚
1332 1944 1536 1987 corrigantur
1556 1969 1568 1985 ,
1596 1946 1762 1988 praesentes
1788 1944 1912 1978 litteras
1935 1940 2094 1984 Traiano

1203 1991 1439 2027 Sub-Diacono
1451 1994 1562 2028 nostro
1573 1995 1726 2029 veniente
1735 1992 1916 2028 direximus
1925 2015 1934 2022 .
2083 1989 2091 2018 ἶ

1252 2043 1356 2089 Qod
1383 2044 1405 2076 fi
1434 2044 1594 2086 Hirineus
1623 2045 1804 2086 Episcopus
1838 2042 1879 2075 ad
1906 2039 2093 2090 Ecclesiam'

1205 2093 1314 2130 suam,
1339 2092 1488 2135 deposito
1503 2092 1722 2138 improbitatis
1744 2091 1895 2129 ambitu,
1920 2089 2023 2124 redire
2034 2100 2091 2123 ne-

1203 2141 1362 2185 glexerit,
1387 2141 1477 2184 quod
1500 2142 1529 2175 ei
1543 2153 1610 2175 non
1635 2140 1786 2182 judicio,
1812 2141 1863 2174 sed
1878 2138 2086 2174 humanitate

1204 2189 1423 2233 praestabitur‚
1451 2189 1687 2223 removendum
1707 2188 1740 2222 se
1760 2187 1802 2222 ab
1814 2188 1999 2232 Episcopali
2011 2200 2089 2224 con-

1204 2240 1305 2273 sortio
1330 2241 1393 2272 effe
1414 2240 1610 2282 cognoscat.
1926 2247 1929 2250 ’

1304 2290 1393 2323 Data
1414 2288 1471 2321 111.
1498 2286 1574 2321 Kal.
1596 2289 1723 2332 Januar.
1749 2288 1902 2324 Basilisco

1353 2338 1616 2373 &Hermenrico
1641 2338 1719 2373 Vv.
1735 2339 1816 2373 CC.

1346 2549 1388 2593 C
1402 2549 1445 2594 A
1457 2547 1491 2593 Ρ
1504 2548 1550 2594 U
1565 2543 1605 2592 T
1641 2548 1942 2596 CCXXVIII.

1339 2685 1430 2720 EX
1480 2684 1785 2723 CODICE
1838 2696 1939 2735 1345.
1988 2688 1990 2691 ’

1339 2801 1546 2852 Concilium
1595 2803 1936 2872 Neapolitanum.

1289 2942 1365 2980 Um
1374 2943 1549 2980 mnlefimo
1568 2945 1744 2979 centesimo
1758 2944 1914 2990 vigefimo
1926 2941 2078 2991 lucarna-

1305 2996 1416 3030 ·tionis
1436 2993 1624 3030 Dominicae
1648 3005 1739 3029 anno
1762 3019 1772 3036 ,
1799 2995 1941 3039 peccatis
1960 2994 2077 3030 nostris

1201 3045 1409 3090 exigentibus
1435 3068 1447 3085 ‚
1480 3044 1798 3087 Hierosolymitana
1819 3045 1929 3091 Regio
1965 3044 2077 3080 multis

1200 3095 1457 3139 oppressionibus
1481 3094 1676 3135 vastaretur,
1701 3094 1894 3140 &frugibus
1913 3095 1979 3139 jam
1997 3095 2015 3129 a
2030 3096 2077 3129 lo-

1200 3146 1296 3181 custis
1317 3147 1350 3181 ὃς
1363 3143 1506 3179 muribus
1526 3144 1743 3188 quadriennio
1764 3145 1988 3190 consumptis,
2013 3156 2079 3180 ere-

1201 3196 1406 3239 ber‘rirnisque
1430 3196 1660 3229 Saracenorum
1685 3192 1854 3230 affultibus
1876 3196 1909 3231 δε
1930 3194 2076 3235 insidiis,

1201 3246 1348 3290 plurimis
1371 3244 1613 3289 peregrinorum
1634 3243 1804 3279 &civium
1829 3246 2002 3281 intersessis
2022 3244 2075 3277 de·

1203 3296 1355 3331 solaretur
1375 3320 1385 3336 ‚
1412 3296 1461 3328 vir
1478 3294 1674 3328 columbinae
1698 3291 1911 3339 simplicitatis
1941 3293 2077 3328 Paniar-

1200 3346 1261 3382 cha
1282 3345 1493 3394 Garmundus
1514 3367 1525 3385 ,
1551 3343 1810 3390 humilitatisque
1830 3346 1981 3381 alumnus
2003 3366 2015 3382 ,
2040 3342 2076 3376 δε

1604 3394 1636 3428 Κ
1663 3393 1687 3429 k
1739 3405 1759 3443 3
1960 3392 2028 3427 feli-
