2320 3730
351 185 453 226 wo

478 365 970 411 Senotton·

287 508 468 596 HAEc
481 510 631 554 Epistola
645 508 760 553 scripta
773 508 817 542 est
829 517 919 541 anno
931 502 1094 548 trigesimo
1106 502 1171 537 sex-

419 572 456 597 to
470 561 560 596 istius
582 558 709 595 saeculi.
738 558 793 595 Est
805 557 895 591 enirn
921 555 1035 598 scripta
1045 552 1116 596 post
1129 552 1172 596 ja·

285 612 372 645 &um
382 611 400 645 ὲ
414 609 564 649 Rabbula
577 608 740 643 Edesseno
754 605 972 649 Metropolita
995 602 1169 639 anathema

277 660 318 695 in
332 660 552 695 Theodorum
566 658 857 703 Mopsuestlensem
871 681 879 688 .
907 655 992 702 Qis
1001 654 1168 688 fueritGe-

281 711 458 752 mellinus,
483 711 626 754 ignoro.
655 706 808 742 Omnino
835 706 930 743 fuerit
942 705 1015 753 quis
1028 703 1169 741 Osrhoe-

279 770 329 795 ηε
339 760 519 796 Provincia
531 758 732 801 Episcopn55
761 769 816 797 aut
837 758 910 804 quis
923 755 1088 793 Edeffenae
1107 755 1166 789 Ec-

278 809 376 843 clesiae
392 808 562 849 Clericus,
590 807 646 852 qui
669 810 781 843 senem
806 805 995 842 Rabbulam
1017 805 1058 840 ad
1083 805 1166 840 istud

277 856 446 892 heroicum
461 859 589 893 facinus
602 858 790 893 accenderit
804 883 811 891 .
840 859 922 897 Item
937 858 1076 902 ignoro,
1102 855 1167 898 quo

280 906 435 943 Andreas
447 918 538 943 extra
552 908 765 944 Provinciam
779 910 892 943 iverit.
920 907 985 941 lvit
997 906 1037 942 ad
1049 907 1168 940 satisfa-

275 957 432 992 ciendum
454 958 589 998 multis,
615 958 673 1001 qui
697 959 847 994 adversus
868 959 974 1002 ipsum
993 967 1085 992 erant
1100 968 1166 1000 per-

274 1007 397 1041 turbati
423 1019 466 1045 ex
486 1007 660 1043 calumniis
694 1009 878 1049 Gemellini
923 1020 961 1043 ac
989 1006 1166 1045 Rabbulae.

273 1055 446 1092 Rabbulas
458 1057 547 1092 enirn
570 1070 638 1093 non
663 1058 729 1093 sola
742 1058 918 1097 Theodori
942 1057 1082 1099 scripta,
1109 1055 1164 1089 sed

272 1108 375 1141 etiam
389 1108 483 1150 ipsms
497 1107 641 1146 Andreae
650 1119 764 1146 contra
779 1109 885 1145 sanai
899 1106 1020 1149 Cyrilli
1031 1104 1166 1148 Capitu-

269 1158 302 1191 la
315 1157 436 1192 librum
463 1157 695 1197 damnaverat,
722 1168 820 1200 atque
846 1158 892 1190 ita
916 1156 957 1189 ab
970 1154 1105 1189 Andrea
1116 1154 1164 1188 di-

270 1206 425 1241 straxerat
448 1206 627 1240 multorum
649 1206 781 1240 animos
799 1231 807 1239 .
838 1205 983 1240 Proinde
1014 1204 1164 1239 Andreas

270 1256 400 1290 videtur
425 1254 627 1300 Euphratem
648 1257 803 1292 tranfiiffe
826 1281 838 1298 ‚
863 1268 901 1291 ac
925 1255 1103 1300 processisse
1129 1256 1162 1289 in

269 1305 478 1340 Osrhoenam
501 1306 732 1348 Provinciam3
759 1308 800 1342 ad
814 1305 1063 1351 componendos
1087 1306 1164 1339 istos

269 1358 401 1390 animos
423 1381 430 1387 .
461 1357 504 1390 Et
530 1356 584 1390 illa
608 1383 620 1398 ,
657 1369 729 1402 quae
750 1359 822 1393 istic
842 1359 970 1392 audivit
992 1368 1030 1391 ac
1052 1355 1135 1389 vidit
1153 1380 1164 1396 ‚

267 1406 375 1449 ipsum
400 1417 632 1449 permoverunt
657 1409 699 1443 ad
724 1408 880 1443 omnibus
901 1406 1009 1443 modis
1032 1417 1162 1449 promo-

265 1456 410 1491 vendam
432 1469 542 1502 pacem
572 1483 579 1491 .
605 1458 698 1492 Hinc
720 1459 915 1494 Alexandro
940 1456 1164 1497 Metropolitae

266 1518 310 1540 ex
331 1509 460 1549 pestore
481 1507 591 1541 scribit
617 1503 784 1551 Cyrillum
798 1532 810 1548 ,
837 1509 914 1540 licet
938 1517 1007 1539 non
1029 1502 1163 1539 anathe-

267 1557 456 1597 matizarit‚
481 1566 590 1591 tamen
615 1567 761 1600 patenter
780 1557 933 1592 receffisse
955 1555 973 1588 ὲ
989 1555 1050 1589 suis
1065 1554 1163 1598 Capi-

265 1605 367 1645 tulis,
394 1606 429 1640 &
452 1606 471 1638 ὲ
496 1606 631 1650 singulis
642 1618 756 1641 eorum
781 1606 960 1642 erroribus.
989 1606 1033 1639 Et
1045 1603 1106 1638 este
1118 1615 1164 1638 ra-

264 1655 396 1697 tiones,
422 1666 462 1688 ex
475 1656 595 1698 quibus
606 1658 776 1691 excusetur
786 1657 827 1691 ab
855 1657 916 1690 isto
934 1653 1160 1690 anathemate:

267 1708 354 1749 ‚Quia
377 1717 428 1739 nec
447 1706 573 1747 pffbile
585 1714 650 1740 erat
658 1707 744 1740 illum
749 1705 790 1747 fic
798 1708 992 1749 accusatorem
1000 1703 1088 1748 suum
1099 1705 1164 1748 fieri

265 1757 421 1790 evidenter
432 1762 499 1799 ques
506 1755 661 1799 snspeHus
673 1767 740 1791 erat
748 1758 874 1799 periculi
887 1782 895 1790 .
918 1757 1079 1800 Apertum
1090 1766 1161 1788 ana-

263 1805 379 1839 thema
412 1805 517 1848 ipsum
550 1807 676 1840 fecisset
696 1807 883 1840 obnoxium
917 1804 1165 1850 degradationi.

266 1856 362 1889 Hinc
387 1854 618 1889 Alexandrum
630 1855 812 1889 obtestatur
827 1879 839 1895 ,
866 1864 903 1888 ut
913 1854 1050 1888 accedat
1061 1853 1102 1888 ad
1115 1865 1167 1897 pa-

265 1917 355 1940 cem.
383 1905 429 1939 Et
452 1903 532 1939 hinc
556 1905 714 1939 discimus
732 1907 794 1940 tria
816 1904 956 1955 „Qod
978 1902 1167 1938 Alexander

265 1957 369 1998 usque
392 1964 473 1988 tunc
501 1955 711 1996 permanserit
739 1954 888 1998 pertinait
911 1979 918 1986 .
965 1952 1070 2001 Qod
1097 1952 1167 1987 An-

269 2004 363 2038 dreas
388 2004 492 2045 usque
514 2011 596 2037 tunc
620 2003 756 2040 vixerit.
783 2002 890 2052 Qod
906 2004 1012 2038 ⁴fuerit
1034 2003 1084 2037 vir
1096 2013 1165 2038 non

269 2051 397 2091 malus·
915 2063 920 2072 ¹
957 2056 962 2066 '

516 2353 779 2402 CAPUT
815 2357 916 2402 cn.
1023 2324 1165 2406 --19o

288 2545 455 2618 Epistola
495 2581 509 2605 ,
560 2546 708 2611 inquit
752 2552 766 2604 ς
815 2551 896 2593 Deo
942 2541 1173 2609 Amicisfimi

358 2614 535 2685 Episcopi
579 2613 829 2675 Alexandri,
878 2632 992 2680 quam
1037 2619 1173 2679 rescri-

356 2687 434 2755 pfit
469 2702 602 2749 rogans
634 2719 647 2744 ,
695 2703 735 2732 ne
770 2684 812 2733 dc
847 2682 912 2732 hoc
946 2689 977 2733 ei
1023 2684 1175 2734 ulterius

362 2755 559 2820 instaretur
593 2755 642 2802 ab
677 2758 749 2802 eis.

394 2949 424 2984 E
436 2946 501 2983 hoc
514 2945 738 2984 Ecclesiastico
751 2945 888 2991 negotio
903 2946 987 2981 nihil
998 2947 1060 2982 tibi
1071 2945 1180 2983 habeo

420 2997 510 3045 quod
537 2997 674 3033 scribere
701 2997 825 3031 valeam
845 3021 857 3038 ‚
893 2996 934 3030 ab
956 2995 1007 3031 his
1029 3009 1099 3042 quae
1119 3005 1181 3032 tuae

299 3051 468 3088 Sanstitati
489 3048 573 3084 olim
583 3059 638 3092 per
650 3046 832 3092 Epistolam
853 3046 1019 3082 intimavi.
1047 3047 1181 3082 Biennii

301 3102 390 3135 enim
415 3110 543 3143 tempus
566 3097 612 3132 est
637 3121 648 3138 ,
685 3109 726 3132 ex
746 3107 815 3142 quo
838 3098 985 3132 universa
1004 3096 1183 3138 assecutus,

304 3162 374 3191 quae
387 3151 515 3193 Scripto
545 3151 579 3184 ἀ
596 3147 717 3192 absque
736 3148 865 3191 Scripto
884 3147 903 3182 ὸ,
915 3147 1105 3190 contrariis,
1132 3148 1182 3182 vel

305 3198 326 3231 Ξι
338 3199 433 3232 nobis
443 3198 566 3241 prolata
581 3199 653 3231 sunt
666 3223 676 3238 ‚
702 3196 958 3242 comprehendi,
984 3197 1184 3238 utarbitror‚

307 3249 514 3290 Propositum
537 3246 657 3289 Cyrilli
677 3246 862 3283 haereticum
880 3272 892 3289 ,
917 3247 952 3282 ὃς
968 3249 1056 3281 1*ectae
1076 3248 1183 3290 Fidei,

308 3309 378 3341 quae
387 3297 568 3331 vindicatur
580 3298 595 3329 a
612 3296 707 3330 nobis
718 3322 728 3337 ‚
754 3302 951 3333 contrarium.
979 3296 1012 3332 si
1026 3297 1101 3332 vero
1117 3298 1184 3332 cui-

309 3357 449 3389 cumque
471 3345 564 3381 aliter
586 3343 711 3381 videtur
731 3346 772 3383 de
793 3348 932 3384 Direffis
952 3347 1016 3383 five
1039 3347 1185 3394 Respon-

686 176 1038 221 -VARmRu'M
1076 172 1329 217 PATRUM
1365 166 1694 228 ΕΡΙςτοῑᾹε,

1234 250 1295 291 sis,
1321 250 1384 283 stra:
1404 251 1541 294 quisque
1562 254 1808 290 voluntatis‘est
1834 249 2008 290 dominus.
2035 257 2114 292 Hoc

1234 299 1311 338 vero
1322 298 1398 333 dedi
1410 299 1615 342 Responsum
1633 303 1669 335 δε
1680 305 1839 339 Dominis
1849 318 1903 350 per
1914 305 2025 340 omnia
2036 307 2114 341 Deo

1233 348 1449 384 Amicissimis
1462 348 1631 394 Episcopis
1643 374 1653 390 ‚
1664 350 1699 383 &
1709 351 1861 389 Domino
1871 353 2090 391 Theodoreto
2104 381 2117 397 ,

1232 400 1290 443 qui
1311 399 1448 443 scripsit,
1477 407 1514 433 ut
1533 396 1600 433 haec
1623 400 1690 443 ipsa
1713 401 1862 437 sentirem
1882 428 1894 445 ,
1918 417 1989 451 quae
2008 407 2043 440 δε
2059 416 2115 441 tua

1231 450 1388 484 Sanstitas
1402 450 1516 484 scribit
1528 473 1535 481 .
1551 451 1553 453 ’
1568 450 1623 483 De
1641 459 1756 486 caetero
1779 452 1881 497 igitur
1901 453 1946 488 est
1969 457 2116 500 superva-

1230 511 1329 535 cuum
1350 524 1361 541 ,
1389 510 1425 534 nt
1448 510 1504 535 aut
1529 510 1592 544 ego
1613 500 1750 536 scribam
1768 526 1780 544 ‚
1807 511 1865 536 aut
1883 510 1940 536 tua
1959 505 2115 540 Sanctitas

1229 549 1355 595 aliquid
1379 551 1471 594 super
1498 548 1568 584 hoc
1600 550 1725 585 indicet
1748 576 1756 583 .
1794 551 1887 586 Volo
1908 551 2116 592 enim-'nosse

1229 610 1321 636 tuam
1346 600 1609 645 Religiositatem
1622 624 1635 642 ,
1660 601 1751 645 quod
1773 601 1863 636 nulla
1879 602 1919 636 fit
1939 600 2023 636 mihi
2046 600 2116 648 puk

1229 662 1305 685 cum
1315 649 1639 686 communicantibus
1652 652 1699 685 eis
1713 677 1721 684 .
1744 652 1944 696 Relinquere
1967 651 2045 686 vero
2058 653 2118 688 Ec'-

1228 700 1357 735 clefiam
1380 711 1514 745 propter
1548 701 1743 735 violentiam
1774 703 1955 736 saecularem
1982 701 2028 736 ob
2051 698 2116 737 hoc

1228 749 1347 785 differo
1369 752 1499 785 tantum
1521 773 1532 790 ‚
1567 749 1626 785 sub
1645 751 1837 786 testimonio
1858 751 2002 787 veritatis
2024 777 2036 793 ‚
2072 764 2116 788 ne

1229 800 1338 836 videar
1363 801 1463 836 veluti
1496 799 1664 836 desertoris
1685 811 1706 842 ,*
1734 803 1768 836 δε
1790 801 1966 846 proditoris
1989 801 2113 838 Ovium

1229 850 1353 887 Christi
1373 851 1534 886 incurrere
1555 850 1833 899 adjudicationem
1846 878 1854 886 .
2093 864 2095 866 ·

1421 1010 1929 1055 Scirot10N.'

1303 1151 1347 1185 Er
1366 1149 1453 1185 hanc
1473 1152 1642 1195 epistolam
1668 1152 1856 1188 Alexander
1875 1155 2014 1190 revelata
2032 1155 2117 1188 facie

1324 1202 1497 1245 profitetur
1507 1201 1596 1236 initae
1608 1203 1695 1246 pacis
1704 1201 1818 1237 odium
1832 1227 1844 1244 ,
1870 1205 2025 1248 suamque
2041 1214 2119 1238 con-

1228 1251 1423 1286 tumaciam.
1450 1251 1570 1286 Scribit
1594 1253 1681 1287 varia
1695 1278 1702 1285 .
1728 1251 1864 1293 Primo,
1888 1254 1948 1289 fibi
1967 1254 2031 1289 effe
2053 1262 2120 1287 cer·

1226 1311 1298 1335 tum
1310 1326 1321 1343 ,
1350 1300 1438 1345 quod
1452 1302 1600 1345 Cyrinus
1610 1312 1798 1346 permaneat
1815 1304 1913 1339 durus
1936 1304 1972 1338 in
1984 1305 2118 1338 suorum

1228 1351 1457 1395 Capitulorum
1484 1349 1591 1386 haeresi
1617 1377 1625 1385 .
1663 1352 1817 1388 Secundo
1842 1377 1854 1393 ‚
1886 1354 1977 1398 quod
2002 1353 2117 1388 eadem

1229 1401 1388 1444 scripserit
1413 1398 1454 1435 ad
1480 1399 1735 1436 Theodoreturn
1763 1427 1774 1443 ,
1798 1402 1940 1447 ideoque
1966 1402 2119 1444 deinceps

1229 1460 1379 1483 neutrum
1407 1449 1487 1484 velit
1512 1451 1565 1484 vel
1575 1450 1702 1486 audire.
1732 1452 1782 1485 Hi
1793 1452 1963 1487 enimduo
1986 1451 2121 1494 conjun-

1227 1501 1284 1534 ‹stis
1304 1498 1426 1534 viribus
1447 1499 1651 1535 conabantur
1678 1501 1905 1537 Alexandrum
1939 1501 2121 1536 inflectere&

1228 1548 1348 1584 Tertio
1374 1549 1507 1588 scribit,
1532 1551 1620 1592 quod
1648 1551 1691 1585 ab
1711 1551 1936 1596 Imperialibus
1955 1550 2120 1586 Ministris

1227 1600 1291 1643 jam
1314 1599 1414 1632 fuerit
1438 1599 1586 1632 monitus
1603 1621 1615 1638 ‚
1639 1608 1677 1632 ut
1703 1610 1759 1634 aut
1780 1612 1892 1644 pacem
1914 1601 2119 1641 admitteret,

1228 1659 1284 1684 aut
1305 1649 1537 1693 Episcopatum
1547 1649 1582 1682 ὅ(
1593 1649 1762 1684 civitatem
1781 1659 1952 1695 cogeretur
1962 1649 2123 1694 relinque-

1229 1711 1279 1734 re.
1307 1699 1351 1733 Et
1380 1698 1491 1733 addit:
1518 1703 1580 1731 Hoc
1602 1698 1706 1739 differo
1716 1706 1855 1738 tantum,
1880 1711 1918 1733 ne
1935 1701 2119 1734 videatne—

1223 1748 1321 1793 [υτον
1327 1760 1363 1782 ac
1379 1749 1517 1781 Proditor
1529 1752 1641 1783 ovium
1651 1747 1780 1788 christe.
1809 1748 1862 1783 Ex
1872 1760 1941 1793 quo
1953 1747 2044 1784 vides
2053 1753 2122 1793 ‘poe-

1231 1800 1318 1833 nales
1338 1809 1452 1832 contra
1475 1797 1560 1832 istud
1573 1795 1708 1833 schifina
1721 1797 1829 1844 Leges
1840 1810 1882 1833 ex
1893 1809 1973 1834 tunc
1984 1799 2120 1843 incepi!²

1230 1850 1262 1884 se
1274 1850 1328 1883 seu
1341 1849 1436 1883 fuisse
1447 1847 1482 1880 in
1491 1847 1542 1882 via
1555 1873 1563 1881 .
1590 1847 1815 1885 Memoratum
1827 1849 1870 1883 ab
1879 1849 2016 1893 epistola
2029 1848 2121 1884 bien-

1230 1899 1323 1934 nium
1349 1910 1417 1934 non
1438 1897 1485 1932 est
1510 1897 1552 1932 ab
1574 1897 1657 1932 inita
1669 1909 1747 1942 pace
1757 1898 2040 1943 computandum,
2064 1898 2122 1934 sed

1230 1948 1272 1985 ab
1282 1948 1395 1984 habita
1406 1948 1525 1983 notitia
1536 1947 1674 1985 istorum
1684 1949 1886 1996 Scriptorum
1895 1973 1908 1994 ,
1930 1960 1969 1985 ac
1979 1948 2120 1987 aliorum

1232 2000 1393 2034 ACtorum
1406 2024 1413 2031 .
1748 2019 1752 2023 -
2103 2010 2109 2022 ·

1280 2048 1430 2084 Andreas
1443 2062 1481 2083 ac
1492 2049 1730 2086 Theodoretus
1742 2050 1972 2087 Alexandrum
1983 2076 1996 2094 ‚
2020 2059 2120 2094 quem

1231 2095 1330 2130 altera
1353 2097 1526 2130 studebant
1550 2098 1666 2131 ducere
1690 2099 1732 2133 ad
1743 2110 1879 2141 pacem,
1905 2102 2006 2134 altera
2017 2108 2120 2133 manu

1230 2146 1272 2181 ab
1282 2145 1349 2190 ipsa
1358 2143 1562 2180 divertebant
1575 2172 1583 2179 .
1608 2147 1812 2182 Retinebant
1823 2150 1913 2183 enim
1922 2173 1934 2190 ,
1959 2160 1997 2183 ac
2009 2148 2119 2191 palam

1232 2195 1402 2240 praedicare
1423 2196 1603 2240 pergebant
1623 2197 1718 2232 suum
1726 2198 1866 2241 capitale
1874 2198 1992 2233 odium
2001 2206 2120 2232 contra.

1232 2245 1352 2287 Cyrilli
1376 2244 1550 2288 Capitula.
1575 2246 1713 2280 Suarum
1736 2247 1773 2280 in
1794 2247 1862 2291 ipsa
1881 2247 2122 2282 calumniatum

1232 2292 1391 2329 nolebant
1425 2296 1582 2338 poenitere
1603 2319 1616 2336 ‚
1649 2303 1706 2330 aut
1730 2306 1863 2331 cantare
1898 2297 2121 2341 palinodiam.

1231 2343 1414 2389 Oportebat
1423 2346 1548 2379 auferre
1561 2344 1710 2380 velamen
1724 2345 1810 2391 istud
1820 2372 1832 2388 ,
1859 2346 1972 2390 aperiri
1983 2346 2099 2382 oculos
2105 2370 2119 2387 ,

1231 2394 1370 2429 revereri
1381 2394 1537 2438 Capitula
1547 2419 1559 2436 ,
1585 2405 1769 2439 exponere,
1794 2396 2014 2431 demonstrare
2028 2395 2121 2441 quod.

1233 2444 1381 2489 Cyrinus
1402 2455 1571 2489 nunquam
1592 2455 1693 2490 prava
1717 2444 1773 2480 sed
1794 2446 1919 2490 semper
1948 2448 2031 2481 resta
2049 2446 2124 2480 sen-

1232 2494 1313 2530 sisset
1323 2519 1331 2527 .
1357 2494 1410 2529 Sic
1421 2494 1612 2529 Alexander
1623 2517 1635 2533 ‚
1658 2495 1694 2530 ὃ(
1703 2505 1820 2530 ornnes
1829 2496 1897 2539 ejus
1907 2496 2040 2541 collegae
2050 2505 2122 2529 non

1234 2553 1383 2590 poterant
1402 2555 1473 2579 non
1495 2544 1716 2588 acquiescere.
1744 2546 1885 2592 Qanto
1904 2556 1981 2580 cum
1993 2546 2122 2580 honore

1236 2594 1377 2631 Ecclesia
1392 2593 1568 2637 postmodo
1583 2594 1754 2637 susceperit
1765 2594 1920 2639 Capitula
1932 2619 1944 2636 ‚
1970 2594 2016 2629 est
2026 2596 2122 2638 supra.

1234 2644 1418 2689 expolitum
1428 2666 1439 2683 ‚
1469 2643 1592 2677 &volo
1602 2643 1726 2686 aliquid
1738 2642 1832 2678 adere
1850 2669 1858 2676 .
1883 2645 1933 2679 Ea
1946 2644 2029 2679 tanti
2041 2644 2120 2679 fecit

1236 2695 1344 2739 Cyrus
1364 2692 1607 2728 Alexandrinus
1626 2692 1809 2737 Episcopus
1822 2719 1834 2735 ,
1857 2703 1895 2729 ut
1917 2695 1986 2738 ipsa
2007 2694 2044 2728 in
2061 2695 2122 2730 suo

1237 2743 1362 2780 infelici
1385 2753 1505 2778 novem
1524 2741 1757 2786 Capitulorum
1777 2742 1896 2778 Tomo
1908 2755 1976 2778 non
1994 2743 2123 2779 dumta-

1238 2806 1296 2830 xat
1308 2793 1492 2838 probaverit
1506 2817 1518 2834 ‚
1542 2792 1595 2827 sed
1612 2793 1743 2836 insuper
1753 2793 1867 2827 fecerit
1878 2817 1890 2834 ,
1917 2793 2050 2838 quodin
2064 2795 2122 2828 suo

1240 2846 1279 2881 ad
1290 2845 1358 2889 ejus
1367 2842 1578 2877 Relationem
1590 2842 1764 2887 Rescripto
1776 2841 1887 2878 laudat
1897 2844 2026 2889 Sergius
2045 2843 2122 2887 Epi-

1242 2897 1355 2939 scopus
1366 2893 1478 2939 Regiae
1489 2892 1630 2928 civitatis
1645 2918 1652 2925 .
1676 2897 1785 2927 omnes
1796 2898 1955 2936 impiarum
1971 2892 2121 2934 baerefium

1243 2943 1382 2980 authores
1394 2943 1579 2978 anathemati
1594 2941 1766 2987 submififlis
1779 2967 1790 2984 ‚
1816 2955 1883 2977 cum
1902 2943 2006 2987 quibus
2018 2945 2052 2978 (τ’
2061 2954 2122 2976 om-

1243 3007 1295 3031 nes
1303 2994 1532 3028 contradiaeores
1544 2994 1697 3029 duodeczm
1707 2995 1916 3037 capitularum
1920 2992 2122 3037 sapientiffimi

1243 3057 1277 3080 ac
1299 3043 1444 3079 mirabilis
1469 3045 1593 3085 cyrilli,
1620 3055 1693 3088 quos
1705 3045 1828 3078 mummi
1842 3049 2045 3086 poemtemes,
2066 3041 2125 3086 sed

1243 3102 1274 3130 in
1283 3096 1381 3130 eodem
1395 3092 1482 3138 usque
1494 3096 1539 3128 ad
1546 3094 1636 3138 finem
1646 3105 1744 3128 errore
1751 3102 1965 3137 permanentes
1973 3117 1984 3134 ,
2008 3103 2123 3127 execra-

1244 3145 1372 3181 nontbus
1383 3145 1613 3186 condemnastis.
1642 3144 1766 3178 Eadem
1787 3145 1872 3179 tanti
1890 3144 1969 3180 fecit
1978 3143 2121 3182 Paulus,

1243 3195 1346 3241 Sergii
1372 3194 1443 3238 post
1469 3193 1632 3238 Pyrrhum
1658 3195 1846 3236 Successor,
1872 3203 1910 3229 ut
1936 3195 1971 3228 in
1998 3194 2053 3228 sua
2079 3189 2121 3225 ad

1243 3243 1461 3281 Theodorum
1474 3244 1671 3279 Pontificem
1685 3244 1863 3280 Relatione
1881 3243 2037 3289 scripserit
2046 3239 2121 3276 fuis·

1244 3298 1276 3331 se
1295 3294 1430 3339 probata
1449 3295 1468 3328 ὲ
1491 3293 1749 3329 Chalcedonenfi
1767 3293 1921 3338 synodo.
1951 3291 2053 3342 Qod
2073 3288 2119 3323 est

1245 3356 1321 3382 cum
1332 3355 1436 3392 grano
1446 3344 1519 3381 salis
1530 3342 1759 3391 accipiendum
1769 3369 1777 3378 .
1996 3390 2018 3425 S
2039 3387 2046 3394 Ι

1331 3406 1334 3407 ’
2020 3398 2072 3423 cio
