2320 3730
616 150 955 203 Scu0t11s,
993 159 1057 190 er
1093 142 1288 188 Norrs
1324 154 1730 191 tttusranuz.

237 232 273 266 ni
286 227 499 266 Antiocheno
511 228 586 262 fecit
598 228 705 263 statim
719 228 751 262 in
764 228 832 271 ipso
843 227 988 272 hospitio
1001 251 1012 268 ‚
1037 238 1111 270 que-

235 280 383 315 rimoniis
397 292 403 311 :
431 277 524 311 Leda
536 281 627 312 sacra
637 290 735 312 omnes
749 277 962 323 applauserunt
977 302 989 319 ,
1015 283 1061 309 ita
1079 285 1111 309 ut

235 341 293 363 non
303 330 470 362 dubitarem
479 352 490 368 ,
520 334 592 371 quin
605 331 676 363 vere*
687 329 819 362 omnibus
829 354 842 372 ‚
866 340 932 372 quae
943 331 963 361 ὰ
981 326 1110 369 piifflmis

234 379 465 421 Imperatoribus
478 378 536 418 nost
537 386 580 412 rls
587 378 709 422 sancita
716 389 806 413 erant
816 404 827 420 ‚
854 390 962 412 morem
971 377 1112 420 effentge·

227 429 320 470 sturt.
349 433 394 462 Et
417 442 483 463 eam
507 430 541 462 ob
564 441 627 463 rem
633 432 746 474 gaudio
755 426 1112 471 perfundebar.-Ver1*tm

232 490 297 512 cum
304 480 405 521 posted
414 492 546 524 rogarem
560 504 570 518 ,
594 489 627 513 ut
637 481 741 513 litteris
748 486 893 522 parerent
902 488 1001 511 omnes
1016 501 1027 517 ‚
1045 477 1112 508 nul-

232 531 279 562 lus
301 531 402 563 audire
413 528 614 572 “mesustinere
634 531 726 562 voluit
738 553 745 559 .
773 530 833 561 Sed
844 530 877 561 (9⁴
890 525 1110 570 Religloffissmos

234 582 263 611 E
264 579 394 622 piscopos
406 604 416 619 ,
444 592 514 621 quos
527 583 546 612 5
548 579 720 621 ancvzfflmus
736 577 890 618 Nestorius
901 576 1023 621 miserat
1033 598 1044 614 ‚
1053 588 1111 609 cae-

231 629 359 673 ferosque
370 635 421 671 qul
430 637 544 663 comites
552 628 620 671 ipsis
634 628 772 668 adjunHi
777 628 921 672 fuerant,
932 638 990 660 non
1001 624 1110 677 absque

232 685 395 723 ignominia
415 689 587 723 exegerunt.
615 682 664 710 Me
674 689 804 722 quoque,
830 689 895 711 cum
911 676 1047 720 precibus
1059 681 1110 718 itte

233 742 300 763 rum
310 730 447 763 obnixius
456 730 591 770 instarem
601 752 611 767 ‚
633 728 728 761 veluti
738 734 790 771 qut
802 739 859 760 non
870 728 1004 761 deberem
1013 737 1111 767 eorum

225 786 378 822 particeps
391 781 460 823 effe,
490 790 556 820 quae
564 779 603 810 ab
619 778 680 810 illis
698 779 900 822 gerebantur,
926 779 942 811 e*
961 776 1013 820 suo
1034 779 1111 809 con-

227 829 302 874 seffu
324 832 500 871 expulerunt
520 853 527 859 .
556 827 603 862 At
627 828 701 861 vero
722 827 898 871 synodalis
918 826 987 861 haec
1010 826 1110 865 Aetio

232 881 317 913 fasta
339 880 384 913 est
403 877 456 911 die
471 878 622 922 vigefima
646 877 783 914 secunda
796 878 905 922 Junii.
935 878 1011 912 Erat
1032 877 1110 911 feria

231 929 373 963 secunda
396 927 540 964 secundae
559 925 773 965 hebdomada
784 928 854 972 post
869 926 1087 970 Pentecosten
1106 950 1114 958 .

230 978 277 1012 Et
297 977 339 1012 de
357 976 414 1013 ista
435 979 468 1012 S.
495 978 698 1022 Cyrillusin
723 978 860 1019 litteris,
890 988 969 1022 quas
980 976 1110 1021 Epheso

229 1027 300 1072 post
312 1028 320 1060 i
325 1029 412 1071 psam
433 1027 555 1071 scripsit
566 1027 607 1061 ad
629 1028 689 1063 suae
701 1027 848 1067 Ecclesiae
858 1026 993 1068 Clerum
1011 1028 1044 1061 δε
1055 1039 1111 1071 po-

228 1078 343 1121 pulum
357 1101 367 1118 ,
394 1075 433 1110 ha
439 1076 490 1110 bet
504 1090 512 1114 ς
538 1079 642 1111 Scitote
653 1078 793 1118 Sandfam
804 1079 944 1118 synodum
956 1084 989 1111 in
998 1089 1111 1122 magna

226 1131 366 1161 civitatis
389 1125 504 1170 Ephefi
517 1127 642 1169 Ecclefia
660 1153 670 1168 ,
696 1140 764 1171 quae
786 1129 956 1171 appellatur
978 1132 1111 1170 Deipaeru

222 1180 331 1210 Maria
344 1201 354 1217 ,
380 1176 520 1222 ‘otgefima
529 1178 639 1213 ollam
652 1178 755 1221 mensis
768 1178 1090 1223 Paunifutffefacqam
1103 1203 1111 1220 ἵ

228 1235 308 1262 Cum
320 1235 420 1261 autem
433 1235 510 1262 totus
520 1229 583 1263 dm
597 1228 813 1270 ibtdemsulffet
825 1227 994 1271 insumptus
1007 1251 1017 1267 ,
1043 1237 1112 1260 tan—

226 1278 299 1311 dem
324 1277 493 1318 Nestorium
522 1276 705 1320 depofitionis
732 1276 894 1321 sententIae
915 1276 1089 1320 subjecimus
1102 1302 1110 1310 .

226 1325 392 1371 Universus
414 1330 487 1363 vero
509 1333 646 1366 civitatis
658 1329 789 1370 populus
811 1330 832 1360 a*
851 1335 952 1370 primo
965 1330 1025 1361 diet
1046 1336 1112 1360 ortu

227 1375 320 1420 usque
340 1378 385 1411 ad
392 1375 549 1420 vesperam
568 1377 794 1419 praestolabatur
805 1378 925 1421 ‚511chae
944 1379 1047 1420 Saenodi
1059 1380 1114 1421 jue

228 1429 356 1461 dictum.
387 1428 487 1462 Actio
509 1427 610 1478 igitur
629 1426 757 1463 duravit
777 1427 797 1469 a
823 1428 932 1472 primo
956 1427 1022 1463 diei
1038 1438 1113 1462 ortu

227 1477 331 1518 usque
353 1476 394 1511 ad
406 1474 555 1516 ιιοὲὶςεῇξ
584 1475 663 1519 Ejus
674 1476 849 1515 exordium
868 1478 933 1513 fuit
946 1478 1044 1512 leotio
1055 1477 1114 1519 Di·

225 1526 310 1562 valis
323 1526 424 1561 Sacrae
437 1550 449 1566 ‚
470 1526 504 1567 ὅς
514 1526 620 1566 statim
630 1526 796 1568 subsecuta
809 1528 854 1571 est
868 1528 1017 1571 Comitis
1029 1528 1113 1562 Can-

231 1575 360 1611 didiani
372 1575 561 1620 protestatio
573 1600 581 1610 .
610 1575 654 1610 Et
666 1586 747 1611 tunc
760 1588 840 1611 mox
864 1579 998 1622 praesens
1009 1586 1114 1622 prote·

231 1625 333 1662 statio
343 1624 583 1677 Episcoporum
593 1651 600 1659 .
617 1625 761 1662 Proinde
770 1628 852 1661 fasta
863 1626 909 1662 est
920 1626 999 1662 hora
1013 1627 1114 1671 prima

231 1686 292 1711 aut
301 1674 441 1711 secunda
448 1676 515 1717 diei
528 1701 536 1710 .
561 1677 656 1711 Facta
681 1677 726 1712 est
740 1689 795 1721 per
811 1677 992 1722 Episcopos
1003 1678 1117 1719 missos

231 1725 252 1760 'a
261 1725 418 1762 Nestorio
427 1751 435 1760 .
464 1727 518 1768 Eat
528 1738 595 1772 quo
608 1727 694 1763 lucet
705 1728 811 1772 ipsum
823 1727 917 1763 fuisse
930 1727 1026 1772 hujus
1041 1739 1114 1772 ope-

230 1778 279 1812 ris
291 1776 479 1818 Authorem
488 1778 523 1820 ᾧ(
536 1777 723 1822 Principem
734 1804 742 1812 .
769 1778 813 1814 Et
829 1777 881 1813 isti
893 1778 1048 1823 Episcopi
1059 1780 1117 1821 sy·.

230 1826 326 1862 nodo
346 1826 539 1867 obtulerunt
563 1828 735 1872 praesentes
748 1828 872 1869 litteras
883 1853 894 1869 ‚
921 1831 1055 1873 praesens
1070 1830 1115 1870 ine.

231 1876 448 1911 strumentum
470 1876 567 1920 hujus
594 1878 834 1920 protestationis
845 1903 852 1911 .
882 1879 936 1912 De
960 1879 1029 1921 ipso
1051 1878 1117 1912 Co-

234 1936 304 1959 mes
321 1925 550 1965 Candidianus
570 1927 604 1959 in
629 1928 684 1961 sua
704 1925 744 1961 ad
757 1927 891 1969 Joannis
913 1925 1117 1962 Antiocheni

232 1975 517 2015 Conventiculum
541 1975 723 2015 Relatione
746 1976 920 2017 adiunxit.-
944 1978 1007 2009 Sed
1024 1987 1118 2018 neque

232 2027 494 2063 Commonitorium,
507 2048 518 2070 ,
544 2026 625 2068 quod
633 2024 837 2069 Religiofifflmi
846 2023 987 2069 Episcopi
1000 2027 1045 2059 ad
1053 2026 1117 2058 illos

230 2073 460 2114 destinaverant
486 2100 498 2117 ,
523 2074 580 2119 legi
598 2073 800 2118 permiserunt
822 2100 833 2116 ‚
870 2077 1118 2119 quemadmodum
1138 2084 1139 2087 ’

230 2124 677 2173 Sancqffmiliptscoptnorunt
690 2150 702 2166 ,
728 2131 902 2169 qutmecum
926 2127 1117 2170 accefferunt,

230 2181 283 2217 qui
295 2175 439 2216 testantur
449 2180 541 2213 etiam
553 2188 620 2219 quae
633 2178 653 2214 ᾇ
666 2188 713 2210 me
722 2183 931 2218 convenienter
940 2176 1097 2222 gestafimt
1114 2202 1120 2209 .

227 2223 314 2259 'Hoc
338 2226 644 2265 Commonitorium
665 2227 711 2261 est
733 2226 876 2263 omnino
899 2228 1030 2271 praesens
1044 2227 1117 2271 Epi-

230 2275 315 2309 stola
331 2300 339 2307 .
366 2275 449 2309 Haec
465 2275 560 2311 verba
576 2277 705 2320 insuper
716 2276 838 2316 docent
850 2277 1017 2318 Comitem
1030 2276 1118 2312 Can-

229 2322 403 2360 didianum
421 2326 455 2360 &
477 2326 628 2365 fastiosos
652 2327 833 2377 Episcopos
852 2352 864 2369 ,
891 2325 968 2367 licet
987 2339 1031 2362 ex
1053 2327 1116 2362 alia

230 2375 340 2409 &alia
360 2377 454 2410 causa
472 2377 739 2420 protestationem
753 2377 997 2426 interjecerint,
1023 2378 1118 2419 simul

230 2435 342 2458 tamen
357 2425 516 2460 introiisse
527 2427 700 2468 synodum
713 2451 724 2467 ,
748 2427 782 2461 &
795 2437 943 2467 mutuam
966 2427 1116 2470 protesta-

231 2475 362 2507 tionem
385 2474 559 2507 audivisse.
587 2475 660 2522 Qi
683 2476 804 2509 fuerint
817 2474 851 2511 hi
872 2476 1003 2525 speciosi
1015 2473 1120 2520 Lega-

232 2524 283 2563 ti,
309 2522 447 2567 ignoro.

282 2572 482 2607 Protestatio
495 2571 759 2614 postulavittria.
787 2573 903 2608 Primo
923 2574 1051 2609 firmam
1062 2586 1117 2614 cu·

232 2623 377 2658 stodiam
392 2621 526 2669 Nicenae
544 2622 639 2657 fidei.
668 2622 722 2657 Ad
741 2623 841 2667 ipsam
851 2626 942 2658 enim
962 2634 1117 2668 provoca!

229 2681 320 2706 verat
333 2671 508 2707 Nestorius
519 2696 529 2712 ‚
556 2673 701 2707 clamans
714 2684 787 2708 eam
812 2675 914 2709 everti
930 2685 984 2719 per
994 2673 1114 2718 Cyrilli

230 2722 401 2766 Capitula.
434 2722 477 2757 Et
490 2723 660 2760 orientalis
682 2724 797 2761 Faoio
818 2725 1027 2768 pertinaciter
1048 2735 1115 2768 pet·-

230 2774 314 2806 rexit
327 2770 366 2805 ad
378 2773 480 2816 ipsam
489 2773 589 2810 solam
604 2773 802 2818 proclamare
813 2800 820 2806 .
850 2774 893 2809 Et
906 2774 964 2809 ista
980 2775 1113 2810 forsitan

229 2823 276 2856 est
299 2823 393 2856 radix
417 2823 532 2857 servati
555 2834 610 2867 per
628 2823 830 2867 Synodalem
851 2825 1031 2865 Actionem
1044 2836 1114 2869 pro·

229 2872 331 2907 cessus
355 2873 391 2907 ἀ
411 2871 536 2908 ordinis
556 2899 564 2906 .
594 2873 729 2914 Etenim
754 2886 832 2910 ante
855 2875 972 2910 omnia
994 2876 1114 2916 lcitum

228 2922 294 2957 fuit
318 2947 329 2963 ,
355 2933 513 2967 tanquam
534 2925 687 2964 omnium
712 2925 918 2970 agendorum
944 2938 983 2961 ac
1005 2925 1115 2961 decer..

229 2973 418 3007 mendorum
440 2975 494 3008 fax
515 2974 548 3010 ὃς
570 2973 638 3009 dux
659 2999 670 3016 ,
698 2975 872 3016 Nicaenum
902 2975 1115 3020 Symbolum.

231 3021 365 3057 Exinde
383 3023 496 3058 litterae
516 3024 686 3073 &Scripta
708 3025 817 3065 Sancti
839 3026 980 3072 Cyrilli:
1008 3027 1052 3061 Et
1063 3027 1113 3061 de-

231 3071 352 3106 clarata
363 3074 436 3107 sunt
448 3074 610 3116 symbolo
618 3077 798 3116 consonare
807 3101 816 3109 .
843 3076 937 3112 Hinc
949 3077 1027 3112 lecta
1038 3078 1111 3117 sunt

232 3120 390 3164 Epistolae
407 3123 441 3157 dc
464 3124 589 3168 Scripta
613 3125 782 3165 Nestorii:
810 3126 854 3165 Et
872 3126 1014 3171 judicata
1035 3128 1113 3166 sunt

231 3171 364 3215 penitus
376 3170 552 3209 dissonare.
579 3174 628 3210 lta
638 3175 749 3214 Patres
770 3170 992 3215 satisfecerunt
1005 3178 1112 3223 primo

232 3220 477 3264 protestationis
499 3223 657 3260 articulo.
684 3227 943 3266 Alterarticulus
953 3238 1043 3269 erat,
1068 3239 1111 3266 ne

233 3281 311 3305 ante
322 3271 460 3315 Ioannis
470 3270 672 3310 Antiocheni
682 3275 861 3315 adventum
872 3288 932 3315 cau
937 3280 967 3312 sa
979 3277 1113 3315 inchoa*

231 3330 343 3361 retur,
366 3321 514 3368 adeoque
533 3334 604 3358 non
616 3324 809 3368 judicaretur
820 3328 1013 3371 Nestorius,
1041 3327 1112 3363 lon-

232 3369 276 3416 ge
296 3370 407 3407 minus
425 3372 636 3409 damnaretur
662 3398 671 3407 .
696 3375 835 3414 Tertius
855 3388 925 3413 erat
938 3403 949 3420 ,
975 3390 1017 3414 ne
1038 3379 1110 3422 quis

231 3420 315 3457 olim
338 3431 397 3460 aut
407 3434 510 3468 nuper
529 3425 548 3459 a
560 3424 619 3461 suo
631 3424 796 3472 Episcopo
818 3426 985 3475 depositus
994 3437 1110 3466 autex-

1929 160 1984 203 33

1174 224 1441 258 communicatus
1464 233 1560 258 antea
1585 234 1778 266 repararetur
1796 224 1832 261 in
1842 226 2049 262 communio·

1174 286 1248 309 nem
1261 284 1317 308 aut
1329 274 1469 319 gradum
1479 297 1488 306 .
1511 273 1752 310 Protestabatur
1763 276 1933 319 praesertim
1943 276 2054 312 advet-

1173 324 1244 361 sum
1265 324 1433 365 Clericos,
1459 334 1543 369 quos
1565 324 1607 358 de
1627 322 1702 361 Arii
1723 325 2054 373 autApouinariilue

1173 376 1328 420 profanus
1341 375 1512 409 Nestorius
1524 375 1630 414 fuerat
1649 374 1807 413 infamare
1818 387 1955 416 conatus
1964 376 2054 421 apud

1174 425 1374 465 Celestinum
1384 425 1585 466 Pontificem
1599 448 1611 465 ,
1633 424 1762 468 &quos
1770 424 1955 466 constanter
1974 426 2055 468 blas-

1174 474 1312 518 phemiis
1334 476 1507 517 resistentes
1529 473 1663 516 tandem
1685 473 1918 515 damnaverat,
1943 486 1981 516 ac
1992 477 2056 519 eje-

1172 536 1258 560 cerat
1273 527 1379 571 Regia
1399 525 1556 569 civitate,
1581 526 1616 559 δε
1631 536 1714 568 quos
1726 523 1875 566 laudatus
1893 524 2053 566 Pontifex

1174 587 1241 609 non
1264 576 1475 620 solummodo
1494 576 1684 618 consolatus
1693 576 1821 615 fuerat,
1846 574 1902 616 sed
1919 575 2055 615 &reve-

1172 625 1279 659 stierat
1294 650 1305 666 ,
1330 627 1476 671 gaudens
1496 626 1586 670 quod
1608 626 1709 661 etiarn
1722 624 1920 667 Christianis
1931 634 2055 669 tempo·

1172 674 1260 709 ribus
1284 676 1478 712 inveniflent
1497 675 1653 720 Martyrii
1669 675 1834 721 gloriam,
1859 674 1914 710 sed
1935 675 2055 710 dolens

1172 724 1261 766 quod
1288 712 1450 768 Episcop'o
1474 728 1703 770 persequente.
1732 725 1840 760 Porro
1861 724 2054 769 protestatio

1174 775 1349 817 postulavit
1372 784 1511 817 quatuor
1533 777 1704 811 dumtaxat
1723 774 1867 811 dierum'
1886 774 2052 810 inducias.

1174 826 1276 859 Lucet
1296 836 1337 860 ex
1356 824 1447 867 supra
1467 824 1612 859 adductis
1633 825 1751 868 litteris
1760 824 2054 870 SanQiCyrilliad

1172 875 1331 918 quosdam
1350 872 1368 907 ὲ
1383 874 1484 914 Clero
1495 873 1873 922 Constantinopolitanae
1884 875 2035 916 Ecclesiae
2045 900 2054 907 .

1174 925 1216 958 Et
1228 926 1305 970 quia
1330 924 1364 958 id
1380 936 1447 958 non
1460 922 1506 958 est
1528 922 1710 967 expressum
1733 926 1767 964 in
1780 926 2058 968 ipsoinstrumen-

1173 986 1228 1015 to,
1254 973 1382 1009 videtur
1401 974 1495 1008 fuisse
1516 973 1616 1008 verbo
1635 972 1853 1017 postulatum.
1879 974 2056 1024 dequid

1172 1024 1230 1068 fit,
1258 1024 1378 1069 quinto
1403 1022 1528 1068 praecise
1548 1024 1602 1058 die
1626 1021 1760 1057 advenit
1784 1022 2058 1065 JoannesAntio·

1172 1074 1298 1110 chenus
1311 1100 1319 1108 .
1345 1075 1430 1123 Qae
1454 1085 1560 1117 rerum
1581 1073 1747 1108 connexio
1761 1072 1872 1107 suadet
1886 1076 2002 1111 omnia
2013 1087 2058 1111 ex

1173 1126 1358 1170 composito
1369 1124 1543 1170 contigisse
1552 1149 1559 1156 .

1210 1176 1436 1220 S.Cyrillus,&
1447 1175 1515 1218 ejus
1528 1173 1666 1219 Collega
1676 1172 1842 1208 Memnon
1854 1174 1888 1208 in
1899 1173 2061 1218 precibus,

1175 1226 1294 1269 quibus
1304 1227 1320 1260 a
1334 1226 1473 1269 Synodo
1485 1226 1687 1270 postularunt
1700 1224 1857 1258 infimam
1866 1224 1923 1259 fibi
1934 1225 1953 1258 a
1964 1224 2062 1268 Ioan-

1176 1277 1227 1319 nis
1235 1276 1392 1310 Faffione
1402 1274 1671 1321 degradationem
1684 1275 1885 1309 circumduci
1900 1300 1910 1314 ‚
1930 1274 1997 1309 haec
2008 1273 2064 1309 ha-

1175 1324 1384 1360 bennscmc‘la
1396 1329 1416 1359 5
1411 1328 1606 1368 ynodus,quae
1620 1331 1651 1358 N
1655 1325 1784 1366 estorium
1797 1324 2064 1368 deposuitssancqos

1175 1374 1335 1420 Epist-opos
1342 1374 1439 1419 supra
1453 1378 1593 1410 ducentos
1604 1376 1709 1408 habim
1722 1401 1732 1415 ‚
1744 1377 1774 1417 J
1776 1387 1889 1416 oannes
1899 1378 1972 1410 vero
1986 1376 2062 1408 alios

1176 1427 1221 1460 ad
1228 1433 1355 1471 triginta
1368 1437 1486 1461 numero
1497 1428 1629 1471 collegit,
1659 1428 1712 1460 vel
1723 1426 1875 1459 haercticos
1890 1427 1945 1460 vel
1959 1427 1996 1459 de
2006 1431 2066 1458 crt-

1177 1477 1307 1510 minibus
1326 1478 1440 1511 delatos
1470 1502 1477 1509 .
1517 1477 1560 1511 Et
1587 1478 1703 1519 quinta
1741 1476 1907 1520 Ephcfinae
1933 1474 2064 1518 Synodi

1178 1527 1280 1561 Attio
1301 1528 1336 1561 in
1357 1527 1516 1562 relatione
1534 1527 1575 1561 ad
1599 1527 1765 1569 Principes
1788 1526 1910 1569 scripsit
1929 1538 1938 1559 :
1967 1528 2064 1558 Pauci

1178 1578 1303 1620 quidam
1325 1577 1458 1618 Nestorio
1483 1577 1676 1610 ndbaerentes
1689 1600 1700 1615 ‚
1724 1587 1825 1614 omnes
1849 1572 1977 1617 triginta
1996 1583 2063 1606 tan-

1178 1628 1245 1667 tiam
1255 1651 1266 1667 ,
1296 1626 1482 1670 1nsantaeque
1487 1626 1552 1669 suae
1560 1629 1591 1670 J
1594 1637 1719 1658 oannem
1732 1620 1918 1663 Antiocheno?
1931 1620 2066 1664 Ecclefiae

1179 1675 1359 1720 Episcopum
1368 1678 1535 1719 adiutorem
1559 1674 1773 1719 adsciscentes,
1798 1683 1902 1711 centra
1925 1675 2066 1712 cyrillum

1180 1729 1410 1761 &Memnonem
1428 1726 1614 1769 depofitionis
1639 1726 1844 1764 contumeliam
1861 1726 2065 1768 protulerunt.

1181 1777 1224 1819 Et
1239 1778 1272 1811 in
1294 1777 1454 1820 relatione
1472 1777 1514 1811 ad
1535 1777 1690 1812 Sanctum
1702 1775 1906 1817 Celestinum
1930 1774 2067 1809 Pontifi-

1180 1838 1272 1862 cem:
1301 1832 1367 1862 Vm
1390 1840 1512 1863 numero
1531 1832 1682 1870 triginta,
1707 1828 1830 1870 qualem
1842 1825 2067 1867 synodifactem

1180 1885 1283 1910 contra
1291 1878 1435 1915 synodum
1455 1888 1491 1911 ex
1500 1876 1640 1918 universo
1663 1877 1730 1909 orbe
1742 1876 1887 1909 wltavam
1899 1876 2068 1908 baberent?

1182 1924 1306 1960 Eadem
1327 1926 1471 1970 paucitas
1494 1951 1505 1966 ,
1530 1925 1685 1968 idemque
1706 1936 1860 1959 numerus
1879 1927 2067 1968 frequenter

1179 1983 1312 2019 urgetur
1322 1974 1356 2008 in
1370 1972 1594 2017 Synodalibus
1606 1973 1717 2007 Astis.
1745 1973 1794 2007 At
1816 1972 1893 2007 vero
1913 1974 2067 2016 protesta-

1180 2024 1267 2058 tioni
1294 2021 1550 2067 'subscripserunt
1594 2023 1762 2068 sexaginta
1793 2025 1869 2058 osto
1912 2023 2068 2067 Episcopi

1180 2083 1290 2119 praeter
1313 2073 1506 2109 Nestorium
1524 2099 1532 2106 .
1576 2073 1670 2108 Hinc
1692 2073 1826 2118 quaestio
1857 2084 1972 2116 quarta
1999 2074 2068 2116 est,

1179 2124 1368 2174 Qomodo
1389 2123 1455 2159 haec
1476 2122 1659 2159 cohaereant
1681 2124 1698 2155 ἓ
1727 2124 1928 2168 Respondeo
1951 2125 2068 2159 distin-

1180 2173 1311 2221 guenda
1328 2185 1476 2220 tempora
1489 2199 1501 2215 ,
1528 2175 1687 2220 &omnia
1699 2185 1780 2210 tunc
1790 2174 1969 2215 cohaerere.
2001 2176 2068 2210 Res

1181 2226 1298 2267 mutari
1316 2226 1417 2269 coepit
1435 2249 1447 2266 ,
1475 2224 1554 2260 dum
1579 2226 1721 2271 Joannes
1740 2224 1930 2267 Patriarcha
1950 2237 2067 2259 manus

1182 2276 1346 2318 violentas
1368 2276 1404 2310 in
1417 2276 1573 2319 §austum
1584 2274 1752 2318 'cyrillum
1763 2299 1775 2316 ‚
1800 2275 1963 2317 Romanae
1973 2276 2067 2310 Sedis

1184 2326 1354 2368 Vicarium
1367 2350 1378 2368 ‚
1404 2336 1443 2361 ac
1464 2326 1594 2372 Synodi
1618 2326 1788 2361 Ptaefidem
1800 2350 1812 2367 ,
1836 2327 1935 2370 coepit
1956 2337 2067 2360 exten·

1179 2374 1275 2418 dere,
1299 2377 1337 2420 ὃς
1359 2386 1521 2414 attentare
1540 2376 1608 2421 ejus
1626 2375 1900 2422 degradationem
1914 2401 1921 2408 .
1950 2376 2065 2410 Plures

1180 2424 1375 2462 horruerunt
1409 2426 1538 2461 facinus
1559 2427 1572 2466 ,’
1596 2427 1630 2463 dc
1667 2426 1708 2463 ab
1743 2428 1815 2470 ipso
1853 2428 2044 2462 recesserunt
2057 2451 2064 2458 .

1180 2474 1274 2514 Hinc
1286 2472 1339 2507 isti
1352 2472 1542 2516 facinorosae
1553 2475 1718 2515 sententiae
1729 2474 1982 2517 subscripserunt
2003 2476 2065 2509 soli

1179 2533 1240 2557 tres
1260 2524 1294 2557 δι
1325 2523 1544 2571 quadraginta
1566 2549 1573 2556 .
1610 2525 1741 2566 Omnes
1764 2523 1832 2565 sere
1857 2524 2063 2561 orientales.

1179 2572 1310 2615 Exinde
1331 2573 1515 2618 supervenit
1528 2583 1614 2615 nova
1625 2573 1786 2612 Romanae
1798 2572 1948 2609 Ecclefiae
1960 2575 2066 2620 Lega-

1178 2622 1226 2663 tio
1237 2648 1249 2665 ,
1275 2623 1437 2658 Arcadius
1457 2622 1670 2666 &Proiectus
1682 2623 1859 2668 Episcopi,
1885 2635 1923 2658 ac
1937 2623 2064 2669 Philip-

1177 2685 1236 2718 pus
1255 2672 1429 2717 Presbyter
1442 2697 1453 2714 ,
1479 2685 1556 2708 cum
1579 2674 1675 2708 novis
1694 2673 1843 2713 adversus
1868 2674 2063 2710 Nestorium

1177 2723 1350 2768 papalibus
1361 2724 1480 2758 litteris
1495 2736 1533 2759 ac
1543 2723 1742 2767 Mandatis.7
1768 2724 1903 2759 Horum
1916 2725 2061 2770 Legato-

1175 2785 1248 2816 rum
1267 2785 1327 2818 pro
1347 2775 1466 2810 Sancto
1479 2774 1610 2819 Cyrillo
1632 2775 1783 2810 adversus
1798 2776 1958 2818 Ioannem
1974 2775 2058 2811 Atta

1176 2824 1320 2871 pluribus
1330 2835 1522 2869 aperuerunt
1542 2825 1659 2860 oculos
1672 2849 1683 2865 ,
1707 2835 1807 2869 atque
1821 2826 1864 2873 ita
1879 2826 1954 2859 illos
1966 2826 2058 2860 redu-

1176 2885 1293 2911 xerunt
1304 2875 1392 2920 quasi
1405 2874 1447 2917 ad
1457 2875 1614 2921 triginta.
1643 2875 1722 2911 Hoc
1731 2875 1828 2915 docet
1842 2873 1937 2918 plena
1953 2876 2057 2919 Syno-

1174 2925 1235 2961 dus
1256 2925 1290 2960 in
1302 2926 1482 2966 Relatione
1499 2925 1541 2961 ad
1562 2925 1750 2970 Principem
1763 2950 1774 2967 ‚
1801 2924 1979 2960 transmissa
2002 2938 2058 2969 per

1175 2975 1357 3017 Palladium
1378 2975 1650 3023 Magistrianum:
1677 2979 1752 3009 Sunt
1771 2977 1837 3015 illi,
1861 2982 1913 3018 qu}
1930 2975 2056 3020 diversa

1173 3027 1193 3058 ἃ
1205 3026 1287 3060 reela
1296 3027 1358 3070 fide
1373 3025 1511 3070 J'enttunt
1523 3049 1534 3067 ‚
1559 3027 1604 3060 ad
1613 3028 1773 3071 tegendam
1782 3025 1967 3068 imposturam
1979 3027 2054 3060 adeo

1173 3078 1292 3119 callidi,
1319 3086 1354 3111 ut
1374 3078 1499 3121 quidam
1517 3088 1629 3121 quoque
1638 3077 1810 3118 Sqnfflffimt
1824 3075 1985 3119 Episcopi,
2011 3087 2055 3110 oc·

1172 3128 1282 3168 (altato
1299 3138 1414 3169 errore,
1440 3126 1602 3168 &Nestorto
1622 3127 1739 3170 decepti
1754 3126 1816 3170 stnt
1828 3151 1839 3167 ,
1864 3128 1937 3161 &ei
1950 3125 1987 3171 se
1998 3127 2055 3160 ad-

1165 3179 1349 3223 junxerint,
1375 3176 1599 3221 Ac‘lisqueilltus
1614 3176 1861 3221 fitbscripserint,
1890 3182 1943 3220 qui
1950 3186 2053 3210 tamen

1168 3226 1352 3275 posteaquam,
1371 3229 1499 3268 dilucide
1511 3228 1587 3270 quid
1600 3225 1731 3274 sentiret
1744 3224 1757 3268 ’,
1782 3227 1869 3270 effent
1878 3227 2055 3268 per-cunclu-

1172 3283 1218 3320 η,
1244 3279 1385 3321 illumque
1402 3276 1475 3325 suas
1487 3276 1689 3324 blasphemias
1711 3285 1887 3322 retegentem
1898 3275 2053 3322 comperis-

1168 3326 1255 3371 sent,
1281 3329 1320 3362 ab
1329 3340 1360 3362 eo
1373 3324 1562 3373 defi-iverunt
1572 3352 1582 3368 ‚
1607 3340 1643 3362 ac
1650 3328 1770 3363 5⁴1anae
1779 3328 1886 3367 synodo
1894 3326 1928 3371 se
1939 3329 2050 3368 adjun-

1173 3387 1281 3412 xerunt
1293 3403 1302 3418 ,
1311 3376 1524 3421 palefadlaque
1536 3377 1668 3422 eJ‘usdem
1679 3377 1866 3422 blasphemia
1877 3379 2049 3412 condemna-

1172 3434 1258 3464 tionls
1264 3427 1447 3473 sentmttam
1459 3430 1610 3465 adversas
1617 3430 1798 3474 praedmum
1810 3427 1979 3469 tia-stonum
1988 3425 2050 3459 um?

1954 3485 2002 3509 no-
