2320 3730
347 241 418 290 96

691 224 1028 278 VARYORU'M
1063 228 1315 275 Paravit
1350 223 1689 288 Etisrotrt5

279 316 374 353 sensu
398 340 405 346 .
433 308 585 350 Secunde
616 309 779 349 affirmant
802 314 950 350 Nestorii
976 309 1168 346 damnatio?
1230 308 1442 343 transmiserit
1467 312 1656 347 eorumdem
1687 311 1928 357 expositionem
1958 338 1968 354 ‚
1995 314 2111 348 fastam

279 377 356 400 nem
381 376 450 398 non
465 364 638 403 dumtaxat
649 365 901 408 effeinjustam,
928 364 1072 404 adeoque
1095 359 1166 392 nul-

276 416 346 451 lam
357 416 485 450 ratione
498 416 640 450 materiae
650 441 661 457 ,
687 416 741 449 sed
753 414 884 459 insuper
897 415 1021 449 ratione
1033 410 1146 443 formae
1160 434 1166 441 .

275 465 336 500 Ob
359 465 439 500 duas
462 467 634 510 praesertim
657 465 819 500 rationes.
850 465 959 499 Prima
977 460 1046 500 est,
1072 459 1163 502 quod

277 515 330 549 isti
345 516 498 559 Episcopi
524 515 659 551 Patrum
671 514 748 549 fidei
760 539 772 558 ,
798 516 913 558 utique
923 513 1062 546 Nicaeno
1075 510 1168 553 Sym-

277 565 359 599 bolo
383 590 394 607 ‚
421 566 631 609 adjunxerint
664 576 702 600 ac
725 562 992 608 aequiparaverint
1017 560 1166 594 haeretica

275 615 400 659 Cyrilli
424 616 599 660 Capitula.
623 616 675 650 Re
702 626 773 649 vera
784 614 874 648 enim
887 610 1042 655 Ephefini
1054 610 1166 645 Patres

274 665 347 710 post
369 666 490 701 lestum
503 667 679 701 Nicaenum
703 663 899 707 Symbolum
929 662 994 706 legi
1011 671 1164 695 curarunt

272 716 374 751 etiam
393 717 499 751 Sancti
523 716 646 759 Cyrilli
670 713 822 756 Capitula
849 737 856 744 .
882 713 995 746 Fastio
1019 711 1160 745 credidit

272 765 341 801 haec
364 766 406 801 ab
427 766 493 801 illis
521 767 615 800 fuisse
636 762 847 806 synodaliter
867 761 1100 806 comprobata,
1130 762 1163 796 ὅ(

271 817 406 851 admissa
429 817 464 850 in
488 816 651 860 regulam.
680 812 829 847 Secunda
853 813 937 847 ratio
958 812 1003 846 est
1030 837 1043 854 ‚
1070 813 1160 855 quod

271 865 428 910 Ephesini
448 865 557 899 Patres
579 862 665 897 hanc
684 863 914 905 Capitulorum
938 863 1161 897 canonizatio-

268 927 346 952 nem
368 917 402 950 δε
417 915 563 949 Nestorii
578 913 827 948 damnationem
852 913 1055 956 conjunctim
1076 914 1161 946 fece-

268 967 357 1006 rint,
383 966 418 998 in
439 964 563 998 eisdem
576 963 834 997 Commentariis
854 963 1052 1005 adunatim,
1078 964 1159 997 &ut

267 1025 420 1054 connexa
440 1014 481 1048 ad
495 1013 685 1058 Principem
706 1014 898 1054 retulerint,
925 1013 1066 1057 ideoque
1090 1025 1157 1047 non

266 1064 378 1099 minus
404 1062 551 1098 Nestorii
574 1064 748 1098 damnatio
764 1089 774 1105 ‚
802 1076 902 1107 quam
928 1064 1158 1107 Capitulorum

262 1113 477 1150 canonizatio
497 1114 537 1148 fit
559 1114 834 1158 praevaricatoria,
861 1126 900 1148 ac
917 1114 1046 1158 penitus
1081 1114 1159 1148 nul-

263 1166 296 1200 la
310 1191 318 1196 .
346 1163 483 1199 Etenim
511 1164 669 1208 Episcopi
682 1165 838 1209 capitula
859 1163 1091 1198 canonizando
1114 1163 1159 1196 af·

262 1216 423 1250 fricarunt
451 1214 509 1249 fibi
523 1214 827 1258 Apollinaristicam
852 1225 889 1248 ac
910 1213 1156 1248 Eunomianam

261 1266 407 1311 ipsorum
428 1263 566 1299 scabiem
592 1290 603 1306 ‚
629 1275 727 1309 atque
751 1266 797 1299 ita
825 1265 1014 1308 semetipsos
1041 1264 1156 1307 spolia-

259 1326 338 1350 runt
355 1314 523 1359 judicandi
545 1315 719 1360 potestate.
751 1316 804 1349 Ex
829 1314 881 1349 his
909 1316 1019 1348 Factio
1042 1314 1155 1348 intulit

258 1366 495 1410 Imperatorem
517 1366 746 1401 Theodosium
763 1391 774 1407 ‚
801 1366 860 1409 qui
882 1365 1036 1408 Capitula
1057 1364 1153 1407 proji-

258 1417 349 1451 ciens
369 1417 516 1451 Nestorii
539 1417 789 1452 damnationem
812 1417 997 1450 firmaverat
1024 1440 1035 1456 ‚
1061 1414 1155 1448 fuisse

256 1467 429 1511 insigniter
440 1468 720 1511 circumscriptum
734 1491 741 1500 .
769 1465 937 1500 Adversus
956 1463 1154 1508 Ephefinam

257 1516 433 1559 Synodum
454 1518 509 1550 usa
533 1517 578 1549 est
591 1528 632 1550 eo
658 1517 728 1559 ipso
747 1517 932 1559 principio,
963 1526 1031 1558 quo
1044 1514 1154 1548 adver·

257 1567 310 1601 sus
321 1566 546 1600 Sardicensem
560 1567 615 1600 usa
635 1566 716 1599 olim
735 1567 842 1600 fuerat
862 1565 1048 1599 Eusebiana
1062 1563 1155 1599 Aria-

256 1627 378 1650 norum
398 1616 511 1649 Fastio
527 1640 538 1656 ,
565 1616 607 1650 de
617 1627 681 1658 qua
701 1616 862 1659 Sulpitius
874 1618 1030 1651 Severus:
1059 1619 1153 1648 Inter-

249 1666 331 1708 J'ec‘lo
351 1673 480 1708 tempore
502 1663 682 1707 Athanasius
706 1691 716 1708 ,
741 1677 807 1699 cum
849 1667 1025 1699 Marcellum
1042 1674 1154 1707 parum

251 1715 422 1760 sanaefidet
449 1715 502 1759 esse
511 1716 686 1759 comperisset
697 1741 708 1757 ‚
733 1716 753 1747 a
764 1721 962 1749 communione
973 1714 1133 1759 suspendit
1146 1739 1153 1747 .

255 1767 355 1800 Nac‘h'
378 1768 447 1810 ergo
467 1764 742 1809 Artaniistiusmodi
765 1764 954 1807 occasionem,
983 1764 1155 1808 conspirant

253 1823 375 1860 penitus
399 1815 575 1858 Sardicenfis
599 1817 703 1856 synoda·
726 1820 854 1849 Decreta
874 1815 1065 1859 subvertere.
1097 1819 1155 1848 Et·

257 1874 337 1902 enim
364 1872 406 1900 eis
429 1868 502 1900 color
524 1867 650 1908 quidam
669 1864 825 1908 suppetere
853 1865 1017 1898 videbatur
1039 1889 1050 1905 ,
1077 1866 1159 1906 quod

257 1926 323 1951 tam
346 1915 454 1955 iniuste
468 1915 573 1959 fuisset
597 1923 653 1957 pro
680 1913 836 1957 Athanasio
845 1916 1037 1956 judicatum,
1064 1926 1156 1956 quam

259 1969 419 2001 Marcellus
426 1965 534 2008 fuerat
548 1964 700 2007 absolutus
711 1989 722 2004 ,
750 1971 802 2006 qui
812 1976 891 1998 nunc
917 1971 1008 1998 etiam
1023 1964 1156 1997 Athana·

254 2017 290 2060 fii
304 2018 421 2058 Judtclo
445 2015 603 2048 haeretr'cus
624 2015 675 2056 effe
694 2014 874 2055 probaretur
900 2038 906 2045 .
937 2017 1032 2055 Igitur
1049 2017 1156 2046 Ariani

260 2067 354 2109 astuto
376 2063 484 2106 consilio
500 2062 624 2107 miscent
649 2068 805 2098 innoxium
816 2062 975 2105 criminosis
991 2087 1001 2105 ,
1028 2065 1155 2097 damna·

260 2125 431 2159 tionemque
455 2113 579 2148 Photint
598 2115 632 2148 &¹
651 2114 791 2148 Marcelli
806 2138 816 2154 ,
841 2113 1038 2156 &athanaſsi
1052 2116 1155 2149 eadem

256 2168 408 2213 sententta
435 2164 710 2208 comprehendunt,
736 2165 814 2198 illud
835 2170 976 2198 nimirum
1001 2167 1087 2208 apud
1097 2170 1155 2198 Im-

256 2227 430 2262 peratorum
457 2222 572 2250 animos
594 2215 808 2258 pra-struentes
823 2240 834 2256 ‚
860 2226 893 2250 ut
904 2227 962 2249 non
969 2225 1156 2259 putarentur

260 2271 299 2303 de
324 2265 482 2308 Athanafio
501 2276 657 2311 perperam
672 2267 821 2310 judicaffi·
847 2290 858 2306 ‚
884 2273 934 2310 qua·
960 2268 996 2299 de
1018 2267 1156 2300 Marcello

261 2329 352 2362 atque
366 2318 498 2352 Pbotino
513 2329 589 2352 vera
599 2316 761 2361 sensissent.
792 2317 986 2352 sardicensis
1002 2318 1156 2360 Synodus

260 2370 416 2405 &Sanffi
445 2366 643 2408 Athanasii,
669 2367 865 2402 &Marcelli
879 2368 1052 2411 Ancyrani
1078 2368 1154 2411 Epi-

261 2421 375 2464 scopi,
401 2419 459 2462 qui
482 2419 525 2454 ab
538 2419 721 2453 Eusebiana
743 2419 901 2452 Factione
922 2415 1088 2461 degradati
1110 2417 1151 2451 ad

262 2471 389 2516 Julium
401 2469 525 2513 Papam
535 2478 791 2513 provocaverant
804 2492 814 2507 ,
828 2469 940 2501 causas
954 2479 995 2502 ex
1007 2466 1150 2509 ejusdem

262 2519 437 2556 Pontificis
458 2519 671 2564 delegatione
696 2519 922 2552 retrastaverat
943 2542 953 2558 ‚
979 2518 1013 2550 ὃ(
1030 2526 1152 2550 utrum-

263 2583 328 2614 que
339 2580 520 2614 reparatum
532 2570 645 2613 gradui
667 2568 847 2601 reddiderat
861 2579 868 2598 ε
897 2567 993 2601 Circa
1006 2567 1152 2600 Marcel-

263 2622 332 2656 lum
353 2620 615 2661 circumscripta.
643 2617 737 2651 Hinc
759 2617 872 2650 Faffio
899 2616 1023 2659 ubique
1046 2616 1154 2650 bucci-

264 2672 356 2706 navit
377 2669 518 2705 eandem
533 2667 708 2711 Synodum
723 2678 788 2699 non
805 2667 943 2710 potuisse
955 2668 995 2699 de
1008 2666 1153 2700 Athana-

265 2723 313 2756 fio
324 2720 427 2761 reste,
452 2719 494 2753 de
504 2717 668 2751 Marcello
683 2728 850 2760 perperam
870 2716 1014 2760 judicare
1030 2740 1040 2756 ,
1066 2716 1154 2750 ideo-

265 2782 329 2816 que
352 2771 467 2805 datum
490 2769 532 2803 de
544 2778 684 2811 utroque
707 2767 867 2811 judicium
885 2766 1093 2805 exsufflavit,
1120 2766 1154 2799 ὅ(

265 2824 360 2857 suam
380 2821 421 2855 de
444 2820 510 2854 illis
539 2817 789 2852 Antiochenam
829 2818 1025 2852 sententiam
1051 2814 1153 2849 edixit

268 2882 373 2907 ratam
393 2873 427 2906 δε
441 2868 682 2905 inconcussam.
710 2867 838 2902 Eodem
850 2865 950 2900 modo
960 2866 1025 2900 haec
1036 2867 1156 2900 Orien-

269 2923 345 2957 talis
366 2921 480 2956 Fastio
514 2919 716 2955 contestatur
738 2918 935 2961 Ephefinam
961 2917 1154 2960 Synodum,

270 2973 444 3017 praesertim
461 2969 599 3006 eandem
612 2969 706 3013 ipfius
718 2967 898 3002 Astionem
914 2992 922 3006 ‚
953 2979 1020 3001 non
1034 2968 1154 3010 potuis-

271 3025 303 3057 se
317 3026 397 3058 resta
419 3023 461 3057 de
473 3021 628 3055 Nestorio
640 3043 650 3059 ,
676 3020 710 3054 &
724 3019 816 3052 devia
837 3018 980 3061 judicare
997 3017 1038 3050 de
1059 3018 1155 3060 Capi—

274 3073 366 3107 tulis.
395 3074 475 3108 Erat
491 3071 649 3106 frivolum
672 3077 902 3114 argumentum
921 3094 928 3100 .
957 3068 1043 3115 Qis
1064 3068 1153 3100 enirn

274 3121 405 3166 ignorat
414 3122 498 3157 utile
511 3134 580 3157 non
593 3122 700 3155 vitiari
715 3131 769 3163 per
781 3120 923 3153 inutile?
951 3117 1085 3151 Deinde
1097 3119 1154 3159 Sy-

274 3172 384 3205 nodus
411 3172 495 3206 nihil
520 3172 679 3216 judicavit
705 3169 746 3203 de
773 3170 938 3213 Capitulis
964 3192 975 3208 ‚
1013 3168 1156 3211 ideoque

277 3219 395 3254 falsum
421 3231 485 3255 erat
507 3221 592 3256 istud
623 3229 854 3265 argumentum
876 3246 882 3252 .
910 3219 1046 3252 Interim
1077 3217 1156 3251 hinc

279 3269 378 3304 tertio
402 3268 572 3313 discimus,
599 3273 688 3315 quod
711 3271 768 3305 ista
780 3270 936 3314 Capitula
951 3270 1074 3303 fuerint
1086 3269 1156 3302 uni·

280 3332 319 3355 ea
331 3330 419 3353 arma
440 3320 602 3354 Fastionis
624 3321 773 3355 adversus
786 3320 957 3363 Synodum
972 3345 979 3352 .

331 3368 462 3415 Qarto
483 3370 639 3403 discimus
659 3395 670 3410 ,
695 3370 784 3412 quod
806 3372 918 3405 Factio
939 3369 979 3404 ad
1002 3368 1156 3413 Capitula

282 3419 378 3469 plene
398 3419 487 3468 apud
507 3418 695 3464 Principem
716 3419 908 3456 infamanda
934 3420 999 3455 suis
1025 3421 1158 3465 Legatis

1166 2418 1176 3315 *———————

1233 359 1416 402 nuperrime
1425 358 1444 395 ὲ
1456 360 1572 394 Sancto
1585 362 1715 402 Cyrillo
1726 387 1737 403 ‚
1758 363 1936 398 asseverans
1946 362 2032 399 hanc
2043 364 2109 398 illis

1229 411 1291 444 effe
1303 410 1408 455 magis
1423 410 1558 453 impiam
1573 434 1584 451 ‚
1611 410 1752 454 ideoque
1761 410 1802 446 de
1813 423 1926 448 eorum
1938 415 2108 458 impietate

1231 472 1297 494 non
1312 462 1373 494 esse
1385 459 1537 504 deinceps
1560 460 1797 506 ambigendum
1811 486 1819 493 .
1845 461 2110 501 Transmiserunt

1228 511 1421 544 existentem
1440 511 1474 544 in
1502 512 1595 545 tertia
1609 512 1830 555 synodalium
1850 510 2008 548 Actorum
2020 525 2109 559 parte

1227 561 1488 603 expositionem,
1515 562 1570 595 cui
1592 561 1637 596 est
1661 559 1718 596 hic
1744 562 1861 596 titulus
1883 574 1890 594 :
1919 565 2109 605 Explanatio
2166 591 2168 594 s

1229 612 1378 645 duodectm
1404 616 1547 653 Cupitum
1568 634 1579 651 ,
1607 611 1722 655 Ephesi
1736 618 1939 655 pronunciata
1959 615 1980 645 ἃ
2004 615 2108 653 cyrillo

1228 660 1477 705 Archi-Episcopo
1499 663 1730 703 Alexandrino,
1756 662 1867 696 saneta
1890 664 1999 704 synodo
2009 665 2110 698 clario-

1226 723 1288 744 rem
1298 713 1413 746 illorum
1427 714 1653 747 declarationem
1661 719 1795 757 exigente
1803 739 1811 748 .
1845 713 2018 749 Liberatus
2027 714 2110 749 Dia-

1225 773 1330 796 conus
1352 762 1385 795 in
1399 762 1568 798 Breviario
1590 765 1728 808 exponit
1751 764 1868 798 fastam
1879 765 1896 797 a
1909 765 2027 799 Sansto
2039 765 2109 808 Cy-

1224 812 1299 845 rillo
1320 812 1354 849 ὃς
1374 814 1504 856 Joanne
1524 812 1740 849 Antiocheno
1761 825 1894 857 pacem,
1920 815 1956 849 ἅς
1977 814 2108 858 subjun-

1224 862 1291 906 git:
1319 864 1399 894 Tunc
1419 865 1453 896 Θ
1465 866 1495 894 E
1498 870 1617 905 voptius
1633 866 1826 898 Ptolemaidis
1850 866 2039 907 Pentapoltos
2051 868 2109 898 Re·

1219 918 1322 955 gionts
1343 911 1508 956 Episcopus
1533 938 1544 954 ,
1570 919 1716 956 accipiens·
1751 915 1904 957 exemplar
1937 917 2108 948 litterarum

1225 962 1397 997 Theodorett
1410 987 1421 1003 ‚
1447 970 1497 1005 qui
1502 961 1667 1007 scripserat
1686 974 1790 998 contra
1802 966 1952 998 duodecim
1964 965 2110 1007 capitula

1223 1014 1324 1050 cyrille
1336 1038 1347 1053 ,
1373 1015 1490 1047 direxit
1509 1015 1587 1048 illud
1597 1015 1703 1053 cyrillo
1714 1041 1724 1056 ‚
1753 1024 1786 1048 ut
1799 1013 1984 1058 responderet
1994 1016 2038 1047 ad
2050 1027 2087 1049 ea
2096 1038 2108 1054 ‚

1221 1064 1256 1095 (ν
1273 1061 1330 1105 fita
1341 1065 1487 1105 Capitula
1511 1073 1688 1107 exponeret.
1718 1066 1860 1109 Joannes
1875 1064 2053 1099 Garnerius
2071 1064 2109 1099 in

1224 1112 1290 1145 suis
1313 1114 1354 1147 ad
1379 1113 1571 1149 Liberatum
1593 1114 1737 1150 Scholiis
1770 1115 1881 1149 scribit
1903 1128 1913 1147 .·
1942 1114 2109 1148 Liberatus

1217 1168 1322 1203 peccat
1334 1163 1458 1196 duorum
1466 1163 1577 1206 saltem
1591 1175 1738 1197 annorum
1746 1163 2005 1207 parachronismo.
2018 1169 2107 1198 Nam

1226 1221 1298 1245 ante
1319 1214 1485 1246 Concilium
1507 1213 1690 1256 prefinum
1711 1213 1889 1248 Theodoreto
1900 1215 2025 1252 Cyrillus
2046 1211 2111 1257 res-

1217 1263 1346 1303 pondit,
1377 1271 1412 1295 ut
1434 1263 1664 1304 demonstratum
1686 1264 1755 1305 esta
1779 1265 1863 1297 nobis
1868 1262 2001 1307 secunda
2019 1271 2110 1306 parte

1223 1316 1353 1354 Operum
1371 1315 1464 1346 Mari}
1486 1317 1674 1348 Mercatoris.
1700 1315 1739 1347 In
1758 1314 1893 1348 Scholio
1916 1314 1958 1348 ad
1979 1314 2110 1357 Apolo-

1220 1363 1363 1406 geticum
1385 1387 1397 1403 ,
1423 1364 1514 1406 quod
1538 1363 1691 1398 adversus
1718 1364 1858 1398 Andreae
1877 1364 2108 1399 Samosatenfis

1222 1412 1377 1455 Episcopi
1400 1412 1583 1447 calumnias
1608 1424 1667 1455 pro
1695 1414 1759 1446 suis
1785 1413 1951 1456 Capitulis
1973 1414 2109 1448 Sanetus

1221 1462 1370 1504 Cyrillus
1394 1460 1499 1496 edidit
1522 1487 1529 1496 .
1568 1461 1722 1497 Affirmat
1749 1461 1838 1497 hunc
1866 1462 2035 1498 A'ndream
2068 1475 2108 1498 ac

1221 1511 1298 1546 item
1310 1511 1567 1546 Theodoretum
1583 1513 1739 1556 *scripsisse
1750 1513 1784 1546 in
1801 1512 1955 1556 Capitula
1968 1537 1979 1553 ,
2006 1514 2040 1547 ὃς
2053 1513 2109 1548 ad-

1218 1561 1343 1606 jungit:
1375 1566 1503 1605 Uterque
1510 1561 1624 1606 scripfit
1644 1571 1714 1597 ante
1727 1563 1891 1597 Concilium
1904 1566 1933 1595 E
1931 1561 2083 1605 pbelinum
2094 1588 2107 1604 ,

1219 1614 1299 1654 quod
1317 1613 1353 1645 de
1364 1611 1396 1654 se
1407 1612 1530 1652 testantur
1543 1612 1741 1647 Theodoretus
1752 1619 1785 1646 in
1793 1613 1979 1655 praefatione
1993 1616 2107 1648 Penta-

1218 1663 1287 1706 logii
1312 1687 1319 1694 .
1349 1666 1473 1705 Utrique
1494 1665 1621 1702 cyrillus
1651 1673 1726 1697 ante·
1747 1666 1911 1697 Concilium
1931 1662 2104 1706 respondit.

1219 1713 1312 1756 ‚Quod
1321 1713 1420 1746 velex
1431 1724 1463 1746 eo
1472 1713 1583 1754 constat
1595 1738 1606 1754 ,
1631 1716 1711 1756 quod
1729 1715 1866 1747 damnatt
1877 1716 1898 1746 ἃ
1911 1716 1931 1747 5
1928 1716 2019 1753 ynodo
2040 1718 2109 1748 Ne-

1214 1763 1296 1802 storii
1315 1760 1460 1806 nusquam
1483 1769 1619 1797 meminit
1632 1789 1643 1806 ,
1667 1777 1734 1799 cum
1754 1774 1854 1798 tamen
1873 1770 1976 1809 magni
1998 1769 2032 1798 in
2042 1775 2110 1799 rem

1217 1867 1293 1894 cium
1306 1887 1313 1893 .
1344 1863 1427 1898 Haec
1451 1865 1526 1897 sunt
1545 1864 1760 1899 Theodoreti
1781 1866 1815 1898 in
1829 1865 2019 1909 Pentalogii
2030 1875 2106 1907 prar-

1218 1913 1345 1946 fatione
1356 1912 1474 1946 verba:
1506 1911 1681 1957 Priusquam
1700 1922 1874 1950 conventus
1897 1915 1984 1956 apud
2004 1912 2108 1956 Ephe-

1213 1959 1279 2004 sum
1301 1962 1498 1997 celebraretur
1523 1988 1535 2004 ,
1563 1965 1712 1997 duodecim
1737 1965 1888 2006 Capitulis
1903 1963 2032 2003 stric‘lt'm
2068 1976 2106 1999 ac

1199 1404 1210 2100 Ι
1212 1811 1302 1855 suam
1326 1819 1466 1847 momenti
1479 1814 1623 1855 futurum
1645 1816 1709 1858 effet
1732 1823 1851 1849 tantum
1872 1814 2006 1856 Ecclefiae
2015 1816 2105 1856 ,iudi-

1218 2014 1322 2052 aperte
1342 2013 1502 2053 restitimus
1520 2037 1531 2054 ,
1556 2022 1589 2046 ut
1603 2013 1748 2056 praescius
1766 2013 1869 2046 horum
1889 2013 1975 2055 fieret
1993 2014 2106 2049 intelle-

1217 2061 1282 2095 δῖα]
1310 2068 1403 2096 etiam
1417 2065 1589 2104 radiorum,
1618 2065 1789 2098 &rationis
1809 2069 1991 2106 expertium.
2018 2066 2106 2107 ,Quia

1218 2115 1289 2146 verb
1309 2111 1343 2155 se
1364 2112 1578 2154 manifestum,
1606 2119 1660 2155 qut
1678 2114 1733 2154 tsta
1751 2114 1880 2155 protulit
1895 2138 1905 2154 ,
1930 2119 1962 2146 in
1974 2115 2107 2148 Concilio

1222 2164 1410 2203 declaravit,
1438 2163 1585 2205 &plures
1610 2175 1647 2197 ex
1659 2163 1707 2197 bis
1731 2170 1782 2207 qut
1801 2172 2001 2198 convenerant
2015 2188 2026 2204 ,
2052 2170 2109 2197 ἰωή

1213 2219 1305 2256 periti
1312 2214 1431 2256 potius,
1459 2225 1509 2248 nec
1518 2215 1580 2248 ulla
1591 2215 1739 2258 dogmatis
1764 2215 1869 2247 imbuti
1895 2220 2022 2255 notitia,
2047 2219 2105 2256 pta

1218 2264 1280 2297 baec
1306 2264 1447 2297 arbitrati
1455 2263 1529 2307 sient
1541 2289 1552 2305 ,
1580 2272 1663 2306 opere
1681 2270 1815 2307 pretium
1827 2248 1978 2311 visumst
1996 2270 2106 2298 iterum

1217 2324 1318 2347 contra
1340 2320 1400 2347 niti
1413 2339 1423 2354 ,
1445 2314 1668 2358 sermonemque
1688 2314 1851 2355 distendere
1873 2340 1885 2356 ,
1910 2316 1945 2348 (θ’
1963 2312 2106 2356 succtsam

1217 2363 1432 2408 blasphemiam
1455 2366 1656 2408 multipliciter
1674 2365 1824 2407 confutare
1847 2389 1859 2406 ‚
1885 2374 1918 2398 ut
1937 2367 2108 2408 ignorantb

1217 2416 1274 2447 bus
1290 2416 1461 2448 evidentias
1473 2416 1672 2458 approbemus
1690 2440 1702 2456 ‚
1727 2416 1977 2457 quemadmodum
1988 2417 2105 2449 Evan-

1215 2464 1302 2508 gelits
1326 2465 1526 2505 approbentur
1546 2464 1700 2507 adversa,
1727 2476 1793 2507 quae
1815 2475 1890 2498 nunc
1902 2463 1943 2497 ab
1969 2463 2031 2504 istis
2043 2475 2110 2497 ma-

1220 2515 1300 2547 xime
1307 2513 1483 2556 proferunt.
1510 2514 1713 2558 Respondeo
1725 2526 1765 2548 ex
1789 2514 1840 2549 his
1853 2513 2010 2548 omnibus
2028 2525 2108 2549 con-

1222 2565 1322 2605 stare,
1348 2563 1439 2607 quod
1461 2562 1697 2598 Theodoretus
1720 2572 1796 2597 ante
1819 2564 1993 2606 Synodum
2016 2563 2108 2597 inva-

1220 2615 1293 2647 serit
1320 2612 1473 2655 Capitula
1500 2636 1511 2651 ‚
1539 2623 1747 2656 nequaquam
1781 2622 1892 2646 tamen
1916 2612 2008 2655 quod
2036 2612 2107 2656 Cy-

1221 2663 1308 2696 rillus
1330 2662 1378 2694 illi
1407 2661 1612 2705 Apologiam
1635 2661 1811 2696 reddiderit
1838 2686 1846 2695 .
1873 2662 1968 2709 Qin
1998 2661 2105 2696 immo

1220 2712 1346 2747 constat
1370 2711 1572 2754 oppositum.
1602 2711 1736 2745 Etenim
1748 2712 1769 2744 fi
1784 2710 2106 2755 CyrillusTheodo-

1222 2773 1290 2796 reto
1311 2761 1345 2795 &
1360 2761 1502 2797 Andreae
1526 2761 1593 2805 jam
1606 2761 1812 2806 responderat
1823 2787 1835 2803 ‚
1860 2762 2033 2806 quomodo
2045 2762 2104 2804 Sy-

1222 2812 1329 2846 nodus
1354 2809 1466 2846 abillo
1487 2813 1599 2856 exegit
1619 2812 1790 2846 clariorem
1804 2812 2037 2856 Capitulorum
2050 2823 2104 2847 ex-

1222 2862 1444 2906 planationem
1466 2863 1480 2895 ?
1506 2861 1576 2896 Cur
1601 2862 1749 2905 Cyrillus
1778 2874 1847 2897 non
1876 2862 2016 2897 adduxit
2044 2862 2105 2897 ista

1222 2911 1474 2957 Apologetica?
1501 2911 1598 2947 Certe
1609 2923 1700 2947 erant
1714 2911 1814 2958 longe
1834 2912 1970 2948 clariora
1992 2914 2105 2947 &am-

1222 2963 1324 3007 pliora
1347 2963 1409 2996 isso
1431 2963 1629 3006 expofitorio
1649 2963 1782 2998 libello.
1812 2963 1855 2997 Et
1866 2962 2019 3006 Synodus
2042 2973 2104 2997 nec

1220 3012 1498 3054 Theodoretum‚
1527 3024 1587 3048 nec
1600 3013 1777 3048 Andraeam
1797 3013 1928 3048 refutari
1951 3013 2104 3058 rogavit,

1221 3063 1273 3099 sed
1301 3063 1473 3098 dumtaxat
1497 3064 1623 3107 exponi
1657 3063 1812 3108 Capitula
1833 3089 1841 3097 .
1868 3062 1959 3110 Qia
1987 3064 2105 3107 nempe

1222 3114 1317 3158 hujus
1329 3114 1380 3148 vel
1393 3113 1483 3147 istius
1500 3113 1671 3149 calumniae
1683 3114 1823 3149 necdum
1837 3122 2050 3158 pervenerant
2061 3111 2104 3147 ad

1223 3165 1374 3199 notitiam
1387 3164 1486 3198 ullius
1498 3163 1652 3208 Episcopi
1666 3190 1673 3196 .
1700 3166 1774 3200 Nec
1785 3166 1881 3200 refert
1894 3189 1906 3205 ,
1922 3163 2012 3208 quod
2025 3165 2106 3198 Sane

1221 3214 1486 3258 stusCyrillusin
1498 3215 1567 3249 istis
1582 3214 1813 3261 Apologeticis
1832 3215 1958 3250 nullam
1981 3214 2020 3248 de
2034 3212 2104 3248 Ne-

1225 3267 1314 3300 storii
1344 3265 1556 3301 damnatione
1585 3266 1683 3300 faciat
1717 3266 1910 3301 memoriam
1931 3290 1938 3296 .
1966 3264 2103 3298 Etenim

1226 3317 1313 3351 istius
1325 3314 1486 3349 memoriae
1508 3314 1597 3349 nulla
1610 3325 1677 3350 erat
1701 3317 1884 3356 neceffitas,
1913 3313 2003 3349 nulla
2015 3312 2103 3348 utili-

1225 3379 1291 3402 tas.
1320 3364 1495 3399 Nestorius
1518 3377 1585 3399 non
1603 3376 1735 3410 propter
1759 3367 1952 3410 impugnata
1965 3373 2021 3399 aut
2031 3373 2108 3397 ana-

1224 3415 1430 3454 thematizata
1442 3415 1596 3460 Capitula
1615 3416 1678 3452 fuit
1691 3417 1865 3452 damnatus
1878 3439 1890 3457 ,
1910 3414 1965 3451 sed
1978 3422 2107 3496 psopter

1955 3465 1990 3498 so
2006 3474 2059 3498 am
