2320 3730
559 199 874 251 Scironis,
924 213 986 242 ετ
1023 188 1220 242 Notis
1255 208 1650 241 utusrRArAE.

190 281 432 325 „Valentiniani
453 282 806 328 Legationeipsemet‚
836 282 931 326 hujus
948 283 1082 317 consue-

204 337 328 374 tudinis
336 334 485 368 conscius
497 358 507 374 ,
521 335 585 368 sese
598 335 747 378 posuisset
761 335 796 368 in
809 332 1010 368 Confistorio
1022 356 1029 363 .

251 382 385 435 Qinto
408 385 560 418 discimus
584 409 595 424 ,
623 385 712 426 quod
735 395 851 423 omnes
872 385 1000 422 Sacram
1013 381 1080 415 Au-

199 435 358 471 dientiarn
388 434 605 477 praestolantes
631 434 842 473 consisterent
876 434 911 466 in
939 430 1080 475 quadam

197 485 294 530 aula,
321 495 392 529 quae
403 485 522 519 exinde
541 484 709 523 dicebatur
722 482 956 520 Confistorium
968 506 975 513 .
1004 481 1081 514 Sex-

201 536 240 570 to
264 560 276 577 ‚
302 536 392 578 quod
418 535 675 569 Confistentium
703 533 812 567 nullus
832 531 934 575 posset
957 531 1079 564 semeti-

200 587 294 629 psum
316 587 463 630 ingerere
488 586 522 618 in
545 586 655 620 Sacras
681 583 787 617 Aures
808 606 820 623 ‚
846 582 900 617 sed
927 578 1079 619 advocari

201 635 332 672 deberet
343 635 384 675 ab
405 635 476 679 ipso
487 635 656 683 Principe„
681 633 829 680 Septimo
846 656 857 672 ‚
883 631 972 676 quod
985 630 1079 664 Prin—

201 695 278 730 ceps
298 695 448 720 evocaret
473 685 568 728 juxta
594 684 802 730 personarum
828 692 884 716 aut
911 682 1079 720 causarum

201 736 318 771 merita
333 760 340 768 .
369 736 499 773 Octavo
523 760 535 778 ‚
561 732 649 779 quod
672 732 869 778 quibusdam
886 734 1082 777 assurgeret,

201 796 259 821 aut
272 787 451 830 impartiret
469 785 566 824 aliam
577 782 789 821 reverentiam
801 807 809 815 .
835 783 943 822 Nono
956 805 967 822 ,
992 780 1081 825 quod

201 836 388 871 istiusmodi
410 834 554 884 personis
580 832 827 870 Confistoriales
853 832 1005 868 Comites
1031 842 1082 875 ap-

204 885 398 930 plauderent
418 909 430 925 ,
455 885 606 931 ipsosque
631 882 840 919 hortarentur
865 895 942 918 cum
963 880 1083 916 fiducia

205 937 375 972 accedere,
402 932 547 974 Decimo
559 959 570 975 ,
596 933 686 978 quod
700 934 870 969 Maximus
890 933 987 967 talem
998 943 1083 969 reve·

204 986 346 1020 rentiam
357 984 511 1019 detulerit
524 985 642 1019 Sancto
652 983 828 1025 Ambrosio
840 1008 852 1024 ,
879 982 1084 1025 volueritque

202 1035 262 1082 ipfi
281 1035 357 1070 dare
377 1035 523 1069 osculum
535 1059 543 1066 .
574 1034 707 1075 Utique
727 1034 795 1077 ejus
808 1032 998 1078 Episcopali
1020 1032 1085 1066 Co-

202 1097 312 1120 ronae.
339 1086 389 1118 Ita
401 1083 490 1118 enim
513 1093 593 1117 tunc
614 1085 845 1118 consueverat.
874 1081 1086 1127 Undecimo,

206 1134 293 1178 quod
319 1132 371 1167 his
381 1144 450 1167 non
468 1143 648 1167 contentus
671 1133 1085 1168 Ambrofiusintetcefferit

202 1184 246 1220 de
264 1182 383 1227 injuria
403 1207 415 1228 ,
449 1182 485 1222 ἀ
506 1183 638 1225 quidem
659 1195 735 1218 cum
765 1183 938 1219 stomacho
960 1208 968 1217 .
996 1181 1086 1230 Qia

203 1240 323 1277 nempe
342 1230 482 1271 debebat
500 1233 583 1267 stare
605 1233 691 1267 inter
701 1233 871 1276 Populum
884 1259 891 1266 .
918 1232 1089 1267 Duodeci-

203 1282 262 1320 mo
272 1283 352 1317 hinc
370 1282 537 1327 intelliges
556 1282 651 1316 verba
664 1283 785 1326 Cyrilli
798 1281 1085 1326 Schytopolitani:

204 1336 270 1378 ,Qui
293 1343 357 1366 cum
372 1334 418 1365 ad
438 1333 590 1370 silentium
609 1335 834 1376 pervenffent,
861 1335 882 1365 ἂ
904 1333 1085 1370 silentiariis

205 1384 273 1424 ostio
294 1381 463 1430 Praepofitis
483 1383 648 1421 introducit
663 1382 738 1431 sunt
757 1408 765 1415 .
793 1382 981 1428 Intelliges,
1007 1383 1086 1425 quid

202 1433 343 1476 &quale
363 1432 461 1470 fuerit
482 1431 570 1467 istud
583 1431 779 1473 Silentium.
808 1435 903 1467 Sacra
925 1432 1088 1476 Principis

202 1483 334 1517 Mansio
357 1480 495 1521 habebat
514 1492 675 1526 quatuor;
702 1483 837 1523 Sacrum
861 1483 1064 1517 Cubiculum
1079 1507 1089 1523 ,

202 1532 401 1572 Silentium,
431 1530 609 1565 secundum
620 1532 811 1574 acprimum
826 1533 953 1567 velum.
986 1534 1087 1568 Silen-

201 1582 288 1618 tium
314 1591 383 1616 erat
410 1581 510 1616 Sacro
534 1580 703 1620 cubiculo
731 1583 838 1616 vicina
862 1582 993 1616 Manfio
1014 1608 1024 1624 ,
1052 1584 1087 1616 in

202 1643 304 1678 quam
314 1630 574 1667 admittebantur
583 1633 746 1675 accepturi
769 1634 923 1667 secretam
939 1633 1086 1666 Audien-

202 1683 287 1718 tiam
311 1706 320 1715 .
361 1681 544 1717 Dicebatur
570 1682 748 1716 Silentium
772 1707 782 1723 ,
809 1682 900 1727 quod
925 1680 991 1717 hoc
1018 1683 1088 1716 istic

203 1732 338 1768 deberet
364 1734 426 1767 effe
448 1732 637 1767 altiffirnum
661 1744 698 1767 ac
719 1743 911 1777 perpetuum
933 1758 942 1766 .
969 1735 1089 1768 Secun-

203 1783 286 1818 dum
309 1781 432 1817 Velum
459 1792 527 1817 erat
550 1783 682 1817 Mansio
703 1808 714 1824 ‚
742 1784 777 1817 in
797 1795 859 1827 qua
882 1793 973 1818 erant
986 1784 1090 1818 Silen-

202 1833 314 1873 tiarii,
341 1832 484 1871 Palatini
508 1832 661 1874 Milites,
688 1845 830 1876 quorum
855 1834 1001 1868 officium
1022 1844 1089 1868 erat

203 1881 414 1918 curareistud
435 1882 599 1917 silentium
613 1907 623 1922 ,
649 1884 682 1916 r&
696 1882 928 1925 praetendentes
947 1883 1027 1916 illuc
1042 1884 1091 1915 in-

204 1932 388 1966 tromittere
412 1956 418 1962 .
448 1931 515 1966 Uti
542 1930 689 1977 Cyrillus
711 1931 786 1972 Ostia
807 1931 978 1974 praepofitos
1005 1953 1016 1972 ,
1044 1933 1088 1965 ita

205 1980 372 2026 Agathias
391 1991 448 2014 eos
465 1981 609 2023 appellat
631 1980 805 2024 Praepofitos
835 1983 973 2021 silentii,
999 1982 1089 2025 quod

206 2029 440 2073 muratoribus
465 2031 650 2072 impenditur
682 2026 702 2062 .’
720 2030 845 2067 Eadem
880 2033 993 2065 omnia
1019 2042 1089 2074 prae·

203 2081 315 2117 sertim
336 2078 522 2127 spectabant
531 2079 575 2118 ad
587 2080 752 2124 Magnum
766 2081 1011 2119 Silentiarium,
1037 2082 1090 2114 seu

205 2131 248 2167 ad
261 2130 526 2166 Silentiariorum
551 2129 801 2167 primicerium.
829 2131 955 2165 Eadem
977 2131 1092 2164 omnia

203 2181 389 2219 etiamnum
411 2178 512 2215 hodie
534 2177 686 2215 videntur
713 2180 833 2218 Romae
846 2180 881 2215 in
896 2181 1093 2224 Apostolico

205 2230 337 2265 Palatio
359 2255 368 2267 2
398 2231 527 2269 Eorum
548 2230 655 2265 forma
677 2229 845 2265 descendit
867 2242 909 2265 ex
934 2231 1092 2266 Romano

205 2281 351 2324 Imperio
374 2305 382 2312 .
410 2280 561 2316 Primum
583 2280 690 2314 velum
715 2291 782 2315 erat
807 2280 912 2324 prima
934 2280 1067 2316 Mansio
1081 2295 1091 2315 :

206 2330 318 2365 Locus
340 2329 553 2366 Confistorii.
582 2329 626 2366 Et
646 2329 742 2366 huca
767 2331 914 2368 Maximi
937 2330 1094 2375 Tyranni

206 2379 376 2418 Eunucho
398 2378 601 2424 rejiciebatur
620 2381 756 2417 Sanetus
780 2380 973 2420 Ambrosius
994 2406 1002 2414 .
1028 2382 1095 2416 De-

207 2430 300 2465 cimo
320 2429 418 2468 tertio
437 2430 615 2470 discimus,
641 2429 722 2471 quid
748 2431 787 2463 fit
808 2429 913 2466 audiri
936 2431 954 2464 a
967 2431 1095 2465 Princi-

209 2491 272 2523 pe,
302 2480 416 2522 utique
440 2479 475 2511 in
500 2478 599 2511 Sacro
623 2478 792 2512 Cubiculo
819 2502 831 2519 ,
856 2479 937 2521 quid
958 2479 1001 2513 ab
1026 2480 1096 2522 ipso

210 2528 317 2562 audiri
340 2527 376 2561 in
401 2526 629 2561 Confistorio.
656 2527 944 2574 Decimd‘quarto
964 2552 976 2570 ,
1006 2528 1095 2573 quod

209 2577 316 2612 Graeci
330 2577 544 2620 Imperatores
564 2576 629 2613 suis
639 2575 812 2620 Episcopis
834 2589 904 2614 nou
914 2577 1097 2617 detulerint

210 2628 376 2664 laudatam
396 2626 416 2662 a
438 2626 560 2661 Sansto
573 2623 753 2662 Ambrofio
767 2626 1000 2661 reverentiam:
1029 2628 1097 2662 Eos

210 2676 411 2722 quandoque
430 2675 471 2712 ad
486 2676 620 2710 Sacrum
640 2674 859 2715 admittebant
869 2675 1072 2712 Cubiculum
1086 2702 1097 2718 ,

213 2726 408 2773 quandoque
429 2725 626 2770 rejectabant
648 2725 689 2760 ad
712 2726 953 2761 Consistorium
974 2753 982 2760 .
1009 2728 1097 2771 Ipsos

211 2779 312 2812 etiam
341 2774 545 2814 Patriarchas
570 2801 578 2808 .
607 2775 698 2813 Nam
723 2775 808 2814 inter
833 2774 896 2811 hos
918 2777 1097 2813 Orientalis

215 2826 378 2862 Fastionis
398 2826 546 2870 Legatos
566 2835 633 2860 erat
656 2826 797 2870 Joannes
824 2825 1016 2862 Antiochiae
1039 2827 1099 2862 Pa-

213 2875 374 2917 triarcha,
405 2876 562 2915 &tamen
585 2874 625 2909 ad
646 2876 733 2920 ipsos
756 2878 791 2911 in
804 2876 959 2915 Mandati
982 2878 1096 2913 instru-

215 2936 330 2962 mento
351 2926 532 2971 generatim
554 2926 695 2960 dicitur:
723 2929 794 2965 sive
811 2938 908 2963 coram
924 2930 1099 2971 Pientiffimo

217 2981 417 3019 Imperatore,
438 2975 503 3024 five
523 2981 558 3012 in
579 2975 744 3025 Confistorlo
764 2999 776 3020 ‚
798 2977 863 3021 five
889 2989 986 3014 coram
1010 2981 1098 3019 Sacro

220 3028 330 3061 Senatu
335 3025 433 3070 sermo
454 3025 626 3078 instituatur
638 3051 647 3061 .

470 3224 547 3293 {a}
768 3228 844 3302 ff

1894 198 1952 242 81

1343 351 1608 402 CAPUT
1647 354 1819 401 XXIV.
1880 372 2025 404 --112

1141 490 1316 559 Epistola
1359 492 1624 559 Praefifiorum
1671 491 1724 538 ad
1757 491 1987 557 Nestorium
2016 531 2029 558 ‚

1171 561 1176 566 “
1210 578 1252 608 ut
1287 583 1372 610 cum
1408 562 1533 612 honore
1568 562 1622 616 ad
1653 560 1772 629 flium
1808 569 1960 611 Mona-

1271 633 1428 697 sterium
1461 650 1639 683 remearet
1655 672 1669 696 ‚
1710 633 1802 682 unde
1836 632 1891 688 ad

1271 700 1273 702 ¹
1374 702 1646 774 Epifiopatum
1668 702 1807 771 fuerat

1494 792 1653 828 vocatus
1665 811 1678 831 ,-

1149 924 1260 1013 EA
1282 939 1354 972 quae
1373 937 1428 972 per
1438 927 1567 972 Synodi
1580 929 1647 963 visa
1666 933 1740 965 sunt
1759 932 1829 977 geri
1840 932 2005 978 Iudicium
2019 956 2031 978 ,

1152 1014 1154 1017 ,
1215 1013 1218 1016 ,
1253 977 1731 1024 temporelongodistulimus.
1761 982 1855 1017 Licet
1867 994 1930 1018 nos
1950 983 2036 1018 mule

1147 1030 1173 1063 ti
1196 1028 1293 1063 valde
1312 1029 1481 1073 culparent
1504 1053 1516 1070 ,
1554 1029 1590 1063 δε
1612 1029 1789 1065 existerent
1817 1031 2001 1074 importuni
2022 1058 2032 1065 .

1147 1079 1319 1128 Qoniam
1345 1079 1548 1114 verolitterae
1569 1079 1669 1119 nobis
1682 1091 1745 1121 ωε
1757 1080 1943 1115 Sanstitaris
1965 1081 2036 1117 rede

1148 1130 1225 1167 ditae
1240 1131 1315 1164 sunt
1334 1155 1344 1170 ,
1370 1129 1616 1172 manifestantes
1635 1131 1842 1166 fastidiosum
1865 1130 1927 1164 tibi
1950 1133 2035 1170 effe,

1149 1179 1239 1223 quod
1274 1180 1309 1214 in
1326 1178 1458 1224 Epheso
1479 1181 1673 1224 remoraris,
1698 1178 1952 1218 &desiderabile
1972 1181 2037 1215 effe

1149 1231 1191 1264 de
1211 1230 1341 1274 reliquo
1364 1241 1427 1265 tuae
1448 1231 1675 1277 Religiofitati
1696 1255 1708 1272 ,
1734 1240 1771 1266 ut
1791 1231 1854 1266 iter
1877 1230 2040 1272 assumas,

1148 1281 1272 1321 eosqui
1297 1291 1353 1323 per
1364 1292 1466 1315 omne
1478 1283 1540 1316 iter
1550 1280 1692 1318 debeant
1714 1281 1898 1318 ministrare
1919 1281 2040 1315 direxi-

1149 1341 1243 1370 mus:
1270 1330 1344 1369 Sive
1363 1331 1538 1376 navigare,
1566 1333 1620 1367 seu
1634 1344 1689 1376 per
1708 1334 1853 1371 asinam,
1878 1330 1914 1371 id
1924 1330 1992 1373 est,
2017 1330 2043 1365 ίί

1151 1390 1205 1423 per
1225 1379 1401 1415 Ponticam
1426 1383 1513 1416 viam
1535 1383 1698 1426 proficisci
1720 1382 1900 1427 placuerit,
1926 1382 1972 1416 ita
2002 1392 2042 1414 ut

1150 1431 1252 1474 usque
1271 1431 1312 1465 ad
1324 1431 1568 1472 Monasterium
1591 1433 1795 1474 ministrent,
1824 1432 1869 1467 Et
1889 1432 2041 1477 angarias

1152 1480 1247 1519 vobis
1272 1505 1283 1520 ‚
1310 1483 1524 1525 annonasque
1544 1483 1778 1519 transmisimus
1797 1508 1808 1524 ‚
1843 1484 1862 1517 ὸ,
1882 1482 2039 1516 Domino

1152 1531 1362 1566 clementiam
1387 1533 1610 1575 postulantes,
1638 1533 1863 1568 utincolumis
1884 1542 1937 1566 eat
1959 1533 2040 1566 San-

1153 1581 1244 1615 &titas
1267 1593 1323 1615 tua
1345 1607 1355 1622 ,
1382 1584 1415 1617 δε
1435 1584 1481 1619 ita
1505 1583 1603 1627 degat
1624 1608 1635 1623 ,
1670 1583 1751 1617 sicut
1775 1582 1930 1621 desiderat
1951 1582 2039 1623 ipsa.

1153 1632 1402 1666 Consolationis
1424 1634 1514 1667 enim
1535 1644 1570 1666 te
1592 1643 1662 1666 non
1683 1632 1847 1671 credimus
1870 1630 2042 1675 indigere,

1151 1682 1358 1725 respicientes
1370 1682 1412 1716 ad
1432 1683 1581 1716 animam
1596 1692 1687 1716 tuam
1700 1707 1711 1723 ‚
1739 1693 1810 1726 quae
1825 1680 1953 1725 sapiens
1970 1680 2015 1714 est
2029 1705 2041 1721 ,

1151 1731 1186 1770 ,δε
1208 1732 1251 1765 ad
1273 1732 1378 1772 multa
1398 1732 1486 1768 bona
1510 1731 1615 1768 millia
1632 1755 1645 1780 ρ
1671 1744 1728 1778 per
1750 1743 1820 1777 quae
1846 1732 1941 1776 super
1961 1729 2044 1765 alios

1152 1792 1294 1818 emines.

1342 1935 1850 2002 Scn0110N7

1154 2077 1282 2169 AD
1293 2077 1390 2122 hujus
1410 2080 1566 2124 Epistolae
1577 2080 1782 2116 intellectum
1794 2081 1921 2117 faciunt
1933 2106 1943 2123 ,
1969 2093 2040 2126 quae

1271 2128 1380 2164 scribit
1403 2130 1651 2175 Epiphanienfis
1673 2131 1860 2177 Evagrius:
1888 2134 2039 2177 ,Quemad-
2066 2122 2222 2157 Lib·¹·c-⁷·

1153 2181 1270 2214 modum
1291 2180 1445 2220 Nestorius
1467 2185 1501 2215 in
1512 2184 1637 2216 exilium
1657 2182 1833 2225 ejeaeusfie,
1859 2185 1894 2217 6*
1907 2185 1981 2226 quid
1989 2192 2041 2226 po-

1148 2230 1212 2272 stea
1234 2231 1272 2264 de
1284 2230 1466 2274 illofadlum
1480 2256 1490 2272 ,
1518 2234 1553 2266 &
1565 2244 1652 2275 quem
1672 2239 1749 2272 asitae
1772 2239 1887 2272 exitum
1890 2233 1932 2276 fit
1941 2234 2040 2277 confi·-

1154 2289 1240 2319 cutus
1252 2305 1263 2321 ,
1290 2282 1325 2315 &
1346 2291 1422 2327 quas
1436 2290 1542 2323 pretias
1563 2281 1758 2326 blaspbemiae
1780 2282 1868 2326 causa
1896 2285 2034 2324 dederit,

1155 2336 1328 2373 neutiquam
1348 2331 1388 2369 ab
1411 2333 1495 2374 illis,
1520 2338 1572 2376 qui
1592 2345 1641 2369 res
1659 2335 1725 2376 ejus
1731 2333 1830 2377 gestas
1843 2335 1955 2368 litteris
1965 2343 2035 2377 pro·

1154 2382 1316 2422 diderunt,
1342 2382 1489 2420 traditum
1516 2382 1570 2425 est.
1600 2386 1682 2428 ,ραι
1706 2385 2036 2427 omniaplanc’interci-

1154 2431 1278 2472 di'ffent,
1298 2429 1480 2474 fulffentque
1500 2440 1643 2474 temporis
1663 2435 1858 2468 diuturnitate
1870 2442 1916 2467 ita
1938 2436 2038 2468 deleta

1155 2480 1190 2512 (5
1206 2478 1335 2518 obruta,
1360 2487 1395 2511 ut
1420 2490 1457 2513 ne
1477 2481 1515 2513 de
1533 2482 1595 2514 iilis
1614 2488 1731 2515 omnino
1752 2485 1805 2517 vel
1821 2482 1918 2524 semel
1935 2485 2036 2516 audiri

1151 2528 1243 2574 poffet
1261 2553 1274 2568 ,
1311 2525 1367 2569 m'fi
1381 2533 1414 2561 in
1434 2529 1543 2568 librum
1568 2532 1729 2578 quemdam
1754 2532 1794 2567 ab
1820 2531 1882 2575 ipsit
1903 2532 2038 2571 Nestor-io

1156 2578 1288 2617 editum,
1312 2582 1347 2615 in
1371 2588 1428 2620 quo
1436 2578 1559 2618 istarum
1580 2592 1681 2615 rerum
1698 2588 1860 2615 continetur
1880 2589 2038 2622 narratio,

1147 2628 1233 2676 forte*
1244 2627 1377 2674 fortuna
1399 2629 1575 2672 incidissem.
1603 2629 1750 2665 Proinde
1770 2631 1933 2677 Evagrius
1957 2633 2044 2668 vide-

1156 2689 1208 2713 tur
1219 2689 1280 2712 nec
1290 2679 1505 2722 compositam
1515 2679 1557 2719 ab
1571 2679 1694 2718 lrenaeo
1703 2680 1923 2726 Tragoediam
1938 2708 1948 2724 ,
1977 2695 2040 2718 nec

1157 2728 1213 2763 has
1233 2727 1397 2772 Epistolas
1416 2727 1530 2765 vidisse
1554 2754 1565 2771 ,
1594 2730 1700 2765 immo
1720 2743 1782 2766 nec
1809 2733 1923 2766 omnia
1952 2732 2039 2769 Asta

1157 2777 1312 2823 Ephefini
1325 2778 1490 2814 Concilii.
1519 2781 1609 2815 Nam
1629 2782 1663 2816 δε
1676 2781 1710 2815 in
1721 2780 1772 2816 his
1785 2781 1832 2816 est
1851 2794 1920 2817 non
1935 2784 2038 2819 unica

1156 2830 1284 2865 mentio
1307 2829 1467 2872 deprimo
1487 2831 1591 2867 exilio
1604 2831 1768 2870 Nestorii.
1798 2832 1947 2877 Exponit
1969 2833 2039 2876 ejus

1156 2878 1373 2922 blasphemias
1397 2904 1408 2921 ,
1433 2881 1467 2915 &
1492 2883 1695 2926 prosequitur
1718 2895 1725 2914 :
1754 2884 1846 2918 Parra
1875 2888 1907 2915 in
1932 2884 2037 2917 eodem

1155 2929 1231 2967 libro
1251 2929 1405 2969 Nestorius
1426 2931 1550 2972 ostendit
1575 2931 1762 2974 Theodosium
1785 2935 1883 2974 primii
1906 2940 2033 2975 propter

1156 2991 1285 3015 amorem
1297 3004 1308 3020 ,
1333 2992 1391 3023 quo
1407 2993 1477 3018 eum
1498 2983 1762 3024 complec‘lebatur,
1789 2985 1852 3023 ejus
1863 2981 2034 3017 abdicatio-

1157 3041 1224 3066 nem
1234 3032 1356 3070 mInime*
1364 3041 1466 3064 ratam
1468 3032 1585 3075 fecisse,
1612 3034 1720 3066 deinde
1741 3044 1805 3066 cum
1814 3034 1938 3075 quidam
1951 3036 2030 3075 Epi-

1151 3078 1230 3123 scopi
1241 3093 1279 3114 ex
1289 3090 1412 3124 utraque
1424 3082 1567 3117 Fumone
1576 3082 1616 3118 ab
1625 3082 1696 3116 urbe
1708 3081 1830 3126 Epheso
1850 3083 1894 3122 ad
1902 3082 2034 3118 Theodo-

1148 3129 1225 3172 fium
1245 3132 1315 3172 miffi
1333 3132 1442 3174 essent,
1466 3132 1638 3175 potestatem
1651 3131 1708 3175 fibi
1734 3134 1843 3171 datam
1863 3135 2037 3168 revertendi

1156 3179 1292 3224 adsuunt
1313 3182 1518 3222 Monasterium
1529 3207 1540 3223 ,
1564 3183 1644 3225 quod
1661 3192 1731 3216 ante
1750 3192 1858 3226 portas
1872 3184 2035 3219 Antiocbiae

1147 3229 1238 3272 fitam
1259 3231 1299 3274 est
1320 3257 1327 3264 .
1376 3235 1475 3273 Cujus
1506 3243 1610 3267 nomen
1631 3235 1652 3271 ἄ
1675 3232 1808 3274 Nestorio
1832 3235 1952 3277 quidem
1976 3243 2035 3269 non

1150 3285 1273 3330 panitur
1285 3306 1296 3322 ‚
1319 3289 1421 3319 tamen
1431 3282 1537 3323 fertur
1545 3284 1731 3325 appellatum
1749 3283 1800 3328 effe
1822 3284 2034 3326 nonasterium

1152 3332 1301 3374 Euprepii'
1308 3357 1316 3365 .
1342 3336 1465 3370 Narrat
1483 3338 1554 3371 item
1571 3332 1634 3377 ipse
1646 3334 1805 3376 Nestorius
1816 3333 1852 3377 se
1870 3340 1904 3368 m
1922 3347 1954 3370 eo
1978 3337 2036 3369 loco

1151 3382 1343 3422 quadriennii
1357 3381 1458 3426 spatio
1467 3393 1676 3418 commoratum
1685 3385 1737 3428 effe
1748 3407 1759 3424 ,
1786 3390 1884 3419 variis
1895 3385 2034 3427 affe-dum

1151 3429 1306 3466 honoribus
1331 3457 1342 3474 ,
1381 3431 1535 3477 variisque
1566 3440 1703 3478 premiis
1732 3436 1877 3470 donatum
1901 3457 1913 3474 ³
1932 3432 2034 3474 p⁰ste4

1885 3491 1987 3521 autem
