2320 3730
628 161 937 215 Sumtus,
974 173 1036 203 ET
1069 156 1267 204 Nous
1302 169 1691 203 utum-Rara..

234 246 382 282 eveaum
400 241 436 275 in
448 239 560 285 Regiae
571 239 715 279 civitatis
724 240 922 277 Cathedtam
934 240 1065 275 testatur
1078 240 1111 274 in

239 292 460 339 Apulogetico
480 291 520 325 ad
542 289 773 334 Imperatorem
784 289 1010 326 Theodosium
1028 290 1113 324 libro

236 347 266 380 S.
275 342 437 386 Cyrillus:
464 341 658 387 Eledusfait
667 342 823 382 Nestorius
835 344 980 390 taan'cam
992 347 1025 374 in
1039 343 1111 381 Apo-

227 390 337 435 =stolicis
364 404 399 425 ac
419 393 616 435 Evangelicis
641 393 786 430 dor‘lrinis
815 392 995 428 exercitatus
1012 414 1024 430 ,
1047 397 1114 431 pro-

233 443 449 485 movendaeque
468 446 596 483 pietatis
618 442 735 485 artifex
756 466 768 482 ,
803 447 911 484 quique
940 440 1054 474 tedam
1079 441 1114 473 ὁ*

234 498 350 531 omnino
360 487 548 534 inculpatam
556 492 647 534 fidem
659 500 769 527 teneret
778 515 786 523 .
813 495 859 523 Et
870 490 961 524 talem
973 488 1024 532 effe
1036 488 1113 522 bunc

233 543 380 583 hominem
391 542 528 584 cupiebat
537 547 629 581 etiam
638 542 735 582 vestra
743 539 884 584 najestas
895 564 905 580 ,
933 545 983 572 uni
987 537 1114 581 zierfique

230 593 413 632 „sanctarum
425 589 613 633 Ecclefiarum
623 588 765 633 Praefides
775 613 786 630 ,
813 591 847 623 (ς’
856 601 904 636 ego
915 587 976 633 ipse
985 614 993 622 .
1020 588 1114 622 Huic

236 642 374 687 publicae
384 642 476 676 famae
498 642 633 683 innixus
652 631 790 680 audebat
801 640 913 677 omnia
925 663 936 679 ‚
961 639 997 680 dc
1007 639 1114 673 cense-

236 693 294 731 bat
321 694 353 727 se
373 694 521 732 securum
539 688 690 732 adversus
708 699 844 724 omnem
879 689 1093 732 suspicionem
1106 712 1114 720 .

234 742 399 778 Attamen
420 741 510 787 quod
531 739 640 783 potius
665 740 786 782 loquax
805 764 815 779 ‚
842 748 940 781 quam
966 737 1115 779 eruditus

234 793 336 831 fuerit
347 818 357 834 ,
368 792 524 828 testantur
534 789 915 834 graviffimiScriptores.
945 788 1034 823 ldem
1048 787 1115 831 Cy-

235 844 327 879 tillus
348 845 382 882 in
402 839 512 881 habita
533 838 574 880 ad
586 838 782 882 Ephefinam
802 838 974 882 synodum
997 838 1116 879 Homi-

236 895 282 930 iia
292 894 337 927 fic
348 892 452 934 ipsum
465 889 665 932 alloquitur:
692 893 789 922 Rarus
812 901 844 923 es
862 896 891 921 te
912 888 1045 926 omnibus
1059 891 1117 920 Ec-

235 942 323 984 clefiis
333 942 481 973 dominari
493 941 556 980 ejus
568 963 579 980 ,
606 945 657 981 qiu·
669 946 697 972 te
706 941 722 975 e*
727 938 850 981 stercore
870 944 902 970 in
911 937 1048 978 calestem
1065 935 1116 980 su-

232 992 415 1026 blimitatem
429 995 534 1023 evexit
546 1013 553 1021 .
581 987 847 1027 Videtur-*notare
859 989 941 1023 viles
950 988 1016 1031 ejus
1029 998 1116 1021 nata-

234 1042 303 1079 les.
331 1041 376 1074 Et
387 1039 541 1083 Alipius‚
569 1038 949 1082 Constantinopolitanae
969 1038 1117 1072 Ecclefiae

235 1090 324 1135 apud
344 1089 478 1131 Sanstos
504 1088 685 1131 Apostolos
713 1087 907 1132 Presbyter,
932 1088 1052 1132 scripsit
1075 1087 1115 1122 ad

235 1141 391 1180 Sanssum
403 1138 592 1182 cyrillum:
619 1142 664 1179 Tu
674 1149 809 1172 voracem
821 1140 881 1172 Bel
906 1138 1056 1180 evertisti,
1083 1149 1117 1171 ac

234 1196 358 1226 inanem
375 1190 455 1223 illius
473 1187 559 1232 spem
575 1188 759 1230 labefac‘lasti
787 1190 821 1223 ὀ·
839 1187 1012 1230 comprefflsti
1028 1213 1039 1229 ,
1066 1199 1117 1221 aa·

234 1251 350 1284 meque
352 1238 462 1280 statuae
474 1247 656 1280 apparatam
674 1237 848 1280 perdidisti.
876 1238 984 1271 Notat
1000 1237 1116 1271 Nesto-

234 1290 323 1326 rium
344 1290 386 1325 de
406 1287 582 1330 insatiabili
600 1287 760 1330 avaritia,
786 1286 979 1331 videturque
1003 1297 1116 1321 notare

236 1341 368 1384 insuper
392 1337 433 1373 de
453 1338 621 1375 simonia.
648 1339 743 1381 ,Quod
759 1336 907 1381 pestilenti
928 1335 1115 1380 Episcopalis

236 1389 404 1424 Catbedrae
414 1387 549 1432 defiderio
569 1385 770 1429 laboraverit}
797 1387 831 1421 in
845 1388 973 1431 praefata
995 1386 1116 1426 Homi-

232 1440 284 1474 'lia
295 1439 428 1482 testatur
443 1435 601 1475 ‘laudatus
613 1437 780 1481 Cyrillus,
808 1437 843 1472 δε
866 1436 1037 1482 adjungat
1062 1440 1116 1478 Hie

236 1493 364 1532 Magicis
384 1498 495 1530 quoque
518 1486 719 1531 illufionibus,
744 1484 835 1528 austm
856 1485 976 1525 dicere;
998 1495 1115 1528 operam

234 1536 394 1574 nava-0122
420 1540 569 1579 Divinam
581 1538 766 1580 scripturam
776 1534 947 1578 nonfincere?
961 1534 1115 1580 inspexit;

235 1587 372 1632 inspexit
381 1598 485 1628 autem
496 1596 653 1631 argentum
679 1587 713 1624 ὀ·
722 1597 840 1622 aurum.
876 1586 957 1621 Haec
967 1587 1116 1622 facinora

234 1639 362 1674 &vitia
387 1636 559 1680 hominem
579 1637 757 1677 inflarunt,
783 1645 982 1671 evacuarunt
992 1637 1115 1680 Spiritu

235 1690 376 1733 Sancto,
400 1687 587 1732 &Ha-,reses
605 1687 856 1733 impugnantem
876 1685 1115 1731 praecipitarunt

236 1738 274 1774 in
284 1735 427 1778 Haerefin
438 1764 446 1772 .
881 1738 883 1740 ’
975 1735 978 1740 ’

287 1789 429 1824 Litteras
446 1790 536 1830 suas,
562 1788 683 1834 quibus
703 1787 883 1829 Nestorio,
910 1796 946 1823 ut
969 1789 1053 1823 intra
1065 1787 1118 1822 de÷

237 1851 310 1874 cem
331 1839 401 1873 dies
424 1863 435 1879 ,
467 1839 525 1872 nifi
551 1839 807 1884 Degradationis
828 1838 987 1883 Elogium
1006 1837 1118 1872 mallet

238 1889 311 1931 ipso
317 1890 402 1924 fasto
414 1888 575 1930 incurrere
586 1911 597 1926 ‚
621 1888 802 1921 solemnem
814 1888 862 1920 sui
873 1887 987 1921 erroris
997 1887 1118 1929 palino-

239 1937 331 1972 diam
343 1937 378 1970 in
389 1936 529 1977 Ecclefia
540 1945 683 1975 cantaret
690 1957 702 1974 ‚
722 1946 759 1975 ac
769 1936 942 1978 praesertitn
953 1936 1121 1975 Sacrosan·

238 1988 324 2020 Ram
335 1984 510 2029 Virginem
525 1985 729 2028 profiteretur
750 1984 926 2027 Deiparam
936 2007 948 2023 ,
976 1983 1119 2027 Aposto-

238 2035 304 2070 lica
320 2033 519 2070 authoritate
544 2034 729 2076 injunxerat
740 2058 751 2074 ‚
777 2035 910 2068 Sanctus
932 2034 1119 2068 Celestinus

238 2096 311 2120 non
324 2085 364 2119 ad
377 2084 483 2125 solum
495 2084 647 2125 Sanetum
657 2083 822 2128 Cyrillum
834 2109 846 2124 ,
872 2084 1043 2128 peripsum
1054 2083 1120 2118 Ne-

238 2133 562 2182 storiolinfinuandas
571 2159 582 2175 ,
598 2133 651 2175 sed
661 2134 763 2168 etiam
775 2134 816 2168 ad
827 2135 988 2178 Ioannem
1001 2133 1119 2167 Antio-

240 2184 323 2220 chiae
342 2183 563 2223 patriarcham
574 2209 584 2224 ,
610 2184 757 2226 aliosque
768 2184 991 2218 Orientalium
1006 2183 1120 2218 Ecc1e÷

240 2235 356 2269 narum
380 2234 537 2275 Primates
557 2234 734 2277 Episcopus
750 2235 971 2273 transmiserat
990 2259 997 2267 .
1025 2234 1119 2268 Hinc

241 2284 389 2329 praefatus
409 2285 549 2328 Joannes
571 2282 684 2318 videns
695 2283 748 2328 agi
764 2295 805 2318 ex
816 2286 942 2328 pestere
953 2308 964 2324 ,
990 2283 1072 2318 serio
1082 2295 1120 2317 ac

241 2335 400 2369 instanter
410 2333 599 2373 Nestorium
610 2333 782 2372 admonuit
792 2359 803 2375 ,
830 2344 865 2368 ut
877 2334 1036 2368 Pontifici
1045 2333 1120 2368 obe-

242 2382 325 2418 diret
348 2409 359 2424 ,
385 2394 483 2428 atque
506 2386 550 2420 ita
572 2384 749 2419 declinaret
771 2382 856 2418 hanc
883 2384 1119 2428 tempestatem,

243 2433 301 2467 Ut
312 2434 490 2471 imitaretur
514 2435 605 2467 suum
617 2434 700 2467 olim
710 2434 908 2477 Magistrum
922 2458 934 2474 ,
957 2432 1118 2467 Theodo-

243 2493 316 2516 rum
327 2481 535 2527 Mopsuestiae
549 2482 746 2524 Episcopum
759 2505 769 2520 ‚
781 2483 838 2524 qui
851 2482 919 2521 istis
931 2482 1002 2524 ipsis
1013 2482 1048 2514 in
1063 2481 1120 2515 Be·

241 2530 404 2567 nedistam
418 2530 592 2574 Virginem
604 2529 810 2572 blasphemiis
828 2530 1009 2575 gravissime
1021 2532 1120 2574 usque

240 2581 284 2615 ad
303 2580 513 2623 lapidationis
535 2579 714 2624 periculum
740 2580 919 2618 offenderat
941 2580 1121 2613 Antioche-

238 2641 322 2664 ·num
336 2630 493 2674 populum
507 2655 517 2670 ,
543 2631 575 2663 ὅ(
589 2628 788 2664 recantando
805 2642 872 2664 non
895 2629 997 2663 solam
1009 2640 1120 2673 pacem

241 2691 280 2715 ac
291 2682 403 2723 populi
414 2681 552 2725 gratiam
564 2679 620 2714 fibi
632 2679 814 2718 reddiderat
827 2704 837 2720 ,
849 2680 900 2714 sed
913 2680 1042 2723 insuper
1054 2691 1120 2714 me-

240 2730 357 2764 liorem
370 2731 509 2767 famam.
539 2729 640 2764 Hisce
650 2730 763 2768 litteris
774 2730 948 2769 Nestorius
969 2741 1024 2774 per
1046 2741 1119 2773 prae-

240 2782 365 2814 sentem
376 2779 558 2824 Epistolam
578 2780 749 2824 respondet
760 2804 771 2820 ‚
797 2782 831 2815 δι
843 2781 981 2814 affirmat
992 2781 1023 2815 se
1033 2780 1119 2822 istud

242 2830 346 2874 ipsum
356 2831 456 2864 etiarn
468 2840 543 2864 ante
550 2830 820 2874 receptaslitteras
830 2830 1002 2874 praestitiss‘e
1010 2855 1017 2862 .

293 2879 399 2914 Porro
410 2881 513 2915 sermo
526 2904 537 2920 ‚
562 2891 659 2928 quem
669 2880 688 2914 a
698 2880 729 2914 se
740 2891 817 2915 ante
828 2881 902 2916 istas
915 2879 1050 2924 Ioannis
1070 2879 1118 2914 lit-

241 2936 326 2964 teras
335 2930 457 2964 dictum
470 2930 606 2968 affirmat
615 2930 650 2964 <Sc
661 2929 794 2966 adducit
807 2931 978 2965 Nestorius
989 2955 1000 2971 ‚
1022 2929 1118 2965 addu-

232 2980 329 3013 mitur
338 2981 437 3014 etiam
449 2979 466 3013 a
477 2980 587 3017 Matio
598 2981 782 3020 Mercatore
792 3006 799 3013 .
813 2981 866 3015 Est
880 2981 1037 3015 secundus
1047 2981 1116 3025 post

244 3039 386 3072 receptas
405 3030 527 3064 litteras
546 3041 582 3067 ac
604 3031 709 3069 minas
732 3032 838 3066 SanCti
858 3031 1033 3065 Celestini.
1060 3032 1116 3065 Ad

244 3078 385 3120 primum
398 3081 577 3116 sermonem
586 3081 711 3115 Marius
722 3083 885 3123 praefatur:
904 3083 1001 3115 Sermo
1012 3082 1117 3115 duode-

243 3133 339 3159 cimus
360 3133 392 3160 in
414 3129 539 3171 Ecclesia
560 3129 678 3165 babitus
691 3155 701 3170 ,
729 3138 761 3165 in
784 3143 845 3175 qua
854 3133 970 3170 litteras
982 3130 1117 3171 celestini

245 3179 374 3210 Romani
386 3178 522 3221 Episcopi
535 3205 544 3219 ‚
555 3182 588 3214 (tt
599 3182 699 3219 cyrilla·
711 3182 908 3215 Alexandrini
918 3184 1117 3217 denuntiatio-

244 3237 298 3260 nes
309 3233 419 3268 accepit
431 3251 441 3267 ,
449 3226 571 3269 septimo
582 3230 654 3267 Idus
665 3231 844 3271 Decembrit,
857 3230 1015 3277 Consulatu
1027 3230 1113 3265 Theo-

244 3275 313 3317 dosii
325 3278 434 3310 decimo
442 3283 537 3318 tertio,
548 3281 581 3312 (5·
591 3280 793 3317 Valentiniani
804 3287 891 3315 tertio
897 3307 908 3323 ‚
922 3281 1113 3326 Augustorum,

238 3325 430 3370 postsextum
439 3328 530 3367 diem,
542 3340 631 3370 quam
640 3328 757 3373 easdem
766 3333 882 3365 litteras
887 3331 1012 3375 fiaempfit
1024 3358 1031 3366 .
1052 3331 1114 3368 Ac-

237 3377 461 3419 cepit-litteras
473 3376 527 3412 die
536 3379 821 3427 septima,ideoque
833 3380 920 3419 hunc
934 3384 1112 3417 sermonem

238 3426 327 3469 dixit
337 3426 528 3462 Decembris
539 3428 591 3463 die
599 3427 725 3464 decima
737 3432 829 3467 tertia
838 3455 846 3465 .
871 3431 948 3467 Erat
959 3433 1028 3468 dies
1041 3432 1114 3468 Sab-

1919 175 1976 205 21

1175 234 1266 272 bathi
1275 262 1286 277 ,
1297 236 1381 280 apud
1394 237 1525 272 Graecos
1535 238 1666 272 festivus
1683 262 1693 278 ,
1702 243 1738 274 aie
1749 239 1872 276 habens
1883 239 2049 283 publicam

1176 287 1333 331 Synaxim
1345 312 1353 325 ,.
1385 287 1439 322 Ad
1460 289 1644 331 praesentem
1656 290 1834 326 sermonem
1847 291 1915 334 haec
1924 291 2053 324 Merca-

1176 336 1237 377 tor.
1246 335 1393 380 Ejusdem
1399 337 1495 380 sermo
1507 340 1634 374 decimus
1646 346 1765 379 tertius,
1778 342 1826 373 die
1836 343 1946 382 altera,
1953 342 1989 374 id
1998 341 2052 382 est,

1177 389 1327 422 Dominica
1337 388 1436 429 didus
1450 412 1456 419 .
1486 389 1562 422 Erat
1573 389 1681 432 quinti
1694 390 1799 423 saeculi
1811 401 1915 423 annus
1934 391 2052 435 trigesi-

1177 448 1262 471 mus.
1290 437 1371 479 Haec
1381 439 1538 475 sermonis
1551 438 1646 473 verba
1657 463 1668 479 ,
1690 441 1844 484 ⁴‚Quoniam
1856 441 1890 473 (a'
1900 451 1949 482 ego
1959 442 2052 479 valde

1172 485 1324 531 fatigatus
1330 486 1400 531 sum
1411 513 1422 528 ,
1434 499 1503 531 quae
1513 488 1681 523 Mercator
1692 484 1759 522 non
1774 488 1910 532 exponit
1921 513 1932 528 ,
1953 500 2051 532 expo-

1179 537 1228 570 nit
1248 536 1364 572 harum
1384 539 1564 573 litterarum
1586 539 1753 573 Collestor
1774 540 1809 573 ὅ(
1835 537 2030 577 Scholiastes
2043 553 2051 573 :

1178 589 1275 629 ,Quem
1300 590 1382 621 dixit
1393 614 1404 630 ‚
1430 590 1501 622 dum
1514 589 1630 629 tarditks
1651 589 1781 632 intrasset
1791 590 1836 621 ad
1853 586 1973 631 mensas
1983 613 1994 629 ‚
2021 592 2053 622 ed

1178 637 1260 678 quod
1268 640 1438 676 neceffitates
1446 637 1633 682 poposeiffent
1654 645 1687 671 in
1696 641 1855 680 secretario
1867 664 1874 671 .
1902 639 1987 686 Qae
1998 650 2053 672 ne-

1158 721 1161 723 ,
1179 684 1332 719 ceffitates
1343 687 1462 722 fuerint
1473 714 1483 729 ‚
1496 690 1614 733 ignoro
1624 715 1631 722 .
1645 690 1789 729 Forsitan
1801 690 1967 733 quatuora
1978 689 2055 722 San·

1179 736 1232 770 sto
1244 734 1375 780 Cyrillo
1387 735 1502 781 Legati
1515 739 1688 783 Episcopi,
1716 749 1796 774 tunc
1807 735 1914 781 adhuc
1934 737 2056 778 haeren-

1180 795 1227 819 tes
1238 785 1323 830 apud
1337 785 1662 831 Constantinopolim
1674 814 1684 829 ,
1697 789 1871 824 hominem
1884 787 1995 823 denus>
2004 799 2057 822 ac-

1181 835 1336 874 cesserant
1349 859 1360 874 ‚
1385 845 1483 879 atque
1495 835 1540 869 ita
1551 848 1624 871 ante
1635 841 1836 874 Sacrificium
1849 839 1882 873 δε
1894 839 2057 881 Synaxim

1180 884 1389 919 detinuerant
1410 897 1448 919 ac
1471 884 1685 930 fatigaverant
1707 890 1740 922 in
1756 889 1902 923 Ecclefiae
1913 890 2059 924 Secreta-

1182 934 1231 968 rio
1243 959 1250 966 .
1281 935 1351 968 Hic
1373 934 1567 977 scholiastes
1589 934 1677 969 haud
1699 937 1794 970 dubie
1803 939 1847 972 est
1862 939 1985 974 Comes
1997 938 2058 972 Iro-

1182 994 1269 1018 naeus
1292 995 1371 1018 tunc
1389 985 1576 1028 Tyriorum
1587 984 1803 1028 Metropolita
1816 1010 1826 1026 ,
1852 988 2058 1028 pertinaciffi-

1181 1045 1253 1068 mus
1266 1033 1412 1069 Nestorii
1426 1036 1568 1070 Sestator
1580 1035 1742 1069 Patronus
1752 1059 1763 1075 ,
1776 1047 1813 1068 ac
1826 1036 2059 1076 EncomIastes.

1181 1084 1285 1127 Lucet
1303 1096 1344 1119 ex
1358 1083 1410 1119 his
1422 1085 1527 1120 verbis
1541 1100 1552 1119 :
1580 1086 1664 1119 Unde
1677 1091 1756 1119 omni
1767 1085 1854 1118 clero
1875 1096 2061 1122 concurrente

1181 1135 1225 1168 ad
1233 1146 1298 1169 eum
1306 1160 1317 1176 ,
1333 1137 1429 1168 multa
1439 1138 1475 1169 de
1486 1137 1624 1180 dogmate
1637 1134 1773 1178 disputat
1784 1160 1795 1176 ‚
1818 1141 1868 1178 qui
1871 1134 1910 1176 fic
1920 1137 1984 1176 ejus
1994 1139 2062 1169 Ma-

1175 1183 1325 1228 gisterium
1331 1183 1405 1228 sunt
1417 1188 1584 1227 admirati,
1604 1196 1638 1220 ut
1651 1186 1944 1220 anathematizarint
1953 1197 2000 1218 eos
2011 1192 2062 1227 qui

1181 1241 1227 1267 ita
1238 1247 1296 1268 non
1303 1233 1447 1278 sentiunt.
1466 1237 1568 1285 Qod
1580 1237 1717 1280 plurima
1729 1236 1863 1272 Cleri&
1876 1235 1989 1279 populi
2001 1246 2065 1269 tut-

1183 1284 1223 1327 ba
1234 1284 1373 1319 adfuerit
1382 1310 1393 1325 ‚
1405 1287 1490 1321 lucet
1500 1299 1541 1321 ex
1553 1286 1603 1321 his
1618 1288 1712 1330 ipfius
1725 1286 1869 1321 Nestorii
1882 1285 1984 1319 verbis
1997 1298 2004 1317 z
2018 1288 2064 1319 Et

1183 1346 1237 1373 vos
1248 1340 1364 1372 omnino
1373 1336 1512 1379 constr-iffi
1522 1363 1529 1370 .
1559 1337 1687 1371 Marius
1697 1336 1866 1371 Mercator
1877 1335 2040 1370 transtulit
2055 1348 2063 1367 :

1181 1384 1398 1427 constipatione
1409 1386 1564 1425 laboratis.
1579 1387 1623 1421 Pa
1629 1388 1750 1431 palium
1767 1388 1944 1421 litterarum
1957 1396 2064 1426 tenor,

1181 1436 1217 1471 &
1240 1437 1380 1479 ipsarum
1402 1437 1559 1472 terribilia
1582 1440 1614 1478 in
1633 1438 1822 1481 Nestorium
1836 1438 1989 1472 mandata
2001 1435 2064 1469 toti

1181 1485 1295 1530 Regiae
1304 1487 1430 1521 civitati
1441 1489 1654 1523 innotuerant
1667 1500 1674 1520 :
1701 1488 1820 1532 Cyrilli
1832 1487 1971 1532 Legatio
1984 1487 2066 1528 ipsas

1182 1535 1270 1570 haud
1291 1536 1391 1570 dubie
1413 1550 1480 1572 non
1497 1538 1706 1572 solummodo
1718 1538 1934 1577 insinuaverat
1950 1535 2066 1570 Nesto-

1182 1586 1234 1627 rio
1244 1610 1255 1626 ,
1267 1586 1322 1620 sed
1333 1586 1465 1630 insuper
1473 1589 1620 1629 affixerat
1634 1591 1668 1621 in
1680 1586 1820 1629 publicis
1834 1586 1929 1625 locis,
1939 1597 1976 1618 ac
1987 1586 2068 1618 sole-

1184 1636 1306 1674 mniter
1317 1638 1537 1682 promulgarat
1549 1664 1556 1670 .
1586 1638 1680 1670 Hinc
1690 1635 1731 1677 ad
1742 1635 1919 1670 audiendas
1930 1636 1979 1669 sui
1992 1635 2068 1677 Epi·

1184 1685 1272 1729 scopi
1284 1685 1468 1729 palinodias
1479 1698 1534 1722 aut
1546 1687 1732 1732 Apologias
1740 1685 1948 1721 confluxerat
1957 1685 2067 1719 omnis

1185 1735 1303 1771 Clerus
1312 1736 1345 1770 ὃ(
1357 1737 1503 1781 populus.
1512 1739 1567 1772 De
1579 1739 1722 1782 ipsorum
1731 1737 1884 1781 applausu
1896 1735 2068 1770 Nestorius

1185 1785 1313 1832 propria
1334 1798 1435 1821 manu
1455 1786 1589 1831 subjecit
1611 1788 1677 1823 suis
1687 1786 1726 1821 ad
1748 1789 1910 1831 Joannem
1931 1785 2070 1819 Patriar-

1184 1836 1282 1871 cham
1293 1837 1429 1871 litteris:
1458 1840 1561 1872 Inilla
1574 1839 1711 1873 aroanna
1737 1840 1771 1872 <y
1790 1839 1910 1871 clerum
1935 1837 2069 1878 &popu-

1184 1888 1247 1919 lum
1258 1909 1270 1925 ‚
1295 1888 1329 1919 <⁹5
1339 1886 1392 1918 hos
1402 1891 1452 1927 qui
1475 1892 1508 1922 in
1520 1888 1727 1930 Imperialtbus
1747 1887 1821 1929 sunt
1840 1889 1922 1919 Aulis
1934 1911 1944 1926 ‚
1972 1895 2070 1918 attra-

1185 1941 1287 1974 ¹nimus
1295 1959 1303 1965 .
1333 1934 1391 1974 Est
1404 1946 1490 1970 vano
1516 1948 1554 1970 ac
1565 1937 1695 1971 tumido
1704 1935 1928 1970 Haeressarchae
1938 1937 2072 1978 consue-

1185 1993 1236 2017 tus
1246 1982 1527 2022 Thrazonisrnus.
1556 1985 1646 2020 Nam
1671 1986 1705 2018 &
1725 1987 1766 2019 ad
1787 1987 1939 2019 Sanctum
1963 1986 2072 2027 Cyril·

1185 2033 1256 2067 lum
1268 2043 1338 2067 non
1351 2032 1480 2068 erubuit
1495 2034 1647 2070 scribere:
1674 2037 1756 2079 ,Quae
1776 2036 1821 2067 ad
1839 2033 1998 2076 Ecclesiam
2021 2046 2071 2067 no—

1180 2082 1275 2125 stram
1291 2088 1446 2127 pertinent
1458 2108 1469 2124 ‚
1495 2086 1626 2127 quotidie
1649 2094 1793 2128 augentur
1817 2090 1850 2117 in
1868 2085 1973 2118 melius
1987 2109 1993 2116 .
2022 2088 2068 2118 Et

1186 2145 1254 2176 quae
1275 2133 1319 2165 ad
1323 2133 1441 2175 plebem
1452 2158 1464 2174 ‚
1491 2141 1615 2168 noveris
1637 2140 1671 2168 in
1684 2137 1828 2179 majorem
1840 2136 1964 2174 extendi
1971 2135 2071 2177 profe·

1184 2184 1266 2217 c‘lum
1287 2191 1342 2225 per
1363 2189 1500 2227 gratiam
1518 2184 1628 2225 Christi
1638 2210 1649 2226 ‚
1677 2182 1842 2227 intantum
1858 2196 1892 2220 ut
1911 2187 2070 2220 multitudo

1185 2233 1249 2271 baec
1269 2234 1389 2268 vocibus
1411 2233 1572 2277 Propheta·
1592 2237 1698 2270 clamet
1724 2249 1731 2268 :
1765 2236 1960 2280 Replebitur
1986 2247 2068 2269 terra

1186 2284 1322 2322 scientia
1346 2284 1490 2319 Domini
1510 2310 1521 2326 ,
1546 2286 1628 2320 ficut
1649 2297 1731 2329 aqua
1752 2287 1856 2320 multa
1875 2287 2069 2329 cooperiens

1185 2334 1288 2367 maria
1314 2355 1321 2363 ·
1355 2339 1491 2368 Noveris
1517 2337 1551 2370 (τ’
1573 2339 1698 2381 Regiam
1723 2338 1841 2370 domum
1870 2360 1882 2376 ,
1904 2338 2069 2369 dilucidato

1185 2385 1324 2428 dogmate
1337 2407 1348 2423 ‚
1378 2389 1409 2417 in
1425 2396 1531 2430 magno
1537 2389 1650 2430 gaudio
1662 2388 1768 2430 degere
1782 2411 1792 2427 ,
1818 2388 1852 2421 t&
1862 2396 1894 2419 ut
1901 2393 2025 2430 paginae
2031 2386 2070 2428 fi-

1187 2445 1253 2467 nem
1262 2433 1381 2472 faciam
1391 2457 1401 2471 2
1419 2435 1503 2466 illam
1515 2438 1552 2469 de
1564 2436 1691 2477 Ecclesia
1702 2448 1814 2479 quoque
1826 2439 1912 2478 apud
1922 2448 1971 2469 nos
1977 2435 2068 2478 stiper-

1187 2480 1320 2517 omnibus
1334 2481 1496 2522 Haerefibus
1507 2506 1517 2522 ‚
1542 2495 1611 2525 quae
1634 2486 1782 2517 adversas
1806 2489 1902 2518 Deum
1919 2487 2044 2528 litigant
2058 2511 2069 2525 ,

1169 2555 1172 2574 ,
1187 2541 1286 2564 vocem
1308 2531 1382 2563 vide
1402 2533 1536 2573 impleri:
1564 2532 1636 2566 Ibat
1662 2535 1792 2573 Domus
1806 2535 1881 2568 Saul
1895 2559 1905 2575 ‚
1931 2535 1966 2568 ὅ(
1979 2536 2069 2569 infir-

1186 2579 1336 2619 mabatur
1359 2591 1368 2621 ;
1396 2579 1463 2614 ibat
1486 2581 1618 2615 Domus
1638 2582 1749 2616 David
1772 2607 1783 2623 ,
1809 2583 1844 2617 δε
1860 2585 2069 2618 confortaba-

1184 2640 1237 2664 tur
1250 2654 1257 2662 .
1284 2632 1353 2663 Haec
1376 2629 1472 2670 nostra
1492 2640 1648 2675 tamquam
1651 2631 1766 2675 fratris
1788 2634 1832 2671 ad
1836 2632 1970 2674 fratrem
1982 2634 2068 2675 confi-

1184 2680 1228 2717 lia
1239 2703 1246 2711 .
1274 2679 1393 2715 Homo
1405 2680 1607 2721 facinorosus
1620 2693 1674 2724 per
1687 2683 1827 2717 domum
1838 2679 1913 2717 Saul
1926 2686 2068 2718 omnino

1186 2729 1343 2774 intelligit
1353 2730 1592 2767 orthodoxum
1611 2732 1761 2767 Ecclefiae
1772 2733 1895 2777 dogma
1907 2759 1914 2766 .

1235 2779 1338 2814 Porro
1371 2782 1510 2823 qualiter
1540 2782 1647 2819 Sant‘ti
1675 2783 1832 2817 Celestini
1868 2784 2002 2818 Litteris
2027 2796 2065 2820 ac

1185 2830 1354 2864 Mandatis
1369 2830 1574 2872 obediverit,
1600 2833 1721 2867 docent
1742 2831 1809 2867 haec
1834 2833 2003 2876 Epistola,
2029 2836 2065 2869 ὄε

1185 2879 1242 2923 ipsi
1255 2880 1401 2915 adnexus
1411 2882 1532 2922 sermo.
1562 2883 1696 2917 Etenim
1708 2883 1807 2918 ambo
1820 2883 1986 2925 persistunt
2011 2896 2066 2919 vo-

1183 2941 1278 2972 cem,
1306 2934 1440 2972 Deipara
1453 2956 1464 2972 ,
1491 2933 1651 2969 infamare
1669 2933 1711 2968 de
1724 2934 1806 2968 Ario
1833 2946 1870 2967 ac
1889 2935 2066 2977 Apollina-

1183 2980 1251 3014 rio.
1279 2980 1390 3016 Ambo
1413 2983 1663 3017 Sacro-sanctam
1685 2983 1859 3029 Virginem
1884 2994 2062 3028 pernegant

1183 3033 1349 3073 Deiparam
1371 3057 1381 3072 ,
1407 3034 1439 3066 δε
1463 3033 1636 3076 praedicant
1663 3032 1871 3068 solummodo
1898 3033 2063 3078 christipa-

1181 3093 1268 3118 ram.
1297 3081 1354 3115 Est
1365 3084 1498 3124 antiqua
1513 3082 1607 3116 Pauli
1622 3084 1848 3118 Samosatenfis
1866 3106 1878 3124 ,
1901 3084 1918 3117 a
1930 3095 1998 3127 quo
2011 3085 2065 3118 vi—

1182 3142 1236 3165 rus
1257 3131 1422 3167 descendit
1442 3134 1475 3171 in
1505 3133 1697 3171 Nestorium
1716 3159 1727 3175 ,
1753 3134 1866 3167 dolosa
1894 3134 2035 3168 vafrities
2053 3161 2060 3168 .

1181 3181 1289 3224 Hujus
1299 3181 1459 3227 Magister
1470 3184 1572 3222 fuerat
1583 3181 1785 3221 Theodorus
1798 3183 2061 3227 Mopsuestienfis

1181 3233 1216 3271 in
1230 3231 1367 3266 secunda
1379 3232 1498 3267 Cilicia
1513 3233 1691 3277 Episcopus
1703 3259 1714 3275 ,
1740 3234 1797 3278 qui
1808 3234 1878 3268 suas
1888 3234 1928 3268 ad
1941 3234 2063 3269 Antio·

1179 3280 1323 3322 chenum
1344 3283 1501 3326 populum
1525 3281 1737 3328 blasphemias
1747 3283 1860 3318 eadem
1882 3295 1949 3318 arte
1961 3285 2062 3318 dilue·

1180 3343 1251 3376 rat,
1276 3341 1331 3366 aut
1343 3333 1712 3376 potinsincrustaverat,
1736 3345 1832 3378 atque
1853 3335 1898 3368 ita
1919 3335 2060 3377 Joannes

1179 3381 1365 3421 Patriarcha
1392 3384 1461 3426 ejus
1473 3384 1659 3428 exemplum
1685 3397 1723 3419 ac
1745 3385 1966 3419 imitationem
1992 3393 2060 3416 non

1180 3433 1243 3468 fine
1265 3433 1448 3478 suspicione
1462 3432 1503 3469 de
1514 3436 1682 3481 cqnsortio
1703 3435 1818 3471 erroris
1839 3431 2061 3470 suafitNestO-

1940 3491 2007 3523 rio,
