<?xml version="1.0" encoding="UTF-8"?>
<!DOCTYPE html PUBLIC "-//W3C//DTD XHTML 1.0 Transitional//EN"
    "http://www.w3.org/TR/xhtml1/DTD/xhtml1-transitional.dtd">
<html xmlns="http://www.w3.org/1999/xhtml" xml:lang="en" lang="en">
 <head>
  <title>
</title>
<meta http-equiv="Content-Type" content="text/html;charset=utf-8" />
  <meta name='ocr-system' content='tesseract 3.04.00' />
  <meta name='ocr-capabilities' content='ocr_page ocr_carea ocr_par ocr_line ocrx_word'/>
</head>
<body>
  <div class='ocr_page' id='page_1' title='image "./operaomniastudio07lupuuoft/operaomniastudio07lupuuoft_0272.png"; bbox 0 0 2320 3730; ppageno 0'>
   <div class='ocr_carea' id='block_1_1' title="bbox 48 1992 166 2040">
    <p class='ocr_par' dir='ltr' id='par_1_1' title="bbox 48 1992 166 2040">
     <span class='ocr_line' id='line_1_1' title="bbox 48 1992 166 2040; baseline -0.008 -19"><span class='ocrx_word' id='word_1_1' title='bbox 48 2034 53 2040; x_wconf 91' lang='lat'>..</span> <span class='ocrx_word' id='word_1_2' title='bbox 105 1992 166 2021; x_wconf 71' lang='grc' dir='ltr'><strong><em>διες.</em></strong></span> 
     </span>
    </p>
   </div>
   <div class='ocr_carea' id='block_1_2' title="bbox 306 185 1192 356">
    <p class='ocr_par' dir='ltr' id='par_1_2' title="bbox 306 185 1192 356">
     <span class='ocr_line' id='line_1_2' title="bbox 335 185 485 228; baseline -0.013 0"><span class='ocrx_word' id='word_1_3' title='bbox 335 185 339 187; x_wconf 72' lang='grc'><strong><em>’</em></strong></span> <span class='ocrx_word' id='word_1_4' title='bbox 383 190 485 228; x_wconf 81' lang='lat'>266</span> 
     </span>
     <span class='ocr_line' id='line_1_3' title="bbox 311 258 1192 308; baseline -0.006 -8"><span class='ocrx_word' id='word_1_5' title='bbox 311 265 367 300; x_wconf 91' lang='lat' dir='ltr'>bet</span> <span class='ocrx_word' id='word_1_6' title='bbox 378 276 435 308; x_wconf 90' lang='lat' dir='ltr'>pro</span> <span class='ocrx_word' id='word_1_7' title='bbox 446 262 615 308; x_wconf 60' lang='lat' dir='ltr'>apostatis.</span> <span class='ocrx_word' id='word_1_8' title='bbox 644 263 752 301; x_wconf 89' lang='lat' dir='ltr'>Addit</span> <span class='ocrx_word' id='word_1_9' title='bbox 772 262 837 300; x_wconf 82' lang='lat' dir='ltr'>hoc</span> <span class='ocrx_word' id='word_1_10' title='bbox 849 265 1005 299; x_wconf 83' lang='lat' dir='ltr'>nuntium</span> <span class='ocrx_word' id='word_1_11' title='bbox 1028 260 1122 295; x_wconf 76' lang='lat' dir='ltr'>fuisse</span> <span class='ocrx_word' id='word_1_12' title='bbox 1132 258 1192 295; x_wconf 84' lang='lat' dir='ltr'>fibi</span> 
     </span>
     <span class='ocr_line' id='line_1_4' title="bbox 306 309 1191 356; baseline -0.006 -8"><span class='ocrx_word' id='word_1_13' title='bbox 306 316 393 349; x_wconf 83' lang='lat' dir='ltr'>adeo</span> <span class='ocrx_word' id='word_1_14' title='bbox 404 314 521 349; x_wconf 83' lang='lat' dir='ltr'>mirum</span> <span class='ocrx_word' id='word_1_15' title='bbox 532 339 544 356; x_wconf 91' lang='lat'>,</span> <span class='ocrx_word' id='word_1_16' title='bbox 568 326 606 350; x_wconf 91' lang='lat' dir='ltr'>ut</span> <span class='ocrx_word' id='word_1_17' title='bbox 624 316 718 351; x_wconf 88' lang='lat' dir='ltr'>alteri</span> <span class='ocrx_word' id='word_1_18' title='bbox 739 315 891 350; x_wconf 78' lang='lat' dir='ltr'>referenti</span> <span class='ocrx_word' id='word_1_19' title='bbox 903 324 975 346; x_wconf 88' lang='lat' dir='ltr'>non</span> <span class='ocrx_word' id='word_1_20' title='bbox 985 309 1169 345; x_wconf 67' lang='lat' dir='ltr'>credidisset</span> <span class='ocrx_word' id='word_1_21' title='bbox 1181 335 1191 344; x_wconf 86' lang='lat'><strong>.</strong></span> 
     </span>
    </p>
   </div>
   <div class='ocr_carea' id='block_1_3' title="bbox 305 360 1192 459">
    <p class='ocr_par' dir='ltr' id='par_1_3' title="bbox 305 360 1192 459">
     <span class='ocr_line' id='line_1_5' title="bbox 305 360 1192 409; baseline -0.003 -11"><span class='ocrx_word' id='word_1_22' title='bbox 305 365 362 398; x_wconf 82' lang='lat' dir='ltr'>Ex</span> <span class='ocrx_word' id='word_1_23' title='bbox 386 377 453 409; x_wconf 91' lang='lat' dir='ltr'>quo</span> <span class='ocrx_word' id='word_1_24' title='bbox 477 366 567 401; x_wconf 85' lang='lat' dir='ltr'>vides</span> <span class='ocrx_word' id='word_1_25' title='bbox 577 365 803 401; x_wconf 82' lang='lat' dir='ltr'>Alexandrum</span> <span class='ocrx_word' id='word_1_26' title='bbox 823 361 1016 396; x_wconf 78' lang='lat' dir='ltr'>Maximino</span> <span class='ocrx_word' id='word_1_27' title='bbox 1040 360 1192 404; x_wconf 75' lang='lat' dir='ltr'>scripfiffe</span> 
     </span>
     <span class='ocr_line' id='line_1_6' title="bbox 306 410 1190 459; baseline -0.005 -10"><span class='ocrx_word' id='word_1_28' title='bbox 306 415 380 449; x_wconf 86' lang='lat' dir='ltr'>suas</span> <span class='ocrx_word' id='word_1_29' title='bbox 390 415 626 459; x_wconf 77' lang='lat' dir='ltr'>querimonias.</span> <span class='ocrx_word' id='word_1_30' title='bbox 654 412 828 453; x_wconf 77' lang='lat' dir='ltr'>Secundo,</span> <span class='ocrx_word' id='word_1_31' title='bbox 852 411 934 445; x_wconf 89' lang='lat' dir='ltr'>dicit</span> <span class='ocrx_word' id='word_1_32' title='bbox 946 410 1141 446; x_wconf 84' lang='lat' dir='ltr'>Alexandro</span> <span class='ocrx_word' id='word_1_33' title='bbox 1153 411 1190 445; x_wconf 93' lang='lat' dir='ltr'>in</span> 
     </span>
    </p>
   </div>
   <div class='ocr_carea' id='block_1_4' title="bbox 301 458 1219 560">
    <p class='ocr_par' dir='ltr' id='par_1_4' title="bbox 301 458 1219 560">
     <span class='ocr_line' id='line_1_7' title="bbox 303 458 1219 511; baseline -0.003 -13"><span class='ocrx_word' id='word_1_34' title='bbox 303 464 365 499; x_wconf 85' lang='lat' dir='ltr'>ista</span> <span class='ocrx_word' id='word_1_35' title='bbox 385 465 572 501; x_wconf 80' lang='lat' dir='ltr'>calamitate</span> <span class='ocrx_word' id='word_1_36' title='bbox 593 475 661 498; x_wconf 88' lang='lat' dir='ltr'>non</span> <span class='ocrx_word' id='word_1_37' title='bbox 678 463 781 499; x_wconf 73' lang='lat' dir='ltr'>deeffe</span> <span class='ocrx_word' id='word_1_38' title='bbox 795 462 926 497; x_wconf 86' lang='lat' dir='ltr'>socium</span> <span class='ocrx_word' id='word_1_39' title='bbox 946 475 958 495; x_wconf 73' lang='lat' dir='ltr'><em>s</em></span> <span class='ocrx_word' id='word_1_40' title='bbox 987 462 1031 496; x_wconf 86' lang='lat' dir='ltr'>Et</span> <span class='ocrx_word' id='word_1_41' title='bbox 1054 458 1189 505; x_wconf 85' lang='lat' dir='ltr'>quidem</span> <span class='ocrx_word' id='word_1_42' title='bbox 1217 509 1219 511; x_wconf 17' lang='grc' dir='ltr'><strong><em>ι</em></strong></span> 
     </span>
     <span class='ocr_line' id='line_1_8' title="bbox 301 511 1219 560; baseline -0.005 -11"><span class='ocrx_word' id='word_1_43' title='bbox 301 515 530 560; x_wconf 81' lang='lat' dir='ltr'>semetipsum.</span> <span class='ocrx_word' id='word_1_44' title='bbox 561 514 671 549; x_wconf 86' lang='lat' dir='ltr'>Etiam</span> <span class='ocrx_word' id='word_1_45' title='bbox 688 511 802 547; x_wconf 68' lang='lat' dir='ltr'>setall</span> <span class='ocrx_word' id='word_1_46' title='bbox 826 513 929 546; x_wconf 90' lang='lat' dir='ltr'>modo</span> <span class='ocrx_word' id='word_1_47' title='bbox 949 514 1014 547; x_wconf 77' lang='lat' dir='ltr'>effe</span> <span class='ocrx_word' id='word_1_48' title='bbox 1024 511 1189 548; x_wconf 82' lang='lat' dir='ltr'>desertum</span> <span class='ocrx_word' id='word_1_49' title='bbox 1216 520 1219 527; x_wconf 69' lang='lat'><strong>⁴</strong></span> 
     </span>
    </p>
   </div>
   <div class='ocr_carea' id='block_1_5' title="bbox 296 562 1188 759">
    <p class='ocr_par' dir='ltr' id='par_1_5' title="bbox 296 562 1188 759">
     <span class='ocr_line' id='line_1_9' title="bbox 300 562 1188 607; baseline -0.006 -5"><span class='ocrx_word' id='word_1_50' title='bbox 300 564 344 602; x_wconf 71' lang='lat' dir='ltr'>n&#39;b</span> <span class='ocrx_word' id='word_1_51' title='bbox 355 565 586 601; x_wconf 87' lang='lat' dir='ltr'>Alexandrino</span> <span class='ocrx_word' id='word_1_52' title='bbox 610 563 798 607; x_wconf 79' lang='lat' dir='ltr'>Episcopo,</span> <span class='ocrx_word' id='word_1_53' title='bbox 824 574 863 596; x_wconf 88' lang='lat' dir='ltr'>ac</span> <span class='ocrx_word' id='word_1_54' title='bbox 875 562 1010 600; x_wconf 80' lang='lat' dir='ltr'>Roffio.</span> <span class='ocrx_word' id='word_1_55' title='bbox 1037 562 1188 606; x_wconf 75' lang='lat' dir='ltr'>Julianus</span> 
     </span>
     <span class='ocr_line' id='line_1_10' title="bbox 299 612 1186 657; baseline -0.003 -6"><span class='ocrx_word' id='word_1_56' title='bbox 299 614 474 651; x_wconf 81' lang='lat' dir='ltr'>Roscensis</span> <span class='ocrx_word' id='word_1_57' title='bbox 493 616 529 649; x_wconf 87' lang='lat' dir='ltr'>in</span> <span class='ocrx_word' id='word_1_58' title='bbox 552 614 692 649; x_wconf 89' lang='lat' dir='ltr'>secunda</span> <span class='ocrx_word' id='word_1_59' title='bbox 718 612 842 647; x_wconf 86' lang='lat' dir='ltr'>Cilicia</span> <span class='ocrx_word' id='word_1_60' title='bbox 876 612 1056 657; x_wconf 85' lang='lat' dir='ltr'>Episcopus</span> <span class='ocrx_word' id='word_1_61' title='bbox 1081 612 1186 648; x_wconf 71' lang='lat' dir='ltr'>adfixit</span> 
     </span>
     <span class='ocr_line' id='line_1_11' title="bbox 298 661 1183 708; baseline -0.005 -8"><span class='ocrx_word' id='word_1_62' title='bbox 298 664 561 701; x_wconf 83' lang='lat' dir='ltr'>Chalcedonensi</span> <span class='ocrx_word' id='word_1_63' title='bbox 580 662 759 699; x_wconf 83' lang='lat' dir='ltr'>Concilio:</span> <span class='ocrx_word' id='word_1_64' title='bbox 787 661 845 697; x_wconf 90' lang='lat' dir='ltr'>An</span> <span class='ocrx_word' id='word_1_65' title='bbox 865 663 903 697; x_wconf 86' lang='lat' dir='ltr'>sit</span> <span class='ocrx_word' id='word_1_66' title='bbox 927 663 983 698; x_wconf 90' lang='lat' dir='ltr'>ille</span> <span class='ocrx_word' id='word_1_67' title='bbox 1004 689 1016 705; x_wconf 90' lang='lat'>‚</span> <span class='ocrx_word' id='word_1_68' title='bbox 1043 665 1183 708; x_wconf 90' lang='lat' dir='ltr'>ignoro.</span> 
     </span>
     <span class='ocr_line' id='line_1_12' title="bbox 296 712 1184 759; baseline -0.001 -10"><span class='ocrx_word' id='word_1_69' title='bbox 296 715 439 758; x_wconf 76' lang='lat' dir='ltr'>Tertio,</span> <span class='ocrx_word' id='word_1_70' title='bbox 465 716 603 751; x_wconf 70' lang='lat' dir='ltr'>affirmat</span> <span class='ocrx_word' id='word_1_71' title='bbox 626 723 758 748; x_wconf 81' lang='lat' dir='ltr'>caeteros</span> <span class='ocrx_word' id='word_1_72' title='bbox 782 712 858 747; x_wconf 83' lang='lat' dir='ltr'>suos</span> <span class='ocrx_word' id='word_1_73' title='bbox 884 714 1106 759; x_wconf 72' lang='lat' dir='ltr'>suffraganeos</span> <span class='ocrx_word' id='word_1_74' title='bbox 1116 726 1184 758; x_wconf 87' lang='lat' dir='ltr'>per-</span> 
     </span>
    </p>
   </div>
   <div class='ocr_carea' id='block_1_6' title="bbox 290 763 1220 963">
    <p class='ocr_par' dir='ltr' id='par_1_6' title="bbox 290 763 1220 967">
     <span class='ocr_line' id='line_1_13' title="bbox 295 763 1218 810; baseline 0 -11"><span class='ocrx_word' id='word_1_75' title='bbox 295 764 655 799; x_wconf 77' lang='lat' dir='ltr'>manerefirmiffimos.</span> <span class='ocrx_word' id='word_1_76' title='bbox 683 763 933 799; x_wconf 85' lang='lat' dir='ltr'>Secundaenim</span> <span class='ocrx_word' id='word_1_77' title='bbox 946 765 1066 799; x_wconf 87' lang='lat' dir='ltr'>Cilicia</span> <span class='ocrx_word' id='word_1_78' title='bbox 1076 766 1182 803; x_wconf 78' lang='lat' dir='ltr'>fuerat</span> <span class='ocrx_word' id='word_1_79' title='bbox 1215 805 1218 810; x_wconf 32' lang='lat'><em>⁷</em></span> 
     </span>
     <span class='ocr_line' id='line_1_14' title="bbox 293 813 1219 859; baseline 0 -11"><span class='ocrx_word' id='word_1_80' title='bbox 293 824 351 857; x_wconf 86' lang='lat' dir='ltr'>per</span> <span class='ocrx_word' id='word_1_81' title='bbox 362 813 585 859; x_wconf 80' lang='lat' dir='ltr'>Theodorum</span> <span class='ocrx_word' id='word_1_82' title='bbox 598 813 866 858; x_wconf 84' lang='lat' dir='ltr'>Mopsuestenum</span> <span class='ocrx_word' id='word_1_83' title='bbox 886 826 956 849; x_wconf 91' lang='lat' dir='ltr'>non</span> <span class='ocrx_word' id='word_1_84' title='bbox 967 815 1099 850; x_wconf 77' lang='lat' dir='ltr'>modice</span> <span class='ocrx_word' id='word_1_85' title='bbox 1112 827 1182 850; x_wconf 89' lang='lat' dir='ltr'>cor·</span> <span class='ocrx_word' id='word_1_86' title='bbox 1216 821 1219 848; x_wconf 64' lang='grc' dir='ltr'><em>ὲ</em></span> 
     </span>
     <span class='ocr_line' id='line_1_15' title="bbox 290 863 1220 910; baseline 0.002 -12"><span class='ocrx_word' id='word_1_87' title='bbox 290 873 406 907; x_wconf 81' lang='lat' dir='ltr'>rupta:</span> <span class='ocrx_word' id='word_1_88' title='bbox 429 863 580 909; x_wconf 76' lang='lat' dir='ltr'>ideoque</span> <span class='ocrx_word' id='word_1_89' title='bbox 591 863 784 903; x_wconf 84' lang='lat' dir='ltr'>admiranda</span> <span class='ocrx_word' id='word_1_90' title='bbox 804 876 877 901; x_wconf 83' lang='lat' dir='ltr'>uon</span> <span class='ocrx_word' id='word_1_91' title='bbox 898 865 1025 900; x_wconf 87' lang='lat' dir='ltr'>esthaec</span> <span class='ocrx_word' id='word_1_92' title='bbox 1043 866 1112 910; x_wconf 81' lang='lat' dir='ltr'>ejus</span> <span class='ocrx_word' id='word_1_93' title='bbox 1121 877 1180 909; x_wconf 80' lang='lat' dir='ltr'>pro</span> <span class='ocrx_word' id='word_1_94' title='bbox 1216 884 1220 910; x_wconf 82' lang='lat'>:</span> 
     </span>
     <span class='ocr_line' id='line_1_16' title="bbox 295 913 1179 963; baseline 0.003 -16"><span class='ocrx_word' id='word_1_95' title='bbox 295 913 454 951; x_wconf 85' lang='lat' dir='ltr'>Nestorio</span> <span class='ocrx_word' id='word_1_96' title='bbox 478 915 677 960; x_wconf 70' lang='lat' dir='ltr'>pertinacia.</span> <span class='ocrx_word' id='word_1_97' title='bbox 705 915 836 963; x_wconf 76' lang='lat' dir='ltr'>Qarto</span> <span class='ocrx_word' id='word_1_98' title='bbox 856 915 963 957; x_wconf 86' lang='lat' dir='ltr'>dicit,</span> <span class='ocrx_word' id='word_1_99' title='bbox 989 918 1080 961; x_wconf 87' lang='lat' dir='ltr'>quod</span> <span class='ocrx_word' id='word_1_100' title='bbox 1103 917 1179 951; x_wconf 88' lang='lat' dir='ltr'>vici·</span> 
     </span>
    </p>
   </div>
   <div class='ocr_carea' id='block_1_7' title="bbox 290 965 1179 1008">
    <p class='ocr_par' dir='ltr' id='par_1_7' title="bbox 290 965 1179 1008">
     <span class='ocr_line' id='line_1_17' title="bbox 290 965 1179 1008; baseline 0.001 -9"><span class='ocrx_word' id='word_1_101' title='bbox 290 975 412 999; x_wconf 84' lang='lat' dir='ltr'>norum</span> <span class='ocrx_word' id='word_1_102' title='bbox 433 965 602 1001; x_wconf 84' lang='lat' dir='ltr'>montium</span> <span class='ocrx_word' id='word_1_103' title='bbox 628 966 747 1001; x_wconf 84' lang='lat' dir='ltr'>incolae</span> <span class='ocrx_word' id='word_1_104' title='bbox 766 992 778 1008; x_wconf 93' lang='lat'>‚</span> <span class='ocrx_word' id='word_1_105' title='bbox 804 966 882 1002; x_wconf 90' lang='lat' dir='ltr'>licet</span> <span class='ocrx_word' id='word_1_106' title='bbox 904 978 974 1002; x_wconf 83' lang='lat' dir='ltr'>nou</span> <span class='ocrx_word' id='word_1_107' title='bbox 992 969 1096 1002; x_wconf 72' lang='lat' dir='ltr'>essent</span> <span class='ocrx_word' id='word_1_108' title='bbox 1116 968 1179 1001; x_wconf 85' lang='lat' dir='ltr'>suae</span> 
     </span>
    </p>
   </div>
   <div class='ocr_carea' id='block_1_8' title="bbox 286 1065 1178 1362">
    <p class='ocr_par' dir='ltr' id='par_1_8' title="bbox 286 1065 1178 1362">
     <span class='ocr_line' id='line_1_18' title="bbox 289 1065 1178 1110; baseline 0 -11"><span class='ocrx_word' id='word_1_109' title='bbox 289 1065 432 1110; x_wconf 87' lang='lat' dir='ltr'>ideoque</span> <span class='ocrx_word' id='word_1_110' title='bbox 443 1065 636 1101; x_wconf 83' lang='lat' dir='ltr'>sustinerent</span> <span class='ocrx_word' id='word_1_111' title='bbox 657 1067 762 1103; x_wconf 89' lang='lat' dir='ltr'>multa</span> <span class='ocrx_word' id='word_1_112' title='bbox 773 1067 937 1105; x_wconf 84' lang='lat' dir='ltr'>malorum</span> <span class='ocrx_word' id='word_1_113' title='bbox 950 1067 1054 1101; x_wconf 86' lang='lat' dir='ltr'>millia</span> <span class='ocrx_word' id='word_1_114' title='bbox 1069 1092 1076 1098; x_wconf 91' lang='lat'><em>.</em></span> <span class='ocrx_word' id='word_1_115' title='bbox 1104 1068 1178 1109; x_wconf 89' lang='lat' dir='ltr'>Spe·</span> 
     </span>
     <span class='ocr_line' id='line_1_19' title="bbox 289 1113 1174 1159; baseline 0 -10"><span class='ocrx_word' id='word_1_116' title='bbox 289 1113 420 1153; x_wconf 67' lang='lat' dir='ltr'>stabant</span> <span class='ocrx_word' id='word_1_117' title='bbox 441 1116 534 1150; x_wconf 89' lang='lat' dir='ltr'>enim</span> <span class='ocrx_word' id='word_1_118' title='bbox 554 1117 672 1159; x_wconf 85' lang='lat' dir='ltr'>partim</span> <span class='ocrx_word' id='word_1_119' title='bbox 693 1117 734 1150; x_wconf 89' lang='lat' dir='ltr'>ad</span> <span class='ocrx_word' id='word_1_120' title='bbox 759 1117 897 1159; x_wconf 85' lang='lat' dir='ltr'>primam</span> <span class='ocrx_word' id='word_1_121' title='bbox 909 1114 1174 1159; x_wconf 80' lang='lat' dir='ltr'>Cappadociam,</span> 
     </span>
     <span class='ocr_line' id='line_1_20' title="bbox 288 1164 1175 1211; baseline 0.002 -12"><span class='ocrx_word' id='word_1_122' title='bbox 288 1164 325 1199; x_wconf 81' lang='lat' dir='ltr'>in</span> <span class='ocrx_word' id='word_1_123' title='bbox 334 1176 398 1209; x_wconf 87' lang='lat' dir='ltr'>qua</span> <span class='ocrx_word' id='word_1_124' title='bbox 409 1165 539 1211; x_wconf 81' lang='lat' dir='ltr'><strong>Firmus</strong></span> <span class='ocrx_word' id='word_1_125' title='bbox 552 1164 766 1201; x_wconf 80' lang='lat' dir='ltr'>Caesaraeenfis</span> <span class='ocrx_word' id='word_1_126' title='bbox 777 1189 789 1206; x_wconf 91' lang='lat'>,</span> <span class='ocrx_word' id='word_1_127' title='bbox 815 1165 933 1209; x_wconf 88' lang='lat' dir='ltr'>partim</span> <span class='ocrx_word' id='word_1_128' title='bbox 944 1165 986 1200; x_wconf 88' lang='lat' dir='ltr'>ad</span> <span class='ocrx_word' id='word_1_129' title='bbox 1000 1165 1175 1201; x_wconf 80' lang='lat' dir='ltr'>secundam</span> 
     </span>
     <span class='ocr_line' id='line_1_21' title="bbox 287 1213 1175 1259; baseline 0.002 -10"><span class='ocrx_word' id='word_1_130' title='bbox 287 1213 484 1249; x_wconf 85' lang='lat' dir='ltr'>Armeniam</span> <span class='ocrx_word' id='word_1_131' title='bbox 508 1240 520 1257; x_wconf 90' lang='lat'>‚</span> <span class='ocrx_word' id='word_1_132' title='bbox 547 1216 583 1249; x_wconf 87' lang='lat' dir='ltr'>in</span> <span class='ocrx_word' id='word_1_133' title='bbox 606 1226 671 1259; x_wconf 88' lang='lat' dir='ltr'>qua</span> <span class='ocrx_word' id='word_1_134' title='bbox 695 1214 839 1253; x_wconf 81' lang='lat' dir='ltr'>Aeacius</span> <span class='ocrx_word' id='word_1_135' title='bbox 863 1215 1087 1253; x_wconf 89' lang='lat' dir='ltr'>Melitinenfis</span> <span class='ocrx_word' id='word_1_136' title='bbox 1107 1226 1175 1251; x_wconf 87' lang='lat' dir='ltr'>erat</span> 
     </span>
     <span class='ocr_line' id='line_1_22' title="bbox 286 1265 1175 1310; baseline 0.002 -11"><span class='ocrx_word' id='word_1_137' title='bbox 286 1265 508 1310; x_wconf 85' lang='lat' dir='ltr'>Metropolita</span> <span class='ocrx_word' id='word_1_138' title='bbox 528 1288 536 1298; x_wconf 84' lang='lat'><em>.</em></span> <span class='ocrx_word' id='word_1_139' title='bbox 564 1265 616 1299; x_wconf 89' lang='lat' dir='ltr'>Hi</span> <span class='ocrx_word' id='word_1_140' title='bbox 643 1265 713 1302; x_wconf 92' lang='lat' dir='ltr'>duo</span> <span class='ocrx_word' id='word_1_141' title='bbox 745 1275 841 1301; x_wconf 85' lang='lat' dir='ltr'>erant</span> <span class='ocrx_word' id='word_1_142' title='bbox 871 1266 942 1302; x_wconf 90' lang='lat' dir='ltr'>duo</span> <span class='ocrx_word' id='word_1_143' title='bbox 967 1266 1175 1303; x_wconf 84' lang='lat' dir='ltr'>firmamenta.</span> 
     </span>
     <span class='ocr_line' id='line_1_23' title="bbox 289 1314 1175 1362; baseline 0.002 -12"><span class='ocrx_word' id='word_1_144' title='bbox 289 1314 446 1360; x_wconf 83' lang='lat' dir='ltr'>Ephesmi</span> <span class='ocrx_word' id='word_1_145' title='bbox 468 1315 619 1351; x_wconf 88' lang='lat' dir='ltr'>Concilii</span> <span class='ocrx_word' id='word_1_146' title='bbox 640 1341 652 1358; x_wconf 87' lang='lat'>,</span> <span class='ocrx_word' id='word_1_147' title='bbox 677 1316 819 1362; x_wconf 89' lang='lat' dir='ltr'>ideoque</span> <span class='ocrx_word' id='word_1_148' title='bbox 840 1316 920 1353; x_wconf 85' lang='lat' dir='ltr'>istos</span> <span class='ocrx_word' id='word_1_149' title='bbox 938 1318 1013 1352; x_wconf 88' lang='lat' dir='ltr'>suos</span> <span class='ocrx_word' id='word_1_150' title='bbox 1030 1316 1175 1352; x_wconf 88' lang='lat' dir='ltr'>subditos</span> 
     </span>
    </p>
   </div>
   <div class='ocr_carea' id='block_1_9' title="bbox 285 1366 1217 1466">
    <p class='ocr_par' dir='ltr' id='par_1_9' title="bbox 285 1366 1217 1466">
     <span class='ocr_line' id='line_1_24' title="bbox 285 1366 1216 1428; baseline 0.001 -28"><span class='ocrx_word' id='word_1_151' title='bbox 285 1374 355 1401; x_wconf 83' lang='lat' dir='ltr'>non</span> <span class='ocrx_word' id='word_1_152' title='bbox 377 1377 506 1402; x_wconf 90' lang='lat' dir='ltr'>tantum</span> <span class='ocrx_word' id='word_1_153' title='bbox 527 1367 688 1407; x_wconf 84' lang='lat' dir='ltr'>suaviter,</span> <span class='ocrx_word' id='word_1_154' title='bbox 716 1368 769 1402; x_wconf 90' lang='lat' dir='ltr'>sed</span> <span class='ocrx_word' id='word_1_155' title='bbox 794 1368 895 1403; x_wconf 90' lang='lat' dir='ltr'>etiam</span> <span class='ocrx_word' id='word_1_156' title='bbox 918 1368 1056 1428; x_wconf 61' lang='lat' dir='ltr'>fortiterx</span> <span class='ocrx_word' id='word_1_157' title='bbox 1071 1366 1175 1402; x_wconf 87' lang='lat' dir='ltr'>stude·</span> <span class='ocrx_word' id='word_1_158' title='bbox 1204 1402 1216 1415; x_wconf 68' lang='lat'>‚-</span> 
     </span>
     <span class='ocr_line' id='line_1_25' title="bbox 924 1417 1217 1466; baseline -0.003 -14"><span class='ocrx_word' id='word_1_159' title='bbox 924 1418 1060 1466; x_wconf 83' lang='lat' dir='ltr'>Qinto</span> <span class='ocrx_word' id='word_1_160' title='bbox 1072 1417 1175 1457; x_wconf 88' lang='lat' dir='ltr'>dicit,</span> <span class='ocrx_word' id='word_1_161' title='bbox 1216 1431 1217 1434; x_wconf 45' lang='lat'>¹</span> 
     </span>
    </p>
   </div>
   <div class='ocr_carea' id='block_1_10' title="bbox 45 1416 1181 3261">
    <p class='ocr_par' dir='ltr' id='par_1_10' title="bbox 45 1416 1181 3261">
     <span class='ocr_line' id='line_1_26' title="bbox 284 1416 898 1454; baseline 0.005 -3"><span class='ocrx_word' id='word_1_162' title='bbox 284 1416 364 1454; x_wconf 86' lang='lat' dir='ltr'>bant</span> <span class='ocrx_word' id='word_1_163' title='bbox 375 1416 416 1452; x_wconf 87' lang='lat' dir='ltr'>ad</span> <span class='ocrx_word' id='word_1_164' title='bbox 430 1419 541 1453; x_wconf 80' lang='lat' dir='ltr'>sanam</span> <span class='ocrx_word' id='word_1_165' title='bbox 553 1427 700 1452; x_wconf 85' lang='lat' dir='ltr'>mentem</span> <span class='ocrx_word' id='word_1_166' title='bbox 723 1417 878 1454; x_wconf 81' lang='lat' dir='ltr'>reducere</span> <span class='ocrx_word' id='word_1_167' title='bbox 889 1443 898 1453; x_wconf 83' lang='lat'>.</span> 
     </span>
     <span class='ocr_line' id='line_1_27' title="bbox 283 1467 1175 1515; baseline 0.001 -14"><span class='ocrx_word' id='word_1_168' title='bbox 283 1468 375 1515; x_wconf 72' lang='lat' dir='ltr'>quod</span> <span class='ocrx_word' id='word_1_169' title='bbox 386 1469 434 1502; x_wconf 90' lang='lat' dir='ltr'>sui</span> <span class='ocrx_word' id='word_1_170' title='bbox 444 1468 584 1509; x_wconf 87' lang='lat' dir='ltr'>Cilices,</span> <span class='ocrx_word' id='word_1_171' title='bbox 613 1467 671 1513; x_wconf 89' lang='lat' dir='ltr'>qui</span> <span class='ocrx_word' id='word_1_172' title='bbox 695 1469 891 1514; x_wconf 87' lang='lat' dir='ltr'>negotiandi</span> <span class='ocrx_word' id='word_1_173' title='bbox 911 1469 1006 1503; x_wconf 85' lang='lat' dir='ltr'>causa</span> <span class='ocrx_word' id='word_1_174' title='bbox 1028 1468 1175 1511; x_wconf 85' lang='lat' dir='ltr'>quando-</span> 
     </span>
     <span class='ocr_line' id='line_1_28' title="bbox 281 1518 1174 1562; baseline 0.002 -11"><span class='ocrx_word' id='word_1_175' title='bbox 281 1527 348 1560; x_wconf 87' lang='lat' dir='ltr'>que</span> <span class='ocrx_word' id='word_1_176' title='bbox 369 1518 548 1561; x_wconf 70' lang='lat' dir='ltr'>transibant</span> <span class='ocrx_word' id='word_1_177' title='bbox 574 1518 611 1551; x_wconf 88' lang='lat' dir='ltr'>in</span> <span class='ocrx_word' id='word_1_178' title='bbox 639 1519 782 1562; x_wconf 74' lang='lat' dir='ltr'>praefatas</span> <span class='ocrx_word' id='word_1_179' title='bbox 802 1519 991 1562; x_wconf 86' lang='lat' dir='ltr'>provincias</span> <span class='ocrx_word' id='word_1_180' title='bbox 1012 1543 1024 1559; x_wconf 91' lang='lat'>,</span> <span class='ocrx_word' id='word_1_181' title='bbox 1060 1519 1174 1554; x_wconf 77' lang='lat' dir='ltr'>acerbe</span> 
     </span>
     <span class='ocr_line' id='line_1_29' title="bbox 108 1567 1173 1626; baseline 0.003 -26"><span class='ocrx_word' id='word_1_182' title='bbox 108 1591 258 1626; x_wconf 56' lang='lat' dir='ltr'>AdmNm,</span> <span class='ocrx_word' id='word_1_183' title='bbox 283 1569 495 1601; x_wconf 68' lang='lat' dir='ltr'>trastarentur</span> <span class='ocrx_word' id='word_1_184' title='bbox 516 1567 558 1602; x_wconf 90' lang='lat' dir='ltr'>ab</span> <span class='ocrx_word' id='word_1_185' title='bbox 569 1567 693 1603; x_wconf 87' lang='lat' dir='ltr'>eisdem</span> <span class='ocrx_word' id='word_1_186' title='bbox 710 1569 901 1613; x_wconf 89' lang='lat' dir='ltr'>Episcopis.</span> <span class='ocrx_word' id='word_1_187' title='bbox 930 1568 1056 1608; x_wconf 75' lang='lat' dir='ltr'>Sexto,</span> <span class='ocrx_word' id='word_1_188' title='bbox 1083 1569 1173 1613; x_wconf 89' lang='lat' dir='ltr'>quod</span> 
     </span>
     <span class='ocr_line' id='line_1_30' title="bbox 108 1613 1173 1664; baseline 0.004 -15"><span class='ocrx_word' id='word_1_189' title='bbox 108 1630 183 1664; x_wconf 58' lang='lat' dir='ltr'>Vide</span> <span class='ocrx_word' id='word_1_190' title='bbox 218 1613 269 1662; x_wconf 53' lang='lat' dir='ltr'>huj</span> <span class='ocrx_word' id='word_1_191' title='bbox 284 1616 431 1663; x_wconf 77' lang='lat' dir='ltr'>praefatus</span> <span class='ocrx_word' id='word_1_192' title='bbox 443 1617 571 1651; x_wconf 85' lang='lat' dir='ltr'>Firmus</span> <span class='ocrx_word' id='word_1_193' title='bbox 591 1617 632 1655; x_wconf 82' lang='lat' dir='ltr'>ad</span> <span class='ocrx_word' id='word_1_194' title='bbox 651 1617 759 1662; x_wconf 89' lang='lat' dir='ltr'>ipsum</span> <span class='ocrx_word' id='word_1_195' title='bbox 780 1618 965 1663; x_wconf 78' lang='lat' dir='ltr'>scripsisset:</span> <span class='ocrx_word' id='word_1_196' title='bbox 994 1619 1125 1662; x_wconf 91' lang='lat' dir='ltr'>Nempe</span> <span class='ocrx_word' id='word_1_197' title='bbox 1137 1630 1173 1653; x_wconf 94' lang='lat' dir='ltr'>ut</span> 
     </span>
     <span class='ocr_line' id='line_1_31' title="bbox 105 1666 1172 1713; baseline 0.002 -12"><span class='ocrx_word' id='word_1_198' title='bbox 105 1673 153 1710; x_wconf 83' lang='lat' dir='ltr'>jus</span> <span class='ocrx_word' id='word_1_199' title='bbox 163 1670 268 1706; x_wconf 56' lang='grc' dir='ltr'>Λᾶν,</span> <span class='ocrx_word' id='word_1_200' title='bbox 284 1666 363 1701; x_wconf 84' lang='lat' dir='ltr'>istos</span> <span class='ocrx_word' id='word_1_201' title='bbox 384 1668 459 1701; x_wconf 91' lang='lat' dir='ltr'>suos</span> <span class='ocrx_word' id='word_1_202' title='bbox 470 1676 651 1702; x_wconf 88' lang='lat' dir='ltr'>montanos</span> <span class='ocrx_word' id='word_1_203' title='bbox 661 1669 792 1703; x_wconf 74' lang='lat' dir='ltr'>cessaret</span> <span class='ocrx_word' id='word_1_204' title='bbox 811 1679 1016 1713; x_wconf 88' lang='lat' dir='ltr'>corrumpere</span> <span class='ocrx_word' id='word_1_205' title='bbox 1038 1693 1045 1701; x_wconf 90' lang='lat'>.</span> <span class='ocrx_word' id='word_1_206' title='bbox 1073 1670 1172 1712; x_wconf 88' lang='lat' dir='ltr'>Septi-</span> 
     </span>
     <span class='ocr_line' id='line_1_32' title="bbox 107 1711 1173 1764; baseline 0.003 -13"><span class='ocrx_word' id='word_1_207' title='bbox 107 1712 160 1743; x_wconf 62' lang='lat' dir='ltr'>ubi</span> <span class='ocrx_word' id='word_1_208' title='bbox 181 1711 267 1758; x_wconf 45' lang='lat' dir='ltr'>Joarp</span> <span class='ocrx_word' id='word_1_209' title='bbox 283 1715 358 1758; x_wconf 72' lang='lat' dir='ltr'>md,</span> <span class='ocrx_word' id='word_1_210' title='bbox 387 1717 476 1761; x_wconf 90' lang='lat' dir='ltr'>quod</span> <span class='ocrx_word' id='word_1_211' title='bbox 497 1717 601 1752; x_wconf 87' lang='lat' dir='ltr'>Firmi</span> <span class='ocrx_word' id='word_1_212' title='bbox 625 1718 770 1760; x_wconf 81' lang='lat' dir='ltr'>litteras,</span> <span class='ocrx_word' id='word_1_213' title='bbox 799 1719 977 1764; x_wconf 87' lang='lat' dir='ltr'>nequidem</span> <span class='ocrx_word' id='word_1_214' title='bbox 997 1719 1173 1754; x_wconf 87' lang='lat' dir='ltr'>admittere</span> 
     </span>
     <span class='ocr_line' id='line_1_33' title="bbox 101 1750 1171 1822; baseline 0.002 -20"><span class='ocrx_word' id='word_1_215' title='bbox 101 1750 268 1822; x_wconf 48' lang='grc' dir='ltr'>ᾗῗῃῗὶῗῃζξ</span> <span class='ocrx_word' id='word_1_216' title='bbox 283 1767 429 1803; x_wconf 83' lang='lat' dir='ltr'>voluerit</span> <span class='ocrx_word' id='word_1_217' title='bbox 447 1791 460 1808; x_wconf 86' lang='lat'>,</span> <span class='ocrx_word' id='word_1_218' title='bbox 488 1766 589 1812; x_wconf 61' lang='lat' dir='ltr'>long&amp;</span> <span class='ocrx_word' id='word_1_219' title='bbox 619 1768 731 1803; x_wconf 74' lang='lat' dir='ltr'>minus</span> <span class='ocrx_word' id='word_1_220' title='bbox 757 1769 954 1813; x_wconf 84' lang='lat' dir='ltr'>respondere</span> <span class='ocrx_word' id='word_1_221' title='bbox 975 1795 984 1805; x_wconf 86' lang='lat'>.</span> <span class='ocrx_word' id='word_1_222' title='bbox 1021 1769 1171 1814; x_wconf 70' lang='grc' dir='ltr'><strong>Οέὶινό,</strong></span> 
     </span>
     <span class='ocr_line' id='line_1_34' title="bbox 104 1790 1174 1863; baseline 0.004 -13"><span class='ocrx_word' id='word_1_223' title='bbox 104 1830 191 1862; x_wconf 82' lang='lat' dir='ltr'>verba</span> <span class='ocrx_word' id='word_1_224' title='bbox 217 1790 265 1862; x_wconf 52' lang='grc' dir='ltr'>ἐς</span> <span class='ocrx_word' id='word_1_225' title='bbox 283 1817 374 1861; x_wconf 86' lang='lat' dir='ltr'>quod</span> <span class='ocrx_word' id='word_1_226' title='bbox 386 1815 448 1852; x_wconf 86' lang='lat' dir='ltr'>hac</span> <span class='ocrx_word' id='word_1_227' title='bbox 469 1816 615 1852; x_wconf 77' lang='lat' dir='ltr'>decausa</span> <span class='ocrx_word' id='word_1_228' title='bbox 636 1818 769 1854; x_wconf 85' lang='lat' dir='ltr'>sitinter</span> <span class='ocrx_word' id='word_1_229' title='bbox 792 1819 880 1862; x_wconf 89' lang='lat' dir='ltr'>ipsos</span> <span class='ocrx_word' id='word_1_230' title='bbox 891 1817 1100 1863; x_wconf 86' lang='lat' dir='ltr'>implacabile</span> <span class='ocrx_word' id='word_1_231' title='bbox 1109 1818 1174 1855; x_wconf 86' lang='lat' dir='ltr'>bel·</span> 
     </span>
     <span class='ocr_line' id='line_1_35' title="bbox 103 1865 1174 1911; baseline 0.002 -9"><span class='ocrx_word' id='word_1_232' title='bbox 103 1870 207 1902; x_wconf 80' lang='lat' dir='ltr'>Leonis</span> <span class='ocrx_word' id='word_1_233' title='bbox 217 1871 266 1902; x_wconf 87' lang='lat' dir='ltr'>ad·</span> <span class='ocrx_word' id='word_1_234' title='bbox 281 1868 370 1901; x_wconf 89' lang='lat' dir='ltr'>lum.</span> <span class='ocrx_word' id='word_1_235' title='bbox 398 1867 462 1902; x_wconf 86' lang='lat' dir='ltr'>Per</span> <span class='ocrx_word' id='word_1_236' title='bbox 480 1865 618 1906; x_wconf 67' lang='lat' dir='ltr'>haeesna</span> <span class='ocrx_word' id='word_1_237' title='bbox 643 1868 744 1911; x_wconf 85' lang='lat' dir='ltr'>impia</span> <span class='ocrx_word' id='word_1_238' title='bbox 765 1868 912 1904; x_wconf 87' lang='lat' dir='ltr'>facinora</span> <span class='ocrx_word' id='word_1_239' title='bbox 934 1880 1072 1904; x_wconf 82' lang='lat' dir='ltr'>conatur</span> <span class='ocrx_word' id='word_1_240' title='bbox 1095 1869 1174 1904; x_wconf 82' lang='lat' dir='ltr'>Ale-</span> 
     </span>
     <span class='ocr_line' id='line_1_36' title="bbox 104 1910 836 1961; baseline 0 -10"><span class='ocrx_word' id='word_1_241' title='bbox 104 1910 182 1941; x_wconf 69' lang='lat' dir='ltr'>deda</span> <span class='ocrx_word' id='word_1_242' title='bbox 201 1920 263 1947; x_wconf 84' lang='lat' dir='ltr'>pro·</span> <span class='ocrx_word' id='word_1_243' title='bbox 279 1916 410 1953; x_wconf 82' lang='lat' dir='ltr'>xandro</span> <span class='ocrx_word' id='word_1_244' title='bbox 421 1917 546 1953; x_wconf 87' lang='lat' dir='ltr'>adferre</span> <span class='ocrx_word' id='word_1_245' title='bbox 567 1917 693 1961; x_wconf 90' lang='lat' dir='ltr'>aliquid</span> <span class='ocrx_word' id='word_1_246' title='bbox 706 1918 814 1954; x_wconf 88' lang='lat' dir='ltr'>solatii</span> <span class='ocrx_word' id='word_1_247' title='bbox 829 1944 836 1951; x_wconf 94' lang='lat'><strong>.</strong></span> 
     </span>
     <span class='ocr_line' id='line_1_37' title="bbox 104 1951 1172 2010; baseline 0.002 -9"><span class='ocrx_word' id='word_1_248' title='bbox 104 1951 242 1985; x_wconf 46' lang='lat' dir='ltr'>‘amur’</span> <span class='ocrx_word' id='word_1_249' title='bbox 332 1969 435 2001; x_wconf 83' lang='lat' dir='ltr'>Extat</span> <span class='ocrx_word' id='word_1_250' title='bbox 444 1966 657 2003; x_wconf 86' lang='lat' dir='ltr'>Theodoreti</span> <span class='ocrx_word' id='word_1_251' title='bbox 678 1968 721 2001; x_wconf 84' lang='lat' dir='ltr'>ad</span> <span class='ocrx_word' id='word_1_252' title='bbox 745 1968 909 2010; x_wconf 77' lang='lat' dir='ltr'>Ioannem</span> <span class='ocrx_word' id='word_1_253' title='bbox 927 1970 1172 2004; x_wconf 89' lang='lat' dir='ltr'>Germanicien-</span> 
     </span>
     <span class='ocr_line' id='line_1_38' title="bbox 45 2015 1173 2061; baseline -0.002 -8"><span class='ocrx_word' id='word_1_254' title='bbox 45 2043 55 2061; x_wconf 33' lang='grc' dir='ltr'>Δ,</span> <span class='ocrx_word' id='word_1_255' title='bbox 281 2017 347 2051; x_wconf 85' lang='lat' dir='ltr'>sem</span> <span class='ocrx_word' id='word_1_256' title='bbox 364 2015 512 2058; x_wconf 84' lang='lat' dir='ltr'>Epistola</span> <span class='ocrx_word' id='word_1_257' title='bbox 526 2041 538 2056; x_wconf 89' lang='lat'>,</span> <span class='ocrx_word' id='word_1_258' title='bbox 562 2016 656 2060; x_wconf 90' lang='lat' dir='ltr'>cujus</span> <span class='ocrx_word' id='word_1_259' title='bbox 674 2017 721 2051; x_wconf 88' lang='lat' dir='ltr'>est</span> <span class='ocrx_word' id='word_1_260' title='bbox 746 2019 923 2052; x_wconf 83' lang='lat' dir='ltr'>exordium</span> <span class='ocrx_word' id='word_1_261' title='bbox 936 2032 948 2054; x_wconf 82' lang='grc'>.·</span> <span class='ocrx_word' id='word_1_262' title='bbox 974 2023 1173 2052; x_wconf 81' lang='lat' dir='ltr'>Immemorem</span> 
     </span>
     <span class='ocr_line' id='line_1_39' title="bbox 104 2064 1172 2109; baseline -0.002 -8"><span class='ocrx_word' id='word_1_263' title='bbox 104 2069 189 2109; x_wconf 79' lang='lat' dir='ltr'>Epist.</span> <span class='ocrx_word' id='word_1_264' title='bbox 200 2080 231 2109; x_wconf 84' lang='lat'>13</span> <span class='ocrx_word' id='word_1_265' title='bbox 237 2079 269 2108; x_wconf 83' lang='lat'>3.</span> <span class='ocrx_word' id='word_1_266' title='bbox 281 2075 312 2100; x_wconf 85' lang='lat' dir='ltr'>te</span> <span class='ocrx_word' id='word_1_267' title='bbox 322 2071 466 2100; x_wconf 80' lang='lat' dir='ltr'>amicitiae</span> <span class='ocrx_word' id='word_1_268' title='bbox 476 2065 580 2106; x_wconf 82' lang='lat' dir='ltr'>nostrae</span> <span class='ocrx_word' id='word_1_269' title='bbox 591 2077 649 2100; x_wconf 77' lang='lat' dir='ltr'>non</span> <span class='ocrx_word' id='word_1_270' title='bbox 658 2065 709 2108; x_wconf 80' lang='lat' dir='ltr'>effe</span> <span class='ocrx_word' id='word_1_271' title='bbox 717 2064 848 2108; x_wconf 80' lang='lat' dir='ltr'>sciebam</span> <span class='ocrx_word' id='word_1_272' title='bbox 858 2068 992 2108; x_wconf 78' lang='lat' dir='ltr'>equidem</span> <span class='ocrx_word' id='word_1_273' title='bbox 1004 2091 1016 2107; x_wconf 92' lang='lat'>‚</span> <span class='ocrx_word' id='word_1_274' title='bbox 1042 2069 1077 2100; x_wconf 69' lang='grc' dir='ltr'>Θ·</span> <span class='ocrx_word' id='word_1_275' title='bbox 1086 2069 1172 2109; x_wconf 86' lang='lat' dir='ltr'>liqui-</span> 
     </span>
     <span class='ocr_line' id='line_1_40' title="bbox 307 2116 1174 2162; baseline 0 -12"><span class='ocrx_word' id='word_1_276' title='bbox 307 2119 322 2150; x_wconf 81' lang='grc' dir='ltr'><strong>ὀ</strong></span> <span class='ocrx_word' id='word_1_277' title='bbox 335 2122 408 2151; x_wconf 85' lang='lat' dir='ltr'>novi</span> <span class='ocrx_word' id='word_1_278' title='bbox 420 2141 426 2148; x_wconf 94' lang='lat'>.</span> <span class='ocrx_word' id='word_1_279' title='bbox 454 2116 513 2149; x_wconf 81' lang='lat' dir='ltr'>sed</span> <span class='ocrx_word' id='word_1_280' title='bbox 521 2127 572 2160; x_wconf 83' lang='lat' dir='ltr'>ego</span> <span class='ocrx_word' id='word_1_281' title='bbox 583 2117 762 2159; x_wconf 79' lang='lat' dir='ltr'>Religionem</span> <span class='ocrx_word' id='word_1_282' title='bbox 784 2125 870 2151; x_wconf 85' lang='lat' dir='ltr'>tuam</span> <span class='ocrx_word' id='word_1_283' title='bbox 881 2116 1019 2151; x_wconf 78' lang='lat' dir='ltr'>volebam</span> <span class='ocrx_word' id='word_1_284' title='bbox 1036 2119 1075 2152; x_wconf 75' lang='lat'><em>&amp;</em></span> <span class='ocrx_word' id='word_1_285' title='bbox 1086 2125 1174 2162; x_wconf 86' lang='lat' dir='ltr'>opta·</span> 
     </span>
     <span class='ocr_line' id='line_1_41' title="bbox 303 2165 1172 2210; baseline 0.001 -10"><span class='ocrx_word' id='word_1_286' title='bbox 303 2179 353 2200; x_wconf 90' lang='lat' dir='ltr'>am</span> <span class='ocrx_word' id='word_1_287' title='bbox 370 2178 433 2200; x_wconf 86' lang='lat' dir='ltr'>rem</span> <span class='ocrx_word' id='word_1_288' title='bbox 446 2165 786 2208; x_wconf 74' lang='lat' dir='ltr'>perfec‘lampraessare‚</span> <span class='ocrx_word' id='word_1_289' title='bbox 809 2172 1094 2210; x_wconf 68' lang='lat' dir='ltr'>communionemque</span> <span class='ocrx_word' id='word_1_290' title='bbox 1108 2168 1172 2201; x_wconf 78' lang='lat' dir='ltr'>mo·</span> 
     </span>
     <span class='ocr_line' id='line_1_42' title="bbox 281 2208 1181 2258; baseline -0.001 -7"><span class='ocrx_word' id='word_1_291' title='bbox 281 2229 351 2251; x_wconf 81' lang='lat' dir='ltr'>rum</span> <span class='ocrx_word' id='word_1_292' title='bbox 360 2216 470 2258; x_wconf 81' lang='lat' dir='ltr'>fugere</span> <span class='ocrx_word' id='word_1_293' title='bbox 481 2238 492 2255; x_wconf 94' lang='lat'>,</span> <span class='ocrx_word' id='word_1_294' title='bbox 517 2219 574 2255; x_wconf 80' lang='lat' dir='ltr'>qui.</span> <span class='ocrx_word' id='word_1_295' title='bbox 589 2219 738 2255; x_wconf 84' lang='lat' dir='ltr'>pietatem</span> <span class='ocrx_word' id='word_1_296' title='bbox 753 2217 950 2254; x_wconf 75' lang='lat' dir='ltr'>prodiderunt</span> <span class='ocrx_word' id='word_1_297' title='bbox 968 2238 980 2255; x_wconf 91' lang='lat'>,</span> <span class='ocrx_word' id='word_1_298' title='bbox 1006 2208 1181 2251; x_wconf 66' lang='lat' dir='ltr'>&amp;univer-⁴</span> 
     </span>
     <span class='ocr_line' id='line_1_43' title="bbox 277 2262 1171 2311; baseline 0 -12"><span class='ocrx_word' id='word_1_299' title='bbox 277 2265 381 2311; x_wconf 77' lang='lat' dir='ltr'>sorum</span> <span class='ocrx_word' id='word_1_300' title='bbox 399 2262 709 2307; x_wconf 75' lang='lat' dir='ltr'>Creatorisufieptam</span> <span class='ocrx_word' id='word_1_301' title='bbox 732 2264 866 2298; x_wconf 73' lang='lat' dir='ltr'>donabis</span> <span class='ocrx_word' id='word_1_302' title='bbox 877 2275 979 2299; x_wconf 80' lang='lat' dir='ltr'>curam</span> <span class='ocrx_word' id='word_1_303' title='bbox 987 2263 1171 2308; x_wconf 72' lang='lat' dir='ltr'>adscribere.</span> 
     </span>
     <span class='ocr_line' id='line_1_44' title="bbox 281 2314 1172 2360; baseline -0.001 -9"><span class='ocrx_word' id='word_1_304' title='bbox 281 2316 439 2352; x_wconf 85' lang='lat' dir='ltr'>Affirmat</span> <span class='ocrx_word' id='word_1_305' title='bbox 463 2315 632 2359; x_wconf 89' lang='lat' dir='ltr'>quietem,</span> <span class='ocrx_word' id='word_1_306' title='bbox 658 2314 694 2348; x_wconf 88' lang='lat' dir='ltr'>in</span> <span class='ocrx_word' id='word_1_307' title='bbox 720 2325 785 2358; x_wconf 83' lang='lat' dir='ltr'>qua</span> <span class='ocrx_word' id='word_1_308' title='bbox 808 2324 890 2349; x_wconf 89' lang='lat' dir='ltr'>tunc</span> <span class='ocrx_word' id='word_1_309' title='bbox 910 2314 1051 2360; x_wconf 84' lang='lat' dir='ltr'>degebat</span> <span class='ocrx_word' id='word_1_310' title='bbox 1069 2339 1081 2356; x_wconf 90' lang='lat'>,</span> <span class='ocrx_word' id='word_1_311' title='bbox 1107 2317 1172 2350; x_wconf 79' lang='lat' dir='ltr'>effe</span> 
     </span>
     <span class='ocr_line' id='line_1_45' title="bbox 283 2365 1180 2411; baseline -0.004 -9"><span class='ocrx_word' id='word_1_312' title='bbox 283 2366 344 2403; x_wconf 86' lang='lat' dir='ltr'>fibi</span> <span class='ocrx_word' id='word_1_313' title='bbox 360 2366 570 2411; x_wconf 68' lang='lat' dir='ltr'>gratissimam</span> <span class='ocrx_word' id='word_1_314' title='bbox 583 2389 594 2406; x_wconf 93' lang='lat'>,</span> <span class='ocrx_word' id='word_1_315' title='bbox 620 2375 659 2399; x_wconf 85' lang='lat' dir='ltr'>ac</span> <span class='ocrx_word' id='word_1_316' title='bbox 679 2365 807 2410; x_wconf 87' lang='lat' dir='ltr'>pergit:</span> <span class='ocrx_word' id='word_1_317' title='bbox 833 2369 941 2401; x_wconf 77' lang='lat' dir='ltr'>Docere</span> <span class='ocrx_word' id='word_1_318' title='bbox 965 2366 1086 2408; x_wconf 80' lang='lat' dir='ltr'>quidem</span> <span class='ocrx_word' id='word_1_319' title='bbox 1104 2370 1180 2405; x_wconf 74' lang='lat' dir='ltr'>eos,</span> 
     </span>
     <span class='ocr_line' id='line_1_46' title="bbox 248 2414 1170 2461; baseline -0.002 -10"><span class='ocrx_word' id='word_1_320' title='bbox 248 2457 250 2459; x_wconf 7' lang='lat' dir='ltr'>p</span> <span class='ocrx_word' id='word_1_321' title='bbox 282 2417 471 2461; x_wconf 66' lang='lat' dir='ltr'>quiiael&#39;atis</span> <span class='ocrx_word' id='word_1_322' title='bbox 493 2422 526 2449; x_wconf 88' lang='lat' dir='ltr'>in</span> <span class='ocrx_word' id='word_1_323' title='bbox 537 2427 592 2449; x_wconf 82' lang='lat' dir='ltr'>nos</span> <span class='ocrx_word' id='word_1_324' title='bbox 613 2417 772 2450; x_wconf 72' lang='lat' dir='ltr'>calumniis</span> <span class='ocrx_word' id='word_1_325' title='bbox 796 2416 920 2450; x_wconf 72' lang='lat' dir='ltr'>adduc‘Ii</span> <span class='ocrx_word' id='word_1_326' title='bbox 931 2414 1024 2459; x_wconf 79' lang='lat' dir='ltr'>sunt,</span> <span class='ocrx_word' id='word_1_327' title='bbox 1050 2415 1170 2458; x_wconf 82' lang='lat' dir='ltr'>necessa-</span> 
     </span>
     <span class='ocr_line' id='line_1_47' title="bbox 282 2467 1180 2511; baseline -0.003 -9"><span class='ocrx_word' id='word_1_328' title='bbox 282 2475 365 2502; x_wconf 82' lang='lat' dir='ltr'>rium</span> <span class='ocrx_word' id='word_1_329' title='bbox 375 2468 581 2508; x_wconf 82' lang='lat' dir='ltr'>arbitramur,</span> <span class='ocrx_word' id='word_1_330' title='bbox 607 2478 643 2500; x_wconf 87' lang='lat' dir='ltr'>ac</span> <span class='ocrx_word' id='word_1_331' title='bbox 654 2467 887 2510; x_wconf 81' lang='lat' dir='ltr'>evangelicorum</span> <span class='ocrx_word' id='word_1_332' title='bbox 907 2467 1078 2510; x_wconf 81' lang='lat' dir='ltr'>dogmatum</span> <span class='ocrx_word' id='word_1_333' title='bbox 1088 2474 1180 2511; x_wconf 23' lang='lat' dir='ltr'>veri·-</span> 
     </span>
     <span class='ocr_line' id='line_1_48' title="bbox 283 2517 1181 2559; baseline -0.002 -7"><span class='ocrx_word' id='word_1_334' title='bbox 283 2528 378 2552; x_wconf 75' lang='lat' dir='ltr'>tatem</span> <span class='ocrx_word' id='word_1_335' title='bbox 398 2517 564 2559; x_wconf 85' lang='lat' dir='ltr'>ostendere,</span> <span class='ocrx_word' id='word_1_336' title='bbox 592 2519 628 2552; x_wconf 67' lang='grc' dir='ltr'>ό·</span> <span class='ocrx_word' id='word_1_337' title='bbox 650 2526 803 2551; x_wconf 76' lang='lat' dir='ltr'>armatum</span> <span class='ocrx_word' id='word_1_338' title='bbox 822 2526 927 2551; x_wconf 80' lang='lat' dir='ltr'>contra</span> <span class='ocrx_word' id='word_1_339' title='bbox 943 2517 1029 2550; x_wconf 86' lang='lat' dir='ltr'>illam</span> <span class='ocrx_word' id='word_1_340' title='bbox 1050 2518 1181 2550; x_wconf 73' lang='lat' dir='ltr'>menda-³</span> 
     </span>
     <span class='ocr_line' id='line_1_49' title="bbox 282 2565 1180 2612; baseline -0.003 -9"><span class='ocrx_word' id='word_1_341' title='bbox 282 2576 361 2604; x_wconf 79' lang='lat' dir='ltr'>cium</span> <span class='ocrx_word' id='word_1_342' title='bbox 371 2569 548 2612; x_wconf 76' lang='lat' dir='ltr'>redarguere</span> <span class='ocrx_word' id='word_1_343' title='bbox 560 2592 568 2601; x_wconf 85' lang='lat'>.</span> <span class='ocrx_word' id='word_1_344' title='bbox 597 2568 640 2601; x_wconf 86' lang='lat' dir='ltr'>Et</span> <span class='ocrx_word' id='word_1_345' title='bbox 650 2566 723 2609; x_wconf 82' lang='lat' dir='ltr'>post</span> <span class='ocrx_word' id='word_1_346' title='bbox 735 2566 823 2600; x_wconf 86' lang='lat' dir='ltr'>varia</span> <span class='ocrx_word' id='word_1_347' title='bbox 843 2565 1014 2600; x_wconf 84' lang='lat' dir='ltr'>concludit</span> <span class='ocrx_word' id='word_1_348' title='bbox 1029 2579 1036 2598; x_wconf 72' lang='grc' dir='ltr'>ε</span> <span class='ocrx_word' id='word_1_349' title='bbox 1064 2571 1111 2603; x_wconf 80' lang='lat' dir='ltr'>De</span> <span class='ocrx_word' id='word_1_350' title='bbox 1122 2579 1180 2601; x_wconf 61' lang='lat' dir='ltr'>nm.</span> 
     </span>
     <span class='ocr_line' id='line_1_50' title="bbox 278 2615 1179 2660; baseline -0.002 -7"><span class='ocrx_word' id='word_1_351' title='bbox 278 2619 346 2660; x_wconf 76' lang='lat' dir='ltr'>stra</span> <span class='ocrx_word' id='word_1_352' title='bbox 365 2621 438 2653; x_wconf 64' lang='lat' dir='ltr'>vera</span> <span class='ocrx_word' id='word_1_353' title='bbox 459 2618 546 2659; x_wconf 82' lang='lat' dir='ltr'>istuc,</span> <span class='ocrx_word' id='word_1_354' title='bbox 573 2617 614 2650; x_wconf 89' lang='lat' dir='ltr'>ad</span> <span class='ocrx_word' id='word_1_355' title='bbox 635 2615 812 2650; x_wconf 85' lang='lat' dir='ltr'>secundum</span> <span class='ocrx_word' id='word_1_356' title='bbox 831 2615 1035 2658; x_wconf 85' lang='lat' dir='ltr'>Ephesinum</span> <span class='ocrx_word' id='word_1_357' title='bbox 1047 2617 1179 2651; x_wconf 53' lang='lat' dir='ltr'>Conci-¹</span> 
     </span>
     <span class='ocr_line' id='line_1_51' title="bbox 283 2664 1171 2710; baseline -0.001 -8"><span class='ocrx_word' id='word_1_358' title='bbox 283 2670 370 2702; x_wconf 88' lang='lat' dir='ltr'>lium</span> <span class='ocrx_word' id='word_1_359' title='bbox 381 2693 392 2708; x_wconf 94' lang='lat'>,</span> <span class='ocrx_word' id='word_1_360' title='bbox 413 2664 726 2709; x_wconf 68' lang='lat' dir='ltr'>profec‘lionescribere</span> <span class='ocrx_word' id='word_1_361' title='bbox 746 2665 826 2699; x_wconf 82' lang='lat' dir='ltr'>nibil</span> <span class='ocrx_word' id='word_1_362' title='bbox 832 2667 946 2710; x_wconf 76' lang='lat' dir='ltr'>possiem</span> <span class='ocrx_word' id='word_1_363' title='bbox 958 2691 969 2707; x_wconf 94' lang='lat'><em>‚</em></span> <span class='ocrx_word' id='word_1_364' title='bbox 991 2665 1171 2710; x_wconf 84' lang='lat' dir='ltr'>priusquam</span> 
     </span>
     <span class='ocr_line' id='line_1_52' title="bbox 284 2715 1172 2762; baseline 0.001 -11"><span class='ocrx_word' id='word_1_365' title='bbox 284 2716 450 2762; x_wconf 76' lang='lat' dir='ltr'>cognoscam</span> <span class='ocrx_word' id='word_1_366' title='bbox 463 2740 474 2756; x_wconf 92' lang='lat'>‚</span> <span class='ocrx_word' id='word_1_367' title='bbox 500 2717 578 2758; x_wconf 85' lang='lat' dir='ltr'>quid</span> <span class='ocrx_word' id='word_1_368' title='bbox 587 2718 625 2748; x_wconf 87' lang='lat' dir='ltr'>de</span> <span class='ocrx_word' id='word_1_369' title='bbox 636 2715 718 2748; x_wconf 84' lang='lat' dir='ltr'>nobis</span> <span class='ocrx_word' id='word_1_370' title='bbox 735 2722 914 2758; x_wconf 77' lang='lat' dir='ltr'>praeceperit</span> <span class='ocrx_word' id='word_1_371' title='bbox 923 2718 1065 2759; x_wconf 74' lang='lat' dir='ltr'>pitffimus</span> <span class='ocrx_word' id='word_1_372' title='bbox 1076 2721 1172 2759; x_wconf 73' lang='lat' dir='ltr'>Impe-</span> 
     </span>
     <span class='ocr_line' id='line_1_53' title="bbox 284 2767 1176 2811; baseline 0.001 -10"><span class='ocrx_word' id='word_1_373' title='bbox 284 2776 369 2803; x_wconf 73' lang='lat' dir='ltr'>rator</span> <span class='ocrx_word' id='word_1_374' title='bbox 381 2792 388 2799; x_wconf 94' lang='lat'><strong>.</strong></span> <span class='ocrx_word' id='word_1_375' title='bbox 415 2767 557 2800; x_wconf 85' lang='lat' dir='ltr'>Necdum</span> <span class='ocrx_word' id='word_1_376' title='bbox 570 2770 648 2798; x_wconf 83' lang='lat' dir='ltr'>enim</span> <span class='ocrx_word' id='word_1_377' title='bbox 658 2767 851 2800; x_wconf 75' lang='lat' dir='ltr'>advenerunt</span> <span class='ocrx_word' id='word_1_378' title='bbox 867 2769 980 2802; x_wconf 83' lang='lat' dir='ltr'>litterae</span> <span class='ocrx_word' id='word_1_379' title='bbox 994 2793 1001 2800; x_wconf 90' lang='lat'>.</span> <span class='ocrx_word' id='word_1_380' title='bbox 1029 2767 1176 2811; x_wconf 87' lang='lat' dir='ltr'>Epistola</span> 
     </span>
     <span class='ocr_line' id='line_1_54' title="bbox 285 2815 1177 2861; baseline 0.001 -9"><span class='ocrx_word' id='word_1_381' title='bbox 285 2818 404 2861; x_wconf 84' lang='lat' dir='ltr'>scripta</span> <span class='ocrx_word' id='word_1_382' title='bbox 417 2816 462 2850; x_wconf 88' lang='lat' dir='ltr'>est</span> <span class='ocrx_word' id='word_1_383' title='bbox 476 2815 548 2860; x_wconf 87' lang='lat' dir='ltr'>post</span> <span class='ocrx_word' id='word_1_384' title='bbox 560 2815 738 2850; x_wconf 84' lang='lat' dir='ltr'>Decretum</span> <span class='ocrx_word' id='word_1_385' title='bbox 752 2839 761 2855; x_wconf 93' lang='lat'>,</span> <span class='ocrx_word' id='word_1_386' title='bbox 787 2827 855 2858; x_wconf 91' lang='lat' dir='ltr'>quo</span> <span class='ocrx_word' id='word_1_387' title='bbox 871 2818 1052 2861; x_wconf 83' lang='lat' dir='ltr'>Imperator</span> <span class='ocrx_word' id='word_1_388' title='bbox 1064 2816 1177 2853; x_wconf 92' lang='lat' dir='ltr'>Theo-</span> 
     </span>
     <span class='ocr_line' id='line_1_55' title="bbox 286 2864 1178 2910; baseline -0.001 -7"><span class='ocrx_word' id='word_1_389' title='bbox 286 2867 398 2903; x_wconf 86' lang='lat' dir='ltr'>dosius</span> <span class='ocrx_word' id='word_1_390' title='bbox 407 2864 664 2901; x_wconf 88' lang='lat' dir='ltr'>Theodoretum</span> <span class='ocrx_word' id='word_1_391' title='bbox 677 2865 919 2910; x_wconf 83' lang='lat' dir='ltr'>circumscripto</span> <span class='ocrx_word' id='word_1_392' title='bbox 931 2868 1015 2903; x_wconf 89' lang='lat' dir='ltr'>intra</span> <span class='ocrx_word' id='word_1_393' title='bbox 1036 2869 1125 2902; x_wconf 86' lang='lat' dir='ltr'>suam</span> <span class='ocrx_word' id='word_1_394' title='bbox 1136 2869 1178 2902; x_wconf 91' lang='lat' dir='ltr'>ci-</span> 
     </span>
     <span class='ocr_line' id='line_1_56' title="bbox 287 2915 1176 2960; baseline 0 -7"><span class='ocrx_word' id='word_1_395' title='bbox 287 2918 425 2954; x_wconf 86' lang='lat' dir='ltr'>vitatem</span> <span class='ocrx_word' id='word_1_396' title='bbox 439 2916 542 2951; x_wconf 86' lang='lat' dir='ltr'>exilio</span> <span class='ocrx_word' id='word_1_397' title='bbox 553 2915 736 2957; x_wconf 79' lang='lat' dir='ltr'>conclusit,</span> <span class='ocrx_word' id='word_1_398' title='bbox 763 2927 875 2950; x_wconf 88' lang='lat' dir='ltr'>vacare</span> <span class='ocrx_word' id='word_1_399' title='bbox 888 2917 1007 2960; x_wconf 81' lang='lat' dir='ltr'>jussum</span> <span class='ocrx_word' id='word_1_400' title='bbox 1029 2917 1071 2952; x_wconf 89' lang='lat' dir='ltr'>ab</span> <span class='ocrx_word' id='word_1_401' title='bbox 1083 2920 1176 2953; x_wconf 90' lang='lat' dir='ltr'>omni</span> 
     </span>
     <span class='ocr_line' id='line_1_57' title="bbox 287 2966 1179 3011; baseline 0.001 -8"><span class='ocrx_word' id='word_1_402' title='bbox 287 2967 508 3006; x_wconf 80' lang='lat' dir='ltr'>ecclesiastico</span> <span class='ocrx_word' id='word_1_403' title='bbox 528 2966 736 3001; x_wconf 86' lang='lat' dir='ltr'>ministerio:</span> <span class='ocrx_word' id='word_1_404' title='bbox 764 2967 848 3002; x_wconf 83' lang='lat' dir='ltr'>Item</span> <span class='ocrx_word' id='word_1_405' title='bbox 871 2967 943 3011; x_wconf 86' lang='lat' dir='ltr'>post</span> <span class='ocrx_word' id='word_1_406' title='bbox 955 2967 1046 3002; x_wconf 89' lang='lat' dir='ltr'>aliud</span> <span class='ocrx_word' id='word_1_407' title='bbox 1059 2969 1179 3004; x_wconf 90' lang='lat' dir='ltr'>Decre-</span> 
     </span>
     <span class='ocr_line' id='line_1_58' title="bbox 288 3015 1179 3063; baseline 0.001 -10"><span class='ocrx_word' id='word_1_408' title='bbox 288 3029 363 3053; x_wconf 89' lang='lat' dir='ltr'>tum</span> <span class='ocrx_word' id='word_1_409' title='bbox 376 3043 387 3060; x_wconf 89' lang='lat'>‚</span> <span class='ocrx_word' id='word_1_410' title='bbox 413 3029 481 3061; x_wconf 93' lang='lat' dir='ltr'>quo</span> <span class='ocrx_word' id='word_1_411' title='bbox 494 3017 601 3062; x_wconf 87' lang='lat' dir='ltr'>ipsum</span> <span class='ocrx_word' id='word_1_412' title='bbox 613 3015 928 3053; x_wconf 79' lang='lat' dir='ltr'>vetuitaccederead</span> <span class='ocrx_word' id='word_1_413' title='bbox 942 3017 1104 3061; x_wconf 67' lang='lat' dir='ltr'>praefatam</span> <span class='ocrx_word' id='word_1_414' title='bbox 1119 3020 1179 3063; x_wconf 89' lang='lat' dir='ltr'>Sy-</span> 
     </span>
     <span class='ocr_line' id='line_1_59' title="bbox 289 3067 1178 3116; baseline 0.002 -13"><span class='ocrx_word' id='word_1_415' title='bbox 289 3069 418 3107; x_wconf 80' lang='lat' dir='ltr'>nodum</span> <span class='ocrx_word' id='word_1_416' title='bbox 432 3094 440 3101; x_wconf 92' lang='lat'><em>.</em></span> <span class='ocrx_word' id='word_1_417' title='bbox 467 3069 622 3116; x_wconf 73' lang='lat' dir='ltr'>anmm</span> <span class='ocrx_word' id='word_1_418' title='bbox 644 3068 798 3103; x_wconf 88' lang='lat' dir='ltr'>omnium</span> <span class='ocrx_word' id='word_1_419' title='bbox 813 3067 983 3102; x_wconf 57' lang='lat' dir='ltr'>*malorum</span> <span class='ocrx_word' id='word_1_420' title='bbox 1004 3067 1097 3102; x_wconf 83' lang='lat' dir='ltr'>radix</span> <span class='ocrx_word' id='word_1_421' title='bbox 1113 3070 1178 3105; x_wconf 91' lang='lat' dir='ltr'>fuit</span> 
     </span>
     <span class='ocr_line' id='line_1_60' title="bbox 291 3117 1180 3167; baseline 0.003 -16"><span class='ocrx_word' id='word_1_422' title='bbox 291 3118 441 3161; x_wconf 85' lang='lat' dir='ltr'>pertinax</span> <span class='ocrx_word' id='word_1_423' title='bbox 451 3117 597 3153; x_wconf 78' lang='lat' dir='ltr'>defensio</span> <span class='ocrx_word' id='word_1_424' title='bbox 613 3117 792 3154; x_wconf 84' lang='lat' dir='ltr'>Theodori</span> <span class='ocrx_word' id='word_1_425' title='bbox 814 3117 1032 3159; x_wconf 78' lang='lat' dir='ltr'>acDiodori,</span> <span class='ocrx_word' id='word_1_426' title='bbox 1059 3119 1180 3167; x_wconf 52' lang='lat' dir='ltr'>&amp;praef</span> 
     </span>
     <span class='ocr_line' id='line_1_61' title="bbox 290 3167 1179 3213; baseline 0.002 -10"><span class='ocrx_word' id='word_1_427' title='bbox 290 3167 400 3203; x_wconf 86' lang='lat' dir='ltr'>sertim</span> <span class='ocrx_word' id='word_1_428' title='bbox 415 3168 580 3202; x_wconf 85' lang='lat' dir='ltr'>Nestorii.</span> <span class='ocrx_word' id='word_1_429' title='bbox 607 3168 702 3204; x_wconf 90' lang='lat' dir='ltr'>Hinc</span> <span class='ocrx_word' id='word_1_430' title='bbox 712 3168 798 3213; x_wconf 88' lang='lat' dir='ltr'>apud</span> <span class='ocrx_word' id='word_1_431' title='bbox 809 3169 1096 3212; x_wconf 63' lang='lat' dir='ltr'>mestos-suspectus</span> <span class='ocrx_word' id='word_1_432' title='bbox 1104 3170 1179 3210; x_wconf 87' lang='lat' dir='ltr'>fuit,</span> 
     </span>
     <span class='ocr_line' id='line_1_62' title="bbox 290 3215 1177 3261; baseline 0.006 -11"><span class='ocrx_word' id='word_1_433' title='bbox 290 3215 383 3259; x_wconf 90' lang='lat' dir='ltr'>quod</span> <span class='ocrx_word' id='word_1_434' title='bbox 394 3228 464 3251; x_wconf 89' lang='lat' dir='ltr'>non</span> <span class='ocrx_word' id='word_1_435' title='bbox 487 3218 571 3252; x_wconf 88' lang='lat' dir='ltr'>solas</span> <span class='ocrx_word' id='word_1_436' title='bbox 595 3220 767 3261; x_wconf 87' lang='lat' dir='ltr'>personas,</span> <span class='ocrx_word' id='word_1_437' title='bbox 795 3219 850 3254; x_wconf 85' lang='lat' dir='ltr'>sed</span> <span class='ocrx_word' id='word_1_438' title='bbox 873 3219 971 3254; x_wconf 79' lang='lat' dir='ltr'>etiarn</span> <span class='ocrx_word' id='word_1_439' title='bbox 992 3229 1114 3253; x_wconf 88' lang='lat' dir='ltr'>errores</span> <span class='ocrx_word' id='word_1_440' title='bbox 1124 3220 1177 3255; x_wconf 91' lang='lat' dir='ltr'>de·</span> 
     </span>
    </p>
   </div>
   <div class='ocr_carea' id='block_1_11' title="bbox 1182 259 1248 2719">
    <p class='ocr_par' dir='ltr' id='par_1_11' title="bbox 1182 259 1248 2719">
     <span class='ocr_line' id='line_1_63' title="bbox 1189 259 1248 1085; baseline 0 -156"><span class='ocrx_word' id='word_1_441' title='bbox 1189 731 1208 882; x_wconf 95' lang='lat' dir='ltr'>   </span> <span class='ocrx_word' id='word_1_442' title='bbox 1210 259 1248 1085; x_wconf 95' lang='lat' dir='ltr'>  </span> 
     </span>
     <span class='ocr_line' id='line_1_64' title="bbox 1182 882 1236 2719; baseline 0 0"><span class='ocrx_word' id='word_1_443' title='bbox 1182 882 1203 2719; x_wconf 95' lang='lat' dir='ltr'> </span> <span class='ocrx_word' id='word_1_444' title='bbox 1210 1085 1236 2631; x_wconf 95' lang='lat' dir='ltr'>   </span> 
     </span>
    </p>
   </div>
   <div class='ocr_carea' id='block_1_12' title="bbox 728 160 1731 238">
    <p class='ocr_par' dir='ltr' id='par_1_12' title="bbox 728 160 1731 238">
     <span class='ocr_line' id='line_1_65' title="bbox 728 160 1731 238; baseline 0 -12"><span class='ocrx_word' id='word_1_445' title='bbox 728 180 1020 226; x_wconf 75' lang='lat' dir='ltr'>VAR1oRu</span> <span class='ocrx_word' id='word_1_446' title='bbox 1040 192 1074 222; x_wconf 88' lang='lat' dir='ltr'>M</span> <span class='ocrx_word' id='word_1_447' title='bbox 1106 160 1365 221; x_wconf 58' lang='lat' dir='ltr'>Pit-raum</span> <span class='ocrx_word' id='word_1_448' title='bbox 1398 173 1731 238; x_wconf 63' lang='lat' dir='ltr'>Emsrom,</span> 
     </span>
    </p>
   </div>
   <div class='ocr_carea' id='block_1_13' title="bbox 1252 259 2147 660">
    <p class='ocr_par' dir='ltr' id='par_1_13' title="bbox 1252 259 2147 660">
     <span class='ocr_line' id='line_1_66' title="bbox 1256 259 2147 311; baseline 0.008 -16"><span class='ocrx_word' id='word_1_449' title='bbox 1256 259 1524 302; x_wconf 77' lang='lat' dir='ltr'>damnatoribus,</span> <span class='ocrx_word' id='word_1_450' title='bbox 1552 272 1614 296; x_wconf 77' lang='lat' dir='ltr'>nee</span> <span class='ocrx_word' id='word_1_451' title='bbox 1638 276 1707 300; x_wconf 84' lang='lat' dir='ltr'>non</span> <span class='ocrx_word' id='word_1_452' title='bbox 1729 264 1998 302; x_wconf 81' lang='lat' dir='ltr'>&amp;defensoribus</span> <span class='ocrx_word' id='word_1_453' title='bbox 2010 264 2147 311; x_wconf 85' lang='lat' dir='ltr'>Capitu-</span> 
     </span>
     <span class='ocr_line' id='line_1_67' title="bbox 1258 309 2146 362; baseline 0.009 -17"><span class='ocrx_word' id='word_1_454' title='bbox 1258 311 1368 345; x_wconf 86' lang='lat' dir='ltr'>lorum</span> <span class='ocrx_word' id='word_1_455' title='bbox 1381 310 1491 346; x_wconf 71' lang='lat' dir='ltr'>Sansti</span> <span class='ocrx_word' id='word_1_456' title='bbox 1505 309 1627 355; x_wconf 87' lang='lat' dir='ltr'>Cyrilli</span> <span class='ocrx_word' id='word_1_457' title='bbox 1640 337 1648 346; x_wconf 88' lang='lat'>.</span> <span class='ocrx_word' id='word_1_458' title='bbox 1673 314 1821 350; x_wconf 82' lang='lat' dir='ltr'>Forsitan</span> <span class='ocrx_word' id='word_1_459' title='bbox 1832 318 1867 353; x_wconf 73' lang='lat' dir='ltr'>e:</span> <span class='ocrx_word' id='word_1_460' title='bbox 1881 315 2146 362; x_wconf 81' lang='lat' dir='ltr'>Eutychianistis</span> 
     </span>
     <span class='ocr_line' id='line_1_68' title="bbox 1255 359 2145 414; baseline 0.01 -19"><span class='ocrx_word' id='word_1_461' title='bbox 1255 371 1335 396; x_wconf 79' lang='lat' dir='ltr'>runc</span> <span class='ocrx_word' id='word_1_462' title='bbox 1345 359 1599 406; x_wconf 80' lang='lat' dir='ltr'>incipientibus,</span> <span class='ocrx_word' id='word_1_463' title='bbox 1626 362 1717 397; x_wconf 84' lang='lat' dir='ltr'>Nam</span> <span class='ocrx_word' id='word_1_464' title='bbox 1728 362 1816 398; x_wconf 83' lang='lat' dir='ltr'>hiex</span> <span class='ocrx_word' id='word_1_465' title='bbox 1834 365 1902 401; x_wconf 82' lang='lat' dir='ltr'>istis</span> <span class='ocrx_word' id='word_1_466' title='bbox 1921 369 2037 414; x_wconf 88' lang='lat' dir='ltr'>utique</span> <span class='ocrx_word' id='word_1_467' title='bbox 2058 366 2145 403; x_wconf 66' lang='lat' dir='ltr'>male</span> 
     </span>
     <span class='ocr_line' id='line_1_69' title="bbox 1257 411 2144 460; baseline 0.009 -15"><span class='ocrx_word' id='word_1_468' title='bbox 1257 411 1453 453; x_wconf 75' lang='lat' dir='ltr'>intellestis,</span> <span class='ocrx_word' id='word_1_469' title='bbox 1478 412 1631 457; x_wconf 80' lang='lat' dir='ltr'>capitulis</span> <span class='ocrx_word' id='word_1_470' title='bbox 1641 412 1996 460; x_wconf 75' lang='lat' dir='ltr'>duxeruntoriginem.</span> <span class='ocrx_word' id='word_1_471' title='bbox 2025 418 2144 454; x_wconf 87' lang='lat' dir='ltr'>Proin-</span> 
     </span>
     <span class='ocr_line' id='line_1_70' title="bbox 1253 461 2143 508; baseline 0.007 -10"><span class='ocrx_word' id='word_1_472' title='bbox 1253 461 1294 498; x_wconf 85' lang='lat' dir='ltr'>de</span> <span class='ocrx_word' id='word_1_473' title='bbox 1314 461 1392 497; x_wconf 91' lang='lat' dir='ltr'>hinc</span> <span class='ocrx_word' id='word_1_474' title='bbox 1402 462 1558 499; x_wconf 85' lang='lat' dir='ltr'>discimus</span> <span class='ocrx_word' id='word_1_475' title='bbox 1571 464 1733 508; x_wconf 88' lang='lat' dir='ltr'>Joannem</span> <span class='ocrx_word' id='word_1_476' title='bbox 1758 463 1800 499; x_wconf 85' lang='lat' dir='ltr'>ab</span> <span class='ocrx_word' id='word_1_477' title='bbox 1812 464 2003 503; x_wconf 82' lang='lat' dir='ltr'>Alexandro</span> <span class='ocrx_word' id='word_1_478' title='bbox 2015 468 2143 504; x_wconf 84' lang='lat' dir='ltr'>Metro·</span> 
     </span>
     <span class='ocr_line' id='line_1_71' title="bbox 1252 512 2141 563; baseline 0.008 -16"><span class='ocrx_word' id='word_1_479' title='bbox 1252 512 1378 557; x_wconf 89' lang='lat' dir='ltr'>polita,</span> <span class='ocrx_word' id='word_1_480' title='bbox 1406 514 1551 563; x_wconf 83' lang='lat' dir='ltr'>itemque</span> <span class='ocrx_word' id='word_1_481' title='bbox 1572 513 1780 556; x_wconf 77' lang='lat' dir='ltr'>aNestorio,</span> <span class='ocrx_word' id='word_1_482' title='bbox 1808 514 1960 550; x_wconf 87' lang='lat' dir='ltr'>Diodoro</span> <span class='ocrx_word' id='word_1_483' title='bbox 1979 527 2016 552; x_wconf 88' lang='lat' dir='ltr'>ae</span> <span class='ocrx_word' id='word_1_484' title='bbox 2026 518 2141 554; x_wconf 86' lang='lat' dir='ltr'>Theo-</span> 
     </span>
     <span class='ocr_line' id='line_1_72' title="bbox 1252 563 2140 614; baseline 0.007 -16"><span class='ocrx_word' id='word_1_485' title='bbox 1252 563 1336 599; x_wconf 87' lang='lat' dir='ltr'>doro</span> <span class='ocrx_word' id='word_1_486' title='bbox 1359 564 1490 609; x_wconf 87' lang='lat' dir='ltr'>penitus</span> <span class='ocrx_word' id='word_1_487' title='bbox 1509 565 1682 600; x_wconf 76' lang='lat' dir='ltr'>recessisse.</span> <span class='ocrx_word' id='word_1_488' title='bbox 1710 565 1780 601; x_wconf 86' lang='lat' dir='ltr'>Uti</span> <span class='ocrx_word' id='word_1_489' title='bbox 1801 565 1895 610; x_wconf 79' lang='lat' dir='ltr'>plene</span> <span class='ocrx_word' id='word_1_490' title='bbox 1916 566 2043 613; x_wconf 84' lang='lat' dir='ltr'>integer</span> <span class='ocrx_word' id='word_1_491' title='bbox 2063 569 2140 614; x_wconf 78' lang='lat' dir='ltr'>Epi·</span> 
     </span>
     <span class='ocr_line' id='line_1_73' title="bbox 1252 613 1956 660; baseline 0.004 -12"><span class='ocrx_word' id='word_1_492' title='bbox 1252 615 1368 660; x_wconf 87' lang='lat' dir='ltr'>scopus</span> <span class='ocrx_word' id='word_1_493' title='bbox 1381 613 1487 652; x_wconf 88' lang='lat' dir='ltr'>adfuit</span> <span class='ocrx_word' id='word_1_494' title='bbox 1499 614 1759 652; x_wconf 81' lang='lat' dir='ltr'>Chalcedonenfi</span> <span class='ocrx_word' id='word_1_495' title='bbox 1772 615 1934 653; x_wconf 86' lang='lat' dir='ltr'>Concilio</span> <span class='ocrx_word' id='word_1_496' title='bbox 1947 643 1956 651; x_wconf 90' lang='lat'><strong>.</strong></span> 
     </span>
    </p>
   </div>
   <div class='ocr_carea' id='block_1_14' title="bbox 1485 820 2135 898">
    <p class='ocr_par' dir='ltr' id='par_1_14' title="bbox 1485 820 2135 898">
     <span class='ocr_line' id='line_1_74' title="bbox 1485 820 2135 898; baseline 0.006 -11"><span class='ocrx_word' id='word_1_497' title='bbox 1485 839 1901 890; x_wconf 76' lang='lat' dir='ltr'>CAPUT-cx.</span> <span class='ocrx_word' id='word_1_498' title='bbox 1972 820 2135 898; x_wconf 55' lang='lat'>..4198</span> 
     </span>
    </p>
   </div>
   <div class='ocr_carea' id='block_1_15' title="bbox 1216 968 2138 1047">
    <p class='ocr_par' dir='ltr' id='par_1_15' title="bbox 1216 968 2138 1047">
     <span class='ocr_line' id='line_1_75' title="bbox 1216 968 2138 1047; baseline 0.005 -22"><span class='ocrx_word' id='word_1_499' title='bbox 1216 977 1437 1046; x_wconf 58' lang='lat' dir='ltr'>epistola,</span> <span class='ocrx_word' id='word_1_500' title='bbox 1473 980 1657 1047; x_wconf 71' lang='lat' dir='ltr'>inquit,</span> <span class='ocrx_word' id='word_1_501' title='bbox 1694 977 1920 1028; x_wconf 57' lang='lat' dir='ltr'>Theodorei</span> <span class='ocrx_word' id='word_1_502' title='bbox 1952 979 2006 1029; x_wconf 68' lang='lat' dir='ltr'>ad</span> <span class='ocrx_word' id='word_1_503' title='bbox 2035 968 2138 1030; x_wconf 68' lang='lat' dir='ltr'>‘Hel-</span> 
     </span>
    </p>
   </div>
   <div class='ocr_carea' id='block_1_16' title="bbox 290 1015 1219 1060">
    <p class='ocr_par' dir='ltr' id='par_1_16' title="bbox 290 1015 1219 1060">
     <span class='ocr_line' id='line_1_76' title="bbox 290 1015 1219 1060; baseline 0.002 -12"><span class='ocrx_word' id='word_1_504' title='bbox 290 1015 468 1057; x_wconf 82' lang='lat' dir='ltr'>provinciae</span> <span class='ocrx_word' id='word_1_505' title='bbox 491 1039 502 1056; x_wconf 93' lang='lat'>,</span> <span class='ocrx_word' id='word_1_506' title='bbox 539 1017 641 1051; x_wconf 79' lang='lat' dir='ltr'>essent</span> <span class='ocrx_word' id='word_1_507' title='bbox 673 1027 784 1051; x_wconf 90' lang='lat' dir='ltr'>tamen</span> <span class='ocrx_word' id='word_1_508' title='bbox 814 1017 958 1060; x_wconf 82' lang='lat' dir='ltr'>ejusdem</span> <span class='ocrx_word' id='word_1_509' title='bbox 992 1018 1178 1055; x_wconf 64' lang='lat' dir='ltr'>sententiae,</span> <span class='ocrx_word' id='word_1_510' title='bbox 1216 1029 1219 1036; x_wconf 90' lang='grc'>-·</span> 
     </span>
    </p>
   </div>
   <div class='ocr_carea' id='block_1_17' title="bbox 1302 1047 2139 1329">
    <p class='ocr_par' dir='ltr' id='par_1_17' title="bbox 1302 1047 2139 1329">
     <span class='ocr_line' id='line_1_77' title="bbox 1311 1047 2138 1121; baseline 0.004 -25"><span class='ocrx_word' id='word_1_511' title='bbox 1311 1047 1458 1096; x_wconf 77' lang='lat' dir='ltr'>ladium</span> <span class='ocrx_word' id='word_1_512' title='bbox 1492 1086 1506 1109; x_wconf 87' lang='lat'>‚</span> <span class='ocrx_word' id='word_1_513' title='bbox 1554 1049 1718 1099; x_wconf 74' lang='lat' dir='ltr'>indicans</span> <span class='ocrx_word' id='word_1_514' title='bbox 1755 1049 1852 1117; x_wconf 78' lang='lat' dir='ltr'>quod</span> <span class='ocrx_word' id='word_1_515' title='bbox 1884 1070 1954 1099; x_wconf 80' lang='lat' dir='ltr'>non</span> <span class='ocrx_word' id='word_1_516' title='bbox 1988 1050 2138 1121; x_wconf 62' lang='lat' dir='ltr'>abspes-&#39;-</span> 
     </span>
     <span class='ocr_line' id='line_1_78' title="bbox 1302 1114 2139 1189; baseline 0.011 -26"><span class='ocrx_word' id='word_1_517' title='bbox 1302 1114 1402 1182; x_wconf 66' lang='lat' dir='ltr'>serit</span> <span class='ocrx_word' id='word_1_518' title='bbox 1436 1120 1486 1166; x_wconf 83' lang='lat' dir='ltr'>ab</span> <span class='ocrx_word' id='word_1_519' title='bbox 1520 1117 1597 1166; x_wconf 79' lang='lat' dir='ltr'>illis</span> <span class='ocrx_word' id='word_1_520' title='bbox 1619 1129 1643 1180; x_wconf 79' lang='grc'>,’</span> <span class='ocrx_word' id='word_1_521' title='bbox 1669 1137 1746 1184; x_wconf 73' lang='lat' dir='ltr'>quae</span> <span class='ocrx_word' id='word_1_522' title='bbox 1780 1124 1874 1168; x_wconf 82' lang='lat' dir='ltr'>inter</span> <span class='ocrx_word' id='word_1_523' title='bbox 1907 1118 2003 1189; x_wconf 62' lang='lat' dir='ltr'>ipses</span> <span class='ocrx_word' id='word_1_524' title='bbox 2016 1119 2139 1189; x_wconf 67' lang='lat' dir='ltr'>semel</span> 
     </span>
     <span class='ocr_line' id='line_1_79' title="bbox 1314 1190 2139 1257; baseline 0.01 -23"><span class='ocrx_word' id='word_1_525' title='bbox 1314 1190 1353 1235; x_wconf 79' lang='lat' dir='ltr'>in</span> <span class='ocrx_word' id='word_1_526' title='bbox 1399 1192 1547 1256; x_wconf 79' lang='lat' dir='ltr'>negotio</span> <span class='ocrx_word' id='word_1_527' title='bbox 1591 1205 1835 1237; x_wconf 74' lang='lat' dir='ltr'>convenerunt</span> <span class='ocrx_word' id='word_1_528' title='bbox 1867 1222 1886 1251; x_wconf 69' lang='lat'><em>5</em></span> <span class='ocrx_word' id='word_1_529' title='bbox 1930 1209 2038 1257; x_wconf 77' lang='lat' dir='ltr'>neque</span> <span class='ocrx_word' id='word_1_530' title='bbox 2079 1197 2139 1243; x_wconf 77' lang='lat' dir='ltr'>in-</span> 
     </span>
     <span class='ocr_line' id='line_1_80' title="bbox 1302 1257 2138 1329; baseline 0.008 -26"><span class='ocrx_word' id='word_1_531' title='bbox 1302 1257 1462 1328; x_wconf 63' lang='lat' dir='ltr'>justitiae</span> <span class='ocrx_word' id='word_1_532' title='bbox 1497 1295 1512 1320; x_wconf 83' lang='lat'>‚</span> <span class='ocrx_word' id='word_1_533' title='bbox 1557 1278 1639 1326; x_wconf 77' lang='lat' dir='ltr'>quae</span> <span class='ocrx_word' id='word_1_534' title='bbox 1672 1263 1712 1307; x_wconf 74' lang='lat' dir='ltr'>in</span> <span class='ocrx_word' id='word_1_535' title='bbox 1755 1258 1868 1308; x_wconf 80' lang='lat' dir='ltr'>illam</span> <span class='ocrx_word' id='word_1_536' title='bbox 1907 1258 2138 1329; x_wconf 66' lang='lat' dir='ltr'>persenam</span> 
     </span>
    </p>
   </div>
   <div class='ocr_carea' id='block_1_18' title="bbox 1311 1325 2132 1402">
    <p class='ocr_par' dir='ltr' id='par_1_18' title="bbox 1311 1325 2132 1402">
     <span class='ocr_line' id='line_1_81' title="bbox 1311 1325 2132 1402; baseline 0.007 -27"><span class='ocrx_word' id='word_1_537' title='bbox 1311 1325 1499 1395; x_wconf 77' lang='lat' dir='ltr'>commz&#39;fflt</span> <span class='ocrx_word' id='word_1_538' title='bbox 1533 1330 1589 1378; x_wconf 60' lang='grc' dir='ltr'>εἶτ’</span> <span class='ocrx_word' id='word_1_539' title='bbox 1621 1367 1636 1392; x_wconf 82' lang='grc'>,</span> <span class='ocrx_word' id='word_1_540' title='bbox 1669 1330 1894 1397; x_wconf 37' lang='lat' dir='ltr'>&#39;acquiescere</span> <span class='ocrx_word' id='word_1_541' title='bbox 1922 1334 2103 1402; x_wconf 72' lang='lat' dir='ltr'>patiatur</span> <span class='ocrx_word' id='word_1_542' title='bbox 2116 1369 2132 1383; x_wconf 90' lang='lat'><strong>.</strong></span> 
     </span>
    </p>
   </div>
   <div class='ocr_carea' id='block_1_19' title="bbox 1240 1467 2137 1663">
    <p class='ocr_par' dir='ltr' id='par_1_19' title="bbox 1339 1467 2137 1515">
     <span class='ocr_line' id='line_1_82' title="bbox 1339 1467 2137 1515; baseline 0.003 -11"><span class='ocrx_word' id='word_1_543' title='bbox 1339 1467 1470 1504; x_wconf 77' lang='lat' dir='ltr'>Uando</span> <span class='ocrx_word' id='word_1_544' title='bbox 1504 1468 1664 1515; x_wconf 64' lang='lat' dir='ltr'>precipue</span> <span class='ocrx_word' id='word_1_545' title='bbox 1695 1470 1879 1507; x_wconf 83' lang='lat' dir='ltr'>litteratum</span> <span class='ocrx_word' id='word_1_546' title='bbox 1904 1470 2137 1508; x_wconf 79' lang='lat' dir='ltr'>consolatione</span> 
     </span>
    </p>

    <p class='ocr_par' dir='ltr' id='par_1_20' title="bbox 1363 1519 2137 1568">
     <span class='ocr_line' id='line_1_83' title="bbox 1363 1519 2137 1568; baseline 0.003 -16"><span class='ocrx_word' id='word_1_547' title='bbox 1363 1530 1425 1553; x_wconf 92' lang='lat' dir='ltr'>nos</span> <span class='ocrx_word' id='word_1_548' title='bbox 1448 1521 1600 1563; x_wconf 81' lang='lat' dir='ltr'>oportuit</span> <span class='ocrx_word' id='word_1_549' title='bbox 1625 1520 1687 1555; x_wconf 72' lang='lat' dir='ltr'>frui</span> <span class='ocrx_word' id='word_1_550' title='bbox 1711 1519 2137 1568; x_wconf 45' lang='lat' dir='ltr'>(vehementior-‘quippe</span> 
     </span>
    </p>

    <p class='ocr_par' dir='ltr' id='par_1_21' title="bbox 1240 1569 2135 1663">
     <span class='ocr_line' id='line_1_84' title="bbox 1290 1569 2135 1616; baseline 0.006 -14"><span class='ocrx_word' id='word_1_551' title='bbox 1290 1570 1299 1588; x_wconf 74' lang='lat'><em>¹</em></span> <span class='ocrx_word' id='word_1_552' title='bbox 1390 1569 1666 1604; x_wconf 67' lang='lat' dir='ltr'>nuncesteressa</span> <span class='ocrx_word' id='word_1_553' title='bbox 1677 1571 1874 1614; x_wconf 75' lang='lat' dir='ltr'>tempestas,</span> <span class='ocrx_word' id='word_1_554' title='bbox 1900 1581 1982 1606; x_wconf 85' lang='lat' dir='ltr'>tuuc</span> <span class='ocrx_word' id='word_1_555' title='bbox 2003 1573 2041 1606; x_wconf 70' lang='grc' dir='ltr'>ἀ</span> <span class='ocrx_word' id='word_1_556' title='bbox 2066 1574 2135 1616; x_wconf 75' lang='lat' dir='ltr'>ipsit</span> 
     </span>
     <span class='ocr_line' id='line_1_85' title="bbox 1240 1617 2135 1663; baseline 0.003 -10"><span class='ocrx_word' id='word_1_557' title='bbox 1240 1617 1450 1660; x_wconf 81' lang='lat' dir='ltr'>fraudamur,</span> <span class='ocrx_word' id='word_1_558' title='bbox 1473 1618 1771 1654; x_wconf 82' lang='lat' dir='ltr'>&amp;damnificamur</span> <span class='ocrx_word' id='word_1_559' title='bbox 1782 1630 1844 1661; x_wconf 90' lang='lat' dir='ltr'>ea,</span> <span class='ocrx_word' id='word_1_560' title='bbox 1869 1630 1942 1663; x_wconf 82' lang='lat' dir='ltr'>quae</span> <span class='ocrx_word' id='word_1_561' title='bbox 1962 1621 2062 1656; x_wconf 87' lang='lat' dir='ltr'>nobis</span> <span class='ocrx_word' id='word_1_562' title='bbox 2081 1623 2135 1661; x_wconf 55' lang='lat' dir='ltr'>sos</span> 
     </span>
    </p>
   </div>
   <div class='ocr_carea' id='block_1_20' title="bbox 1214 1668 2134 1714">
    <p class='ocr_par' dir='ltr' id='par_1_22' title="bbox 1214 1668 2134 1714">
     <span class='ocr_line' id='line_1_86' title="bbox 1214 1668 2134 1714; baseline 0.005 -12"><span class='ocrx_word' id='word_1_563' title='bbox 1214 1692 1216 1695; x_wconf 37' lang='lat' dir='ltr'>v</span> <span class='ocrx_word' id='word_1_564' title='bbox 1239 1668 1273 1702; x_wconf 72' lang='lat' dir='ltr'>li</span> <span class='ocrx_word' id='word_1_565' title='bbox 1283 1669 1462 1712; x_wconf 88' lang='lat' dir='ltr'>supererat.</span> <span class='ocrx_word' id='word_1_566' title='bbox 1491 1668 1567 1714; x_wconf 84' lang='lat' dir='ltr'>Ego</span> <span class='ocrx_word' id='word_1_567' title='bbox 1579 1669 1714 1713; x_wconf 71' lang='lat' dir='ltr'>quidem</span> <span class='ocrx_word' id='word_1_568' title='bbox 1723 1670 1828 1705; x_wconf 81' lang='lat' dir='ltr'>semel</span> <span class='ocrx_word' id='word_1_569' title='bbox 1834 1669 2134 1714; x_wconf 67' lang='lat' dir='ltr'>secundoqueseni-</span> 
     </span>
    </p>
   </div>
   <div class='ocr_carea' id='block_1_21' title="bbox 1229 1717 2135 2212">
    <p class='ocr_par' dir='ltr' id='par_1_23' title="bbox 1229 1717 2135 2212">
     <span class='ocr_line' id='line_1_87' title="bbox 1240 1717 2135 1763; baseline 0.006 -12"><span class='ocrx_word' id='word_1_570' title='bbox 1240 1718 1282 1762; x_wconf 83' lang='lat' dir='ltr'>psi</span> <span class='ocrx_word' id='word_1_571' title='bbox 1298 1718 1341 1755; x_wconf 88' lang='lat' dir='ltr'>de</span> <span class='ocrx_word' id='word_1_572' title='bbox 1355 1717 1406 1752; x_wconf 89' lang='lat' dir='ltr'>his</span> <span class='ocrx_word' id='word_1_573' title='bbox 1417 1743 1429 1760; x_wconf 90' lang='lat'>,</span> <span class='ocrx_word' id='word_1_574' title='bbox 1455 1729 1528 1763; x_wconf 69' lang='lat' dir='ltr'>quae</span> <span class='ocrx_word' id='word_1_575' title='bbox 1538 1725 1710 1753; x_wconf 70' lang='lat' dir='ltr'>vereantur</span> <span class='ocrx_word' id='word_1_576' title='bbox 1723 1742 1735 1759; x_wconf 92' lang='lat'>,</span> <span class='ocrx_word' id='word_1_577' title='bbox 1760 1719 1944 1763; x_wconf 80' lang='lat' dir='ltr'>&amp;poscens</span> <span class='ocrx_word' id='word_1_578' title='bbox 1952 1731 2135 1756; x_wconf 61' lang='lat' dir='ltr'>conrnune</span> 
     </span>
     <span class='ocr_line' id='line_1_88' title="bbox 1238 1768 2134 1812; baseline 0.003 -9"><span class='ocrx_word' id='word_1_579' title='bbox 1238 1768 1414 1803; x_wconf 86' lang='lat' dir='ltr'>consilium</span> <span class='ocrx_word' id='word_1_580' title='bbox 1425 1793 1437 1810; x_wconf 87' lang='lat'>‚</span> <span class='ocrx_word' id='word_1_581' title='bbox 1463 1769 1498 1803; x_wconf 85' lang='lat'>&amp;</span> <span class='ocrx_word' id='word_1_582' title='bbox 1510 1769 1724 1803; x_wconf 85' lang='lat' dir='ltr'>manifestans</span> <span class='ocrx_word' id='word_1_583' title='bbox 1735 1768 1931 1806; x_wconf 86' lang='lat' dir='ltr'>sententiam</span> <span class='ocrx_word' id='word_1_584' title='bbox 1943 1781 2052 1806; x_wconf 81' lang='lat' dir='ltr'>meam</span> <span class='ocrx_word' id='word_1_585' title='bbox 2063 1795 2075 1812; x_wconf 92' lang='lat'>,</span> <span class='ocrx_word' id='word_1_586' title='bbox 2098 1771 2134 1806; x_wconf 74' lang='grc' dir='ltr'>ὅτ.</span> 
     </span>
     <span class='ocr_line' id='line_1_89' title="bbox 1238 1817 2110 1867; baseline 0.002 -15"><span class='ocrx_word' id='word_1_587' title='bbox 1238 1818 1360 1852; x_wconf 82' lang='lat' dir='ltr'>claram</span> <span class='ocrx_word' id='word_1_588' title='bbox 1374 1817 1458 1852; x_wconf 86' lang='lat' dir='ltr'>mihi</span> <span class='ocrx_word' id='word_1_589' title='bbox 1473 1829 1536 1854; x_wconf 82' lang='lat' dir='ltr'>tuae</span> <span class='ocrx_word' id='word_1_590' title='bbox 1548 1819 1736 1854; x_wconf 70' lang='lat' dir='ltr'>Sanstitatis</span> <span class='ocrx_word' id='word_1_591' title='bbox 1748 1820 1972 1855; x_wconf 86' lang='lat' dir='ltr'>intentionem</span> <span class='ocrx_word' id='word_1_592' title='bbox 1989 1831 2110 1867; x_wconf 80' lang='lat' dir='ltr'>rogans</span> 
     </span>
     <span class='ocr_line' id='line_1_90' title="bbox 1239 1868 2074 1915; baseline 0 -11"><span class='ocrx_word' id='word_1_593' title='bbox 1239 1868 1274 1904; x_wconf 75' lang='grc' dir='ltr'>δι</span> <span class='ocrx_word' id='word_1_594' title='bbox 1297 1880 1358 1903; x_wconf 88' lang='lat' dir='ltr'>nec</span> <span class='ocrx_word' id='word_1_595' title='bbox 1382 1869 1481 1904; x_wconf 83' lang='lat' dir='ltr'>semel</span> <span class='ocrx_word' id='word_1_596' title='bbox 1504 1870 1679 1914; x_wconf 83' lang='lat' dir='ltr'>impetravi</span> <span class='ocrx_word' id='word_1_597' title='bbox 1701 1870 1870 1915; x_wconf 81' lang='lat' dir='ltr'>Rescripta</span> <span class='ocrx_word' id='word_1_598' title='bbox 1878 1895 1887 1903; x_wconf 88' lang='lat'><strong>.</strong></span> <span class='ocrx_word' id='word_1_599' title='bbox 1917 1870 2039 1906; x_wconf 81' lang='lat' dir='ltr'>Unam</span> <span class='ocrx_word' id='word_1_600' title='bbox 2050 1881 2074 1904; x_wconf 67' lang='lat' dir='ltr'>v</span> 
     </span>
     <span class='ocr_line' id='line_1_91' title="bbox 1240 1918 2132 1965; baseline 0.003 -13"><span class='ocrx_word' id='word_1_601' title='bbox 1240 1918 1342 1953; x_wconf 89' lang='lat' dir='ltr'>solam</span> <span class='ocrx_word' id='word_1_602' title='bbox 1354 1930 1411 1963; x_wconf 90' lang='lat' dir='ltr'>per</span> <span class='ocrx_word' id='word_1_603' title='bbox 1427 1930 1538 1957; x_wconf 88' lang='lat' dir='ltr'>totum</span> <span class='ocrx_word' id='word_1_604' title='bbox 1550 1930 1679 1964; x_wconf 87' lang='lat' dir='ltr'>tempus</span> <span class='ocrx_word' id='word_1_605' title='bbox 1691 1919 1998 1956; x_wconf 78' lang='lat' dir='ltr'>commendatitiam</span> <span class='ocrx_word' id='word_1_606' title='bbox 2009 1920 2132 1965; x_wconf 79' lang='lat' dir='ltr'>suscepi</span> 
     </span>
     <span class='ocr_line' id='line_1_92' title="bbox 1240 1968 2131 2015; baseline 0.004 -14"><span class='ocrx_word' id='word_1_607' title='bbox 1240 1968 1424 2012; x_wconf 77' lang='lat' dir='ltr'>Epistulam</span> <span class='ocrx_word' id='word_1_608' title='bbox 1438 1995 1445 2002; x_wconf 95' lang='lat'><em>.</em></span> <span class='ocrx_word' id='word_1_609' title='bbox 1474 1971 1519 2004; x_wconf 87' lang='lat' dir='ltr'>Et</span> <span class='ocrx_word' id='word_1_610' title='bbox 1531 1969 1628 2006; x_wconf 83' lang='lat' dir='ltr'>valde</span> <span class='ocrx_word' id='word_1_611' title='bbox 1650 1981 1705 2005; x_wconf 85' lang='lat' dir='ltr'>me</span> <span class='ocrx_word' id='word_1_612' title='bbox 1724 1970 1927 2015; x_wconf 75' lang='lat' dir='ltr'>obstupuisse</span> <span class='ocrx_word' id='word_1_613' title='bbox 1942 1971 2112 2006; x_wconf 83' lang='lat' dir='ltr'>confiteor</span> <span class='ocrx_word' id='word_1_614' title='bbox 2119 1995 2131 2012; x_wconf 78' lang='grc'><em>,</em></span> 
     </span>
     <span class='ocr_line' id='line_1_93' title="bbox 1239 2018 2132 2064; baseline 0.004 -12"><span class='ocrx_word' id='word_1_615' title='bbox 1239 2018 1365 2053; x_wconf 85' lang='lat' dir='ltr'>Vereor</span> <span class='ocrx_word' id='word_1_616' title='bbox 1386 2020 1527 2063; x_wconf 81' lang='lat' dir='ltr'>quippe,</span> <span class='ocrx_word' id='word_1_617' title='bbox 1553 2031 1673 2064; x_wconf 88' lang='lat' dir='ltr'>nequa</span> <span class='ocrx_word' id='word_1_618' title='bbox 1697 2019 1868 2055; x_wconf 72' lang='lat' dir='ltr'>adversum</span> <span class='ocrx_word' id='word_1_619' title='bbox 1880 2031 1943 2056; x_wconf 89' lang='lat' dir='ltr'>nos</span> <span class='ocrx_word' id='word_1_620' title='bbox 1962 2021 2132 2056; x_wconf 71' lang='lat' dir='ltr'>accusatio</span> 
     </span>
     <span class='ocr_line' id='line_1_94' title="bbox 1238 2066 2132 2112; baseline 0.007 -13"><span class='ocrx_word' id='word_1_621' title='bbox 1238 2066 1372 2100; x_wconf 86' lang='lat' dir='ltr'>veniens</span> <span class='ocrx_word' id='word_1_622' title='bbox 1381 2091 1392 2107; x_wconf 94' lang='lat'>‚</span> <span class='ocrx_word' id='word_1_623' title='bbox 1419 2078 1503 2109; x_wconf 87' lang='lat' dir='ltr'>opus</span> <span class='ocrx_word' id='word_1_624' title='bbox 1514 2080 1659 2112; x_wconf 84' lang='lat' dir='ltr'>namque</span> <span class='ocrx_word' id='word_1_625' title='bbox 1671 2071 1738 2102; x_wconf 86' lang='lat' dir='ltr'>tale</span> <span class='ocrx_word' id='word_1_626' title='bbox 1749 2071 1934 2104; x_wconf 86' lang='lat' dir='ltr'>multorum</span> <span class='ocrx_word' id='word_1_627' title='bbox 1955 2070 2002 2104; x_wconf 86' lang='lat' dir='ltr'>est</span> <span class='ocrx_word' id='word_1_628' title='bbox 2012 2072 2034 2111; x_wconf 75' lang='lat'>,‘</span> <span class='ocrx_word' id='word_1_629' title='bbox 2050 2071 2132 2105; x_wconf 82' lang='lat' dir='ltr'>lieet</span> 
     </span>
     <span class='ocr_line' id='line_1_95' title="bbox 1229 2116 2132 2163; baseline 0.006 -14"><span class='ocrx_word' id='word_1_630' title='bbox 1229 2116 1362 2160; x_wconf 35' lang='lat' dir='ltr'>&lt;semper</span> <span class='ocrx_word' id='word_1_631' title='bbox 1372 2140 1384 2157; x_wconf 86' lang='lat'>‚</span> <span class='ocrx_word' id='word_1_632' title='bbox 1411 2116 1570 2159; x_wconf 75' lang='lat' dir='ltr'>praecipue</span> <span class='ocrx_word' id='word_1_633' title='bbox 1583 2126 1695 2152; x_wconf 88' lang='lat' dir='ltr'>tamen</span> <span class='ocrx_word' id='word_1_634' title='bbox 1706 2116 1774 2152; x_wconf 90' lang='lat' dir='ltr'>hoc</span> <span class='ocrx_word' id='word_1_635' title='bbox 1784 2127 1935 2163; x_wconf 84' lang='lat' dir='ltr'>tempore</span> <span class='ocrx_word' id='word_1_636' title='bbox 1946 2142 1958 2158; x_wconf 91' lang='lat'>,</span> <span class='ocrx_word' id='word_1_637' title='bbox 1968 2129 2030 2152; x_wconf 81' lang='lat' dir='ltr'>tuae</span> <span class='ocrx_word' id='word_1_638' title='bbox 2043 2117 2132 2154; x_wconf 76' lang='lat' dir='ltr'>Cha-</span> 
     </span>
     <span class='ocr_line' id='line_1_96' title="bbox 1236 2165 2133 2212; baseline 0.004 -13"><span class='ocrx_word' id='word_1_639' title='bbox 1236 2166 1344 2201; x_wconf 86' lang='lat' dir='ltr'>ritatis</span> <span class='ocrx_word' id='word_1_640' title='bbox 1353 2165 1567 2201; x_wconf 82' lang='lat' dir='ltr'>turbidaverit</span> <span class='ocrx_word' id='word_1_641' title='bbox 1576 2167 1751 2210; x_wconf 85' lang='lat' dir='ltr'>puritatem</span> <span class='ocrx_word' id='word_1_642' title='bbox 1763 2191 1775 2207; x_wconf 89' lang='lat'>,</span> <span class='ocrx_word' id='word_1_643' title='bbox 1800 2168 1939 2203; x_wconf 79' lang='lat' dir='ltr'>suadens</span> <span class='ocrx_word' id='word_1_644' title='bbox 1947 2166 2040 2212; x_wconf 81' lang='lat' dir='ltr'>quod</span> <span class='ocrx_word' id='word_1_645' title='bbox 2057 2168 2133 2203; x_wconf 83' lang='lat' dir='ltr'>reli-</span> 
     </span>
    </p>
   </div>
   <div class='ocr_carea' id='block_1_22' title="bbox 1210 2215 2133 2358">
    <p class='ocr_par' dir='ltr' id='par_1_24' title="bbox 1210 2215 2133 2358">
     <span class='ocr_line' id='line_1_97' title="bbox 1211 2215 2132 2263; baseline 0.004 -14"><span class='ocrx_word' id='word_1_646' title='bbox 1211 2215 1287 2261; x_wconf 64' lang='lat' dir='ltr'>jsta</span> <span class='ocrx_word' id='word_1_647' title='bbox 1296 2215 1368 2250; x_wconf 84' lang='lat' dir='ltr'>acie</span> <span class='ocrx_word' id='word_1_648' title='bbox 1392 2215 1538 2250; x_wconf 84' lang='lat' dir='ltr'>dedititii</span> <span class='ocrx_word' id='word_1_649' title='bbox 1564 2217 1724 2251; x_wconf 85' lang='lat' dir='ltr'>fuerimus</span> <span class='ocrx_word' id='word_1_650' title='bbox 1733 2216 1863 2258; x_wconf 65' lang='lat' dir='ltr'>efrem,</span> <span class='ocrx_word' id='word_1_651' title='bbox 1889 2218 1925 2254; x_wconf 77' lang='lat' dir='ltr'>dt</span> <span class='ocrx_word' id='word_1_652' title='bbox 1949 2219 2039 2262; x_wconf 79' lang='lat' dir='ltr'>quasi</span> <span class='ocrx_word' id='word_1_653' title='bbox 2059 2218 2132 2263; x_wconf 82' lang='lat' dir='ltr'>qui-</span> 
     </span>
     <span class='ocr_line' id='line_1_98' title="bbox 1212 2260 2133 2311; baseline 0.007 -12"><span class='ocrx_word' id='word_1_654' title='bbox 1212 2308 1213 2311; x_wconf 11' lang='lat'><em>*</em></span> <span class='ocrx_word' id='word_1_655' title='bbox 1235 2260 1318 2300; x_wconf 64' lang='lat' dir='ltr'>:dain</span> <span class='ocrx_word' id='word_1_656' title='bbox 1333 2264 1530 2310; x_wconf 82' lang='lat' dir='ltr'>multipedes</span> <span class='ocrx_word' id='word_1_657' title='bbox 1539 2275 1597 2300; x_wconf 87' lang='lat' dir='ltr'>aut</span> <span class='ocrx_word' id='word_1_658' title='bbox 1608 2264 1854 2303; x_wconf 81' lang='lat' dir='ltr'>chamaleontes</span> <span class='ocrx_word' id='word_1_659' title='bbox 1863 2267 2010 2304; x_wconf 81' lang='lat' dir='ltr'>colorem</span> <span class='ocrx_word' id='word_1_660' title='bbox 2019 2268 2133 2305; x_wconf 85' lang='lat' dir='ltr'>secun·</span> 
     </span>
     <span class='ocr_line' id='line_1_99' title="bbox 1210 2314 1827 2358; baseline 0.005 -10"><span class='ocrx_word' id='word_1_661' title='bbox 1210 2317 1214 2325; x_wconf 73' lang='lat'><strong>⁴</strong></span> <span class='ocrx_word' id='word_1_662' title='bbox 1235 2314 1317 2349; x_wconf 75' lang='lat' dir='ltr'>dum</span> <span class='ocrx_word' id='word_1_663' title='bbox 1330 2324 1437 2358; x_wconf 86' lang='lat' dir='ltr'>petras</span> <span class='ocrx_word' id='word_1_664' title='bbox 1463 2315 1497 2349; x_wconf 76' lang='grc' dir='ltr'>δε</span> <span class='ocrx_word' id='word_1_665' title='bbox 1515 2315 1600 2350; x_wconf 84' lang='lat' dir='ltr'>folia</span> <span class='ocrx_word' id='word_1_666' title='bbox 1613 2318 1827 2353; x_wconf 74' lang='lat' dir='ltr'>verterimus.</span> 
     </span>
    </p>
   </div>
   <div class='ocr_carea' id='block_1_23' title="bbox 1235 2363 2133 2662">
    <p class='ocr_par' dir='ltr' id='par_1_25' title="bbox 1235 2363 2133 2662">
     <span class='ocr_line' id='line_1_100' title="bbox 1287 2363 2131 2414; baseline 0.005 -14"><span class='ocrx_word' id='word_1_667' title='bbox 1287 2363 1395 2400; x_wconf 81' lang='lat' dir='ltr'>Unde</span> <span class='ocrx_word' id='word_1_668' title='bbox 1404 2365 1446 2400; x_wconf 74' lang='lat' dir='ltr'>ad</span> <span class='ocrx_word' id='word_1_669' title='bbox 1456 2363 1520 2399; x_wconf 74' lang='lat' dir='ltr'>has</span> <span class='ocrx_word' id='word_1_670' title='bbox 1529 2367 1656 2402; x_wconf 85' lang='lat' dir='ltr'>rursum</span> <span class='ocrx_word' id='word_1_671' title='bbox 1667 2367 1789 2402; x_wconf 83' lang='lat' dir='ltr'>litteras</span> <span class='ocrx_word' id='word_1_672' title='bbox 1800 2367 1900 2403; x_wconf 88' lang='lat' dir='ltr'>venio</span> <span class='ocrx_word' id='word_1_673' title='bbox 1908 2391 1920 2408; x_wconf 91' lang='lat'>‚</span> <span class='ocrx_word' id='word_1_674' title='bbox 1946 2380 2079 2414; x_wconf 62' lang='lat' dir='ltr'>acoeogo</span> <span class='ocrx_word' id='word_1_675' title='bbox 2088 2377 2131 2405; x_wconf 79' lang='lat' dir='ltr'>ut</span> 
     </span>
     <span class='ocr_line' id='line_1_101' title="bbox 1236 2415 2133 2461; baseline 0.003 -11"><span class='ocrx_word' id='word_1_676' title='bbox 1236 2415 1396 2450; x_wconf 74' lang='lat' dir='ltr'>Sanffltas</span> <span class='ocrx_word' id='word_1_677' title='bbox 1419 2425 1475 2450; x_wconf 82' lang='lat' dir='ltr'>tua</span> <span class='ocrx_word' id='word_1_678' title='bbox 1498 2416 1614 2451; x_wconf 83' lang='lat' dir='ltr'>eadem</span> <span class='ocrx_word' id='word_1_679' title='bbox 1636 2416 1676 2451; x_wconf 88' lang='lat' dir='ltr'>fit</span> <span class='ocrx_word' id='word_1_680' title='bbox 1685 2416 1865 2452; x_wconf 77' lang='lat' dir='ltr'>circanos.</span> <span class='ocrx_word' id='word_1_681' title='bbox 1892 2417 2133 2461; x_wconf 62' lang='lat' dir='ltr'>Adjuvantesp</span> 
     </span>
     <span class='ocr_line' id='line_1_102' title="bbox 1236 2464 2131 2511; baseline 0.006 -12"><span class='ocrx_word' id='word_1_682' title='bbox 1236 2464 1369 2510; x_wconf 88' lang='lat' dir='ltr'>quidem</span> <span class='ocrx_word' id='word_1_683' title='bbox 1381 2466 1489 2511; x_wconf 84' lang='lat' dir='ltr'>gratia</span> <span class='ocrx_word' id='word_1_684' title='bbox 1502 2466 1592 2507; x_wconf 89' lang='lat' dir='ltr'>Dei,</span> <span class='ocrx_word' id='word_1_685' title='bbox 1617 2477 1688 2502; x_wconf 88' lang='lat' dir='ltr'>non</span> <span class='ocrx_word' id='word_1_686' title='bbox 1698 2467 1869 2503; x_wconf 85' lang='lat' dir='ltr'>imitamur</span> <span class='ocrx_word' id='word_1_687' title='bbox 1879 2468 1985 2503; x_wconf 80' lang='lat' dir='ltr'>varios</span> <span class='ocrx_word' id='word_1_688' title='bbox 2002 2479 2131 2504; x_wconf 72' lang='lat' dir='ltr'>reuma·</span> 
     </span>
     <span class='ocr_line' id='line_1_103' title="bbox 1236 2515 2129 2560; baseline 0.003 -9"><span class='ocrx_word' id='word_1_689' title='bbox 1236 2526 1308 2552; x_wconf 90' lang='lat' dir='ltr'>turn</span> <span class='ocrx_word' id='word_1_690' title='bbox 1334 2517 1466 2557; x_wconf 91' lang='lat' dir='ltr'>cursus,</span> <span class='ocrx_word' id='word_1_691' title='bbox 1492 2516 1550 2560; x_wconf 89' lang='lat' dir='ltr'>qui</span> <span class='ocrx_word' id='word_1_692' title='bbox 1573 2515 1740 2552; x_wconf 87' lang='lat' dir='ltr'>interdum</span> <span class='ocrx_word' id='word_1_693' title='bbox 1763 2517 1898 2560; x_wconf 86' lang='lat' dir='ltr'>quidem</span> <span class='ocrx_word' id='word_1_694' title='bbox 1923 2516 2016 2559; x_wconf 91' lang='lat' dir='ltr'>huc,</span> <span class='ocrx_word' id='word_1_695' title='bbox 2044 2530 2129 2554; x_wconf 83' lang='lat' dir='ltr'>non·</span> 
     </span>
     <span class='ocr_line' id='line_1_104' title="bbox 1237 2563 2128 2610; baseline 0.002 -9"><span class='ocrx_word' id='word_1_696' title='bbox 1237 2577 1408 2610; x_wconf 84' lang='lat' dir='ltr'>nunquam</span> <span class='ocrx_word' id='word_1_697' title='bbox 1419 2563 1498 2601; x_wconf 74' lang='lat' dir='ltr'>veno</span> <span class='ocrx_word' id='word_1_698' title='bbox 1508 2566 1590 2601; x_wconf 88' lang='lat' dir='ltr'>illuc</span> <span class='ocrx_word' id='word_1_699' title='bbox 1601 2578 1760 2602; x_wconf 83' lang='lat' dir='ltr'>recurrere</span> <span class='ocrx_word' id='word_1_700' title='bbox 1769 2568 1875 2602; x_wconf 86' lang='lat' dir='ltr'>solent</span> <span class='ocrx_word' id='word_1_701' title='bbox 1885 2592 1896 2608; x_wconf 93' lang='lat'>,</span> <span class='ocrx_word' id='word_1_702' title='bbox 1925 2568 1979 2602; x_wconf 89' lang='lat' dir='ltr'>sed</span> <span class='ocrx_word' id='word_1_703' title='bbox 1997 2568 2128 2603; x_wconf 82' lang='lat' dir='ltr'>festina-</span> 
     </span>
     <span class='ocr_line' id='line_1_105' title="bbox 1235 2615 2127 2662; baseline 0.003 -12"><span class='ocrx_word' id='word_1_704' title='bbox 1235 2622 1308 2653; x_wconf 89' lang='lat' dir='ltr'>mus</span> <span class='ocrx_word' id='word_1_705' title='bbox 1319 2616 1434 2654; x_wconf 85' lang='lat' dir='ltr'>ineis,</span> <span class='ocrx_word' id='word_1_706' title='bbox 1463 2625 1534 2658; x_wconf 79' lang='lat' dir='ltr'>quae</span> <span class='ocrx_word' id='word_1_707' title='bbox 1545 2616 1564 2650; x_wconf 74' lang='lat' dir='ltr'>a</span> <span class='ocrx_word' id='word_1_708' title='bbox 1575 2617 1738 2660; x_wconf 85' lang='lat' dir='ltr'>principio</span> <span class='ocrx_word' id='word_1_709' title='bbox 1756 2615 2007 2652; x_wconf 85' lang='lat' dir='ltr'>deliberavimus</span> <span class='ocrx_word' id='word_1_710' title='bbox 2019 2642 2030 2659; x_wconf 89' lang='lat'>,</span> <span class='ocrx_word' id='word_1_711' title='bbox 2056 2628 2127 2662; x_wconf 73' lang='lat' dir='ltr'>quae</span> 
     </span>
    </p>
   </div>
   <div class='ocr_carea' id='block_1_24' title="bbox 1210 2664 2127 2731">
    <p class='ocr_par' dir='ltr' id='par_1_26' title="bbox 1210 2664 2127 2731">
     <span class='ocr_line' id='line_1_106' title="bbox 1210 2664 2127 2731; baseline 0.002 -31"><span class='ocrx_word' id='word_1_712' title='bbox 1210 2667 1324 2731; x_wconf 54' lang='grc' dir='ltr'>ἶιιτὶὶα</span> <span class='ocrx_word' id='word_1_713' title='bbox 1344 2666 1444 2706; x_wconf 84' lang='lat' dir='ltr'>sunt,</span> <span class='ocrx_word' id='word_1_714' title='bbox 1468 2675 1678 2710; x_wconf 81' lang='lat' dir='ltr'>permanere,</span> <span class='ocrx_word' id='word_1_715' title='bbox 1705 2666 1741 2700; x_wconf 75' lang='grc' dir='ltr'>δε</span> <span class='ocrx_word' id='word_1_716' title='bbox 1763 2664 1887 2708; x_wconf 85' lang='lat' dir='ltr'>tristia,</span> <span class='ocrx_word' id='word_1_717' title='bbox 1913 2678 2127 2712; x_wconf 64' lang='lat' dir='ltr'>quaecumque</span> 
     </span>
    </p>
   </div>
   <div class='ocr_carea' id='block_1_25' title="bbox 1240 2714 2128 3063">
    <p class='ocr_par' dir='ltr' id='par_1_27' title="bbox 1240 2714 2128 3008">
     <span class='ocr_line' id='line_1_107' title="bbox 1241 2714 2128 2762; baseline 0.002 -11"><span class='ocrx_word' id='word_1_718' title='bbox 1241 2714 1388 2751; x_wconf 84' lang='lat' dir='ltr'>venerint</span> <span class='ocrx_word' id='word_1_719' title='bbox 1400 2739 1412 2756; x_wconf 91' lang='lat'>,</span> <span class='ocrx_word' id='word_1_720' title='bbox 1437 2714 1593 2750; x_wconf 84' lang='lat' dir='ltr'>sustinere</span> <span class='ocrx_word' id='word_1_721' title='bbox 1603 2740 1615 2756; x_wconf 94' lang='lat'>,</span> <span class='ocrx_word' id='word_1_722' title='bbox 1643 2715 1810 2756; x_wconf 81' lang='lat' dir='ltr'>&amp;nutum</span> <span class='ocrx_word' id='word_1_723' title='bbox 1824 2716 1961 2761; x_wconf 83' lang='lat' dir='ltr'>desuper</span> <span class='ocrx_word' id='word_1_724' title='bbox 1970 2719 2128 2762; x_wconf 68' lang='lat' dir='ltr'>exspesta·</span> 
     </span>
     <span class='ocr_line' id='line_1_108' title="bbox 1242 2764 2128 2814; baseline 0.006 -15"><span class='ocrx_word' id='word_1_725' title='bbox 1242 2778 1293 2801; x_wconf 84' lang='lat' dir='ltr'>re.</span> <span class='ocrx_word' id='word_1_726' title='bbox 1323 2765 1514 2803; x_wconf 73' lang='lat' dir='ltr'>Undeaeam</span> <span class='ocrx_word' id='word_1_727' title='bbox 1525 2764 1657 2809; x_wconf 87' lang='lat' dir='ltr'>quidem</span> <span class='ocrx_word' id='word_1_728' title='bbox 1669 2790 1680 2806; x_wconf 92' lang='lat'>‚</span> <span class='ocrx_word' id='word_1_729' title='bbox 1705 2777 1777 2811; x_wconf 84' lang='lat' dir='ltr'>quae</span> <span class='ocrx_word' id='word_1_730' title='bbox 1786 2777 1826 2800; x_wconf 85' lang='lat' dir='ltr'>ex</span> <span class='ocrx_word' id='word_1_731' title='bbox 1838 2766 1999 2814; x_wconf 84' lang='lat' dir='ltr'>AEgypto</span> <span class='ocrx_word' id='word_1_732' title='bbox 2016 2768 2065 2803; x_wconf 85' lang='lat' dir='ltr'>est</span> <span class='ocrx_word' id='word_1_733' title='bbox 2077 2768 2128 2804; x_wconf 81' lang='lat' dir='ltr'>di-</span> 
     </span>
     <span class='ocr_line' id='line_1_109' title="bbox 1241 2814 2125 2862; baseline 0.001 -10"><span class='ocrx_word' id='word_1_734' title='bbox 1241 2819 1344 2858; x_wconf 69' lang='lat' dir='ltr'>resta,</span> <span class='ocrx_word' id='word_1_735' title='bbox 1371 2814 1571 2860; x_wconf 69' lang='lat' dir='ltr'>Epistulam,</span> <span class='ocrx_word' id='word_1_736' title='bbox 1599 2816 1677 2860; x_wconf 84' lang='lat' dir='ltr'>quia</span> <span class='ocrx_word' id='word_1_737' title='bbox 1687 2814 1875 2855; x_wconf 71' lang='lat' dir='ltr'>orthodoxa</span> <span class='ocrx_word' id='word_1_738' title='bbox 1888 2842 1900 2859; x_wconf 93' lang='lat'>‚</span> <span class='ocrx_word' id='word_1_739' title='bbox 1925 2818 2125 2862; x_wconf 71' lang='lat' dir='ltr'>recepimu53</span> 
     </span>
     <span class='ocr_line' id='line_1_110' title="bbox 1241 2860 2126 2912; baseline 0 -10"><span class='ocrx_word' id='word_1_740' title='bbox 1241 2866 1405 2903; x_wconf 89' lang='lat' dir='ltr'>mercedes</span> <span class='ocrx_word' id='word_1_741' title='bbox 1417 2864 1494 2901; x_wconf 75' lang='lat' dir='ltr'>vero</span> <span class='ocrx_word' id='word_1_742' title='bbox 1503 2889 1515 2906; x_wconf 92' lang='lat'>‚</span> <span class='ocrx_word' id='word_1_743' title='bbox 1541 2877 1620 2909; x_wconf 88' lang='lat' dir='ltr'>quas</span> <span class='ocrx_word' id='word_1_744' title='bbox 1632 2878 1690 2911; x_wconf 87' lang='lat' dir='ltr'>pro</span> <span class='ocrx_word' id='word_1_745' title='bbox 1701 2866 1815 2902; x_wconf 87' lang='lat' dir='ltr'>eadem</span> <span class='ocrx_word' id='word_1_746' title='bbox 1828 2869 1881 2903; x_wconf 88' lang='lat' dir='ltr'>sua</span> <span class='ocrx_word' id='word_1_747' title='bbox 1894 2870 1975 2903; x_wconf 67' lang='lat' dir='ltr'>resta</span> <span class='ocrx_word' id='word_1_748' title='bbox 1995 2860 2059 2902; x_wconf 83' lang='lat' dir='ltr'>fide</span> <span class='ocrx_word' id='word_1_749' title='bbox 2067 2879 2126 2912; x_wconf 87' lang='lat' dir='ltr'>po-</span> 
     </span>
     <span class='ocr_line' id='line_1_111' title="bbox 1241 2916 2126 2963; baseline 0 -11"><span class='ocrx_word' id='word_1_750' title='bbox 1241 2917 1361 2963; x_wconf 86' lang='lat' dir='ltr'>poscit,</span> <span class='ocrx_word' id='word_1_751' title='bbox 1388 2916 1447 2960; x_wconf 89' lang='lat' dir='ltr'>qui</span> <span class='ocrx_word' id='word_1_752' title='bbox 1463 2927 1536 2951; x_wconf 87' lang='lat' dir='ltr'>eam</span> <span class='ocrx_word' id='word_1_753' title='bbox 1559 2917 1616 2951; x_wconf 86' lang='lat' dir='ltr'>vix</span> <span class='ocrx_word' id='word_1_754' title='bbox 1639 2916 1774 2952; x_wconf 89' lang='lat' dir='ltr'>tandem</span> <span class='ocrx_word' id='word_1_755' title='bbox 1794 2918 1918 2953; x_wconf 87' lang='lat' dir='ltr'>discere</span> <span class='ocrx_word' id='word_1_756' title='bbox 1934 2918 2039 2953; x_wconf 87' lang='lat' dir='ltr'>valuit</span> <span class='ocrx_word' id='word_1_757' title='bbox 2048 2942 2061 2958; x_wconf 91' lang='lat'>‚</span> <span class='ocrx_word' id='word_1_758' title='bbox 2087 2927 2126 2952; x_wconf 88' lang='lat' dir='ltr'>ut</span> 
     </span>
     <span class='ocr_line' id='line_1_112' title="bbox 1240 2966 2124 3008; baseline -0.001 -4"><span class='ocrx_word' id='word_1_759' title='bbox 1240 2967 1387 3004; x_wconf 88' lang='lat' dir='ltr'>odiosam</span> <span class='ocrx_word' id='word_1_760' title='bbox 1398 2967 1475 3002; x_wconf 90' lang='lat' dir='ltr'>Deo</span> <span class='ocrx_word' id='word_1_761' title='bbox 1484 2991 1495 3008; x_wconf 92' lang='lat'>,</span> <span class='ocrx_word' id='word_1_762' title='bbox 1529 2967 1563 3002; x_wconf 90' lang='lat'>&amp;</span> <span class='ocrx_word' id='word_1_763' title='bbox 1574 2966 1832 3003; x_wconf 85' lang='lat' dir='ltr'>abominandam</span> <span class='ocrx_word' id='word_1_764' title='bbox 1851 2969 1959 3003; x_wconf 90' lang='lat' dir='ltr'>sumus</span> <span class='ocrx_word' id='word_1_765' title='bbox 1968 2969 2103 3003; x_wconf 86' lang='lat' dir='ltr'>aversati</span> <span class='ocrx_word' id='word_1_766' title='bbox 2115 2993 2124 3004; x_wconf 84' lang='lat'><strong>.</strong></span> 
     </span>
    </p>

    <p class='ocr_par' dir='ltr' id='par_1_28' title="bbox 1289 3017 2126 3063">
     <span class='ocr_line' id='line_1_113' title="bbox 1289 3017 2126 3063; baseline 0.001 -11"><span class='ocrx_word' id='word_1_767' title='bbox 1289 3017 1378 3052; x_wconf 91' lang='lat' dir='ltr'>Nam</span> <span class='ocrx_word' id='word_1_768' title='bbox 1389 3018 1461 3062; x_wconf 88' lang='lat' dir='ltr'>quis</span> <span class='ocrx_word' id='word_1_769' title='bbox 1472 3028 1620 3062; x_wconf 86' lang='lat' dir='ltr'>unquam</span> <span class='ocrx_word' id='word_1_770' title='bbox 1630 3028 1744 3053; x_wconf 88' lang='lat' dir='ltr'>eorum</span> <span class='ocrx_word' id='word_1_771' title='bbox 1754 3043 1765 3060; x_wconf 86' lang='lat'>‚</span> <span class='ocrx_word' id='word_1_772' title='bbox 1788 3019 1849 3063; x_wconf 80' lang='lat' dir='ltr'>qui</span> <span class='ocrx_word' id='word_1_773' title='bbox 1861 3017 1920 3053; x_wconf 90' lang='lat' dir='ltr'>sub</span> <span class='ocrx_word' id='word_1_774' title='bbox 1937 3019 2057 3063; x_wconf 85' lang='lat' dir='ltr'>pietate</span> <span class='ocrx_word' id='word_1_775' title='bbox 2069 3029 2126 3053; x_wconf 92' lang='lat' dir='ltr'>nu·</span> 
     </span>
    </p>
   </div>
   <div class='ocr_carea' id='block_1_26' title="bbox 1209 3067 2128 3163">
    <p class='ocr_par' dir='ltr' id='par_1_29' title="bbox 1209 3067 2128 3163">
     <span class='ocr_line' id='line_1_114' title="bbox 1209 3067 2128 3114; baseline -0.001 -10"><span class='ocrx_word' id='word_1_776' title='bbox 1209 3090 1213 3096; x_wconf 88' lang='lat'><strong>·</strong></span> <span class='ocrx_word' id='word_1_777' title='bbox 1239 3068 1308 3104; x_wconf 91' lang='lat' dir='ltr'>triti</span> <span class='ocrx_word' id='word_1_778' title='bbox 1321 3069 1418 3108; x_wconf 86' lang='lat' dir='ltr'>sunt,</span> <span class='ocrx_word' id='word_1_779' title='bbox 1443 3067 1627 3102; x_wconf 86' lang='lat' dir='ltr'>mercedem</span> <span class='ocrx_word' id='word_1_780' title='bbox 1637 3068 1811 3104; x_wconf 65' lang='lat' dir='ltr'>reeiaefidei</span> <span class='ocrx_word' id='word_1_781' title='bbox 1825 3068 2045 3104; x_wconf 86' lang='lat' dir='ltr'>homicidium</span> <span class='ocrx_word' id='word_1_782' title='bbox 2067 3080 2128 3114; x_wconf 89' lang='lat' dir='ltr'>po·</span> 
     </span>
     <span class='ocr_line' id='line_1_115' title="bbox 1209 3117 2126 3163; baseline -0.001 -9"><span class='ocrx_word' id='word_1_783' title='bbox 1209 3145 1212 3147; x_wconf 21' lang='grc' dir='ltr'><strong>Α</strong></span> <span class='ocrx_word' id='word_1_784' title='bbox 1241 3118 1397 3154; x_wconf 77' lang='lat' dir='ltr'>stulavit?</span> <span class='ocrx_word' id='word_1_785' title='bbox 1423 3117 1488 3152; x_wconf 92' lang='lat' dir='ltr'>Vel</span> <span class='ocrx_word' id='word_1_786' title='bbox 1511 3118 1585 3163; x_wconf 87' lang='lat' dir='ltr'>quis</span> <span class='ocrx_word' id='word_1_787' title='bbox 1605 3118 1721 3154; x_wconf 86' lang='lat' dir='ltr'>tribuit</span> <span class='ocrx_word' id='word_1_788' title='bbox 1739 3119 1942 3163; x_wconf 83' lang='lat' dir='ltr'>postulanti?</span> <span class='ocrx_word' id='word_1_789' title='bbox 1968 3119 2039 3154; x_wconf 89' lang='lat' dir='ltr'>Aut</span> <span class='ocrx_word' id='word_1_790' title='bbox 2052 3119 2126 3163; x_wconf 81' lang='lat' dir='ltr'>quis</span> 
     </span>
    </p>
   </div>
   <div class='ocr_carea' id='block_1_27' title="bbox 1235 3167 2126 3268">
    <p class='ocr_par' dir='ltr' id='par_1_30' title="bbox 1235 3167 2126 3268">
     <span class='ocr_line' id='line_1_116' title="bbox 1240 3167 2126 3212; baseline 0 -8"><span class='ocrx_word' id='word_1_791' title='bbox 1240 3177 1387 3204; x_wconf 81' lang='lat' dir='ltr'>veracem</span> <span class='ocrx_word' id='word_1_792' title='bbox 1396 3167 1619 3212; x_wconf 87' lang='lat' dir='ltr'>appelleteum</span> <span class='ocrx_word' id='word_1_793' title='bbox 1629 3194 1641 3211; x_wconf 92' lang='lat'>,</span> <span class='ocrx_word' id='word_1_794' title='bbox 1666 3170 1804 3212; x_wconf 84' lang='lat' dir='ltr'>quisine</span> <span class='ocrx_word' id='word_1_795' title='bbox 1815 3169 1966 3205; x_wconf 75' lang='lat' dir='ltr'>mercede</span> <span class='ocrx_word' id='word_1_796' title='bbox 1984 3168 2126 3204; x_wconf 62' lang='lat' dir='ltr'>honora*-</span> 
     </span>
     <span class='ocr_line' id='line_1_117' title="bbox 1235 3218 2124 3268; baseline -0.002 -13"><span class='ocrx_word' id='word_1_797' title='bbox 1235 3218 1426 3255; x_wconf 63' lang='lat' dir='ltr'>vreuoluerit</span> <span class='ocrx_word' id='word_1_798' title='bbox 1439 3219 1608 3255; x_wconf 85' lang='lat' dir='ltr'>veritatem</span> <span class='ocrx_word' id='word_1_799' title='bbox 1619 3221 1637 3253; x_wconf 68' lang='grc' dir='ltr'>,ἒ</span> <span class='ocrx_word' id='word_1_800' title='bbox 1661 3220 1792 3256; x_wconf 89' lang='lat' dir='ltr'>Demus</span> <span class='ocrx_word' id='word_1_801' title='bbox 1800 3222 1891 3255; x_wconf 87' lang='lat' dir='ltr'>enim</span> <span class='ocrx_word' id='word_1_802' title='bbox 1903 3231 1971 3255; x_wconf 87' lang='lat' dir='ltr'>non</span> <span class='ocrx_word' id='word_1_803' title='bbox 1986 3220 2049 3268; x_wconf 74' lang='lat' dir='ltr'>esse</span> <span class='ocrx_word' id='word_1_804' title='bbox 2060 3218 2124 3253; x_wconf 68' lang='lat' dir='ltr'>mi-</span> 
     </span>
    </p>
   </div>
   <div class='ocr_carea' id='block_1_28' title="bbox 290 3265 2124 3418">
    <p class='ocr_par' dir='ltr' id='par_1_31' title="bbox 290 3265 2124 3418">
     <span class='ocr_line' id='line_1_118' title="bbox 290 3265 2123 3315; baseline 0.001 -13"><span class='ocrx_word' id='word_1_805' title='bbox 290 3266 456 3304; x_wconf 71' lang='lat' dir='ltr'>senderet;</span> <span class='ocrx_word' id='word_1_806' title='bbox 482 3265 588 3301; x_wconf 74' lang='lat' dir='ltr'>Porro</span> <span class='ocrx_word' id='word_1_807' title='bbox 611 3268 771 3310; x_wconf 81' lang='lat' dir='ltr'>Ioannem</span> <span class='ocrx_word' id='word_1_808' title='bbox 794 3270 923 3315; x_wconf 88' lang='lat' dir='ltr'>arguit,</span> <span class='ocrx_word' id='word_1_809' title='bbox 950 3267 1041 3313; x_wconf 74' lang='lat' dir='ltr'>quod</span> <span class='ocrx_word' id='word_1_810' title='bbox 1062 3280 1176 3306; x_wconf 84' lang='lat' dir='ltr'>contra</span> <span class='ocrx_word' id='word_1_811' title='bbox 1232 3271 1328 3310; x_wconf 70' lang='lat' dir='ltr'>lam,</span> <span class='ocrx_word' id='word_1_812' title='bbox 1341 3280 1413 3313; x_wconf 85' lang='lat' dir='ltr'>quae</span> <span class='ocrx_word' id='word_1_813' title='bbox 1425 3270 1471 3307; x_wconf 91' lang='lat' dir='ltr'>est</span> <span class='ocrx_word' id='word_1_814' title='bbox 1482 3270 1605 3313; x_wconf 81' lang='lat' dir='ltr'>petita,</span> <span class='ocrx_word' id='word_1_815' title='bbox 1619 3271 1826 3306; x_wconf 85' lang='lat' dir='ltr'>mercedem:</span> <span class='ocrx_word' id='word_1_816' title='bbox 1850 3271 2031 3306; x_wconf 84' lang='lat' dir='ltr'>Docuerit.</span> <span class='ocrx_word' id='word_1_817' title='bbox 2054 3266 2123 3301; x_wconf 81' lang='lat' dir='ltr'>Mi·</span> 
     </span>
     <span class='ocr_line' id='line_1_119' title="bbox 291 3314 2124 3365; baseline 0 -13"><span class='ocrx_word' id='word_1_818' title='bbox 291 3316 445 3356; x_wconf 76' lang='lat' dir='ltr'>amicitiae</span> <span class='ocrx_word' id='word_1_819' title='bbox 462 3314 548 3360; x_wconf 89' lang='lat' dir='ltr'>leges</span> <span class='ocrx_word' id='word_1_820' title='bbox 566 3318 826 3354; x_wconf 85' lang='lat' dir='ltr'>communicaret</span> <span class='ocrx_word' id='word_1_821' title='bbox 845 3319 915 3363; x_wconf 87' lang='lat' dir='ltr'>ejus</span> <span class='ocrx_word' id='word_1_822' title='bbox 933 3318 1118 3355; x_wconf 85' lang='lat' dir='ltr'>adversariis</span> <span class='ocrx_word' id='word_1_823' title='bbox 1141 3317 1181 3358; x_wconf 56' lang='grc' dir='ltr'>δὲ</span> <span class='ocrx_word' id='word_1_824' title='bbox 1239 3319 1273 3355; x_wconf 86' lang='lat' dir='ltr'>hi</span> <span class='ocrx_word' id='word_1_825' title='bbox 1285 3321 1376 3356; x_wconf 86' lang='lat' dir='ltr'>enim</span> <span class='ocrx_word' id='word_1_826' title='bbox 1389 3318 1516 3355; x_wconf 83' lang='lat' dir='ltr'>videtur</span> <span class='ocrx_word' id='word_1_827' title='bbox 1537 3332 1600 3356; x_wconf 87' lang='lat' dir='ltr'>nec</span> <span class='ocrx_word' id='word_1_828' title='bbox 1616 3322 1711 3356; x_wconf 91' lang='lat' dir='ltr'>illum</span> <span class='ocrx_word' id='word_1_829' title='bbox 1733 3320 1907 3358; x_wconf 81' lang='lat' dir='ltr'>nominare</span> <span class='ocrx_word' id='word_1_830' title='bbox 1924 3321 2098 3365; x_wconf 73' lang='lat' dir='ltr'>perfeetum</span> <span class='ocrx_word' id='word_1_831' title='bbox 2110 3340 2124 3357; x_wconf 83' lang='lat'>,</span> 
     </span>
     <span class='ocr_line' id='line_1_120' title="bbox 291 3364 2123 3418; baseline 0.002 -12"><span class='ocrx_word' id='word_1_832' title='bbox 291 3364 583 3406; x_wconf 81' lang='lat' dir='ltr'>calumniatoribus</span> <span class='ocrx_word' id='word_1_833' title='bbox 597 3379 606 3400; x_wconf 87' lang='grc'>;</span> <span class='ocrx_word' id='word_1_834' title='bbox 634 3366 763 3415; x_wconf 82' lang='lat' dir='ltr'>Nempe</span> <span class='ocrx_word' id='word_1_835' title='bbox 783 3368 961 3407; x_wconf 85' lang='lat' dir='ltr'>Theodori</span> <span class='ocrx_word' id='word_1_836' title='bbox 985 3380 1023 3405; x_wconf 88' lang='lat' dir='ltr'>ac</span> <span class='ocrx_word' id='word_1_837' title='bbox 1033 3369 1175 3408; x_wconf 82' lang='lat' dir='ltr'>Diodori</span> <span class='ocrx_word' id='word_1_838' title='bbox 1238 3372 1298 3418; x_wconf 81' lang='lat' dir='ltr'>qui</span> <span class='ocrx_word' id='word_1_839' title='bbox 1309 3379 1441 3418; x_wconf 84' lang='lat' dir='ltr'>propter</span> <span class='ocrx_word' id='word_1_840' title='bbox 1451 3370 1609 3418; x_wconf 84' lang='lat' dir='ltr'>Regnum</span> <span class='ocrx_word' id='word_1_841' title='bbox 1621 3371 1795 3410; x_wconf 74' lang='lat' dir='ltr'>Coelomm</span> <span class='ocrx_word' id='word_1_842' title='bbox 1808 3368 2037 3410; x_wconf 71' lang='lat' dir='ltr'>virtuteanimi</span> <span class='ocrx_word' id='word_1_843' title='bbox 2052 3367 2123 3410; x_wconf 67' lang='lat'>901·</span> 
     </span>
    </p>
   </div>
   <div class='ocr_carea' id='block_1_29' title="bbox 2005 3416 2072 3458">
    <p class='ocr_par' dir='ltr' id='par_1_32' title="bbox 2005 3416 2072 3458">
     <span class='ocr_line' id='line_1_121' title="bbox 2005 3416 2072 3458; baseline 0 -5"><span class='ocrx_word' id='word_1_844' title='bbox 2005 3416 2072 3458; x_wconf 84' lang='lat' dir='ltr'>let,</span> 
     </span>
    </p>
   </div>
  </div>
 </body>
</html>
