2320 3730
363 165 462 209 302

293 238 337 268 eia
348 235 376 267 ἆ
386 232 420 277 [ε
443 233 510 266 lata
519 228 650 275 absolvi.
677 230 877 277 Respondeo
899 227 1065 270 cyrillum
1085 230 1199 266 agere·

290 282 331 319 de
343 284 422 325 solis
432 292 571 327 quatuor
579 282 645 326 iam
659 281 739 327 saepe
750 280 928 317 nominatis
936 301 947 316 ‚
975 274 1011 307 N
1013 273 1181 329 estorianae

288 333 476 378 pertinaciae
498 332 670 376 Capitibus
699 357 711 373 ,
738 341 821 376 quos
844 325 952 363 Sanffi
977 323 1179 356 Maximiani

288 381 445 428 Synodus
454 383 658 429 singulariter
668 382 838 419 damnarat
852 399 863 415 ‚
887 375 922 408 δε
942 385 1026 416 quos
1044 373 1180 407 Sanetus

287 432 436 479 Cyrillus
457 433 635 472 excluserat
655 431 673 465 a
696 439 774 473 pace
797 452 807 467 ‚
836 425 933 459 Pauli
958 424 1112 458 Emeseni
1133 424 1178 457 in-

285 483 492 522 stantiffimas
520 496 579 528 pro
602 481 674 524 ipsis
705 487 815 523 preces
851 475 968 510 nolens
992 475 1147 508 exaudire
1169 499 1176 511 ,.

287 532 401 582 Qare
420 534 552 569 extendi
574 531 642 567 haec
667 541 736 567 non
760 527 879 572 poffint
904 526 945 560 ad
958 535 1094 566 omneS,
1119 525 1176 569 qui

285 582 402 628 Ephesi
414 586 540 618 fuerant
555 606 567 622 ,
592 582 719 625 &quos
733 576 893 623 Ephesma
912 575 1065 623 Synodus
1089 573 1177 613 dam-

283 642 375 669 narat
389 632 574 670 orientales
588 631 768 676 Episcopos
783 654 789 661 .
822 627 876 661 De
888 625 940 662 his
953 628 1043 665 enim
1063 625 1097 659 in
1121 626 1175 665 sua

282 682 400 719 ultima
425 707 438 727 ,
464 694 528 727 qua
551 681 751 729 Ephesinam
773 677 947 722 Synodum
969 675 1116 711 diflolvit
1137 687 1175 710 ac

282 733 405 770 dimisit
425 758 437 775 ‚
472 734 568 767 Sacra
595 729 714 774 scripsit
738 730 918 775 Imperator
944 725 1174 768 Theodosius:

281 787 342 817 Hoc
358 781 557 824 significamus
583 779 779 825 Religio-litati
802 779 932 827 vestrae,
958 779 1058 824 quod,
1085 789 1175 821 quam

283 833 334 865 diu
356 836 493 866 vivimus
520 855 532 873 ‚
557 832 730 871 orientales
754 832 930 872 atiJ'udicare
952 842 1010 863 non
1025 829 1172 871 poffimus.

280 884 392 914 Coram
413 887 492 918 enim
515 881 599 919 nobis
610 883 694 922 nulla
704 890 843 924 exparte
859 875 1085 922 conviciisunt‘.
1115 878 1174 911 Illa

279 932 382 976 igitur
401 933 563 972 sententia
575 932 695 970 exinde
715 931 826 968 habita
840 931 902 973 fuit
913 942 982 965 non
994 940 1031 970 ut
1043 929 1172 968 damna-

280 982 350 1024 tio,
377 982 431 1019 sed
447 993 483 1018 ut
495 983 632 1027 simplex
644 983 892 1023 communionis
909 981 1079 1021 d-iffecatio
1092 1004 1103 1020 ,
1131 990 1174 1013 re·

277 1031 451 1067 stauranda
473 1044 530 1077 per
543 1034 731 1077 simplicem
745 1032 887 1067 reditum
899 1032 1082 1075 ingratiam
1095 1054 1102 1061 .
1131 1028 1178 1067 A·

278 1081 434 1118 lexander
453 1084 564 1118 Sansti
593 1082 715 1127 Cyrilli
738 1082 833 1116 verba
861 1081 907 1114 est
929 1080 1175 1120 dureinterpre-

277 1141 365 1167 tatus
382 1157 394 1175 ‚
424 1133 472 1168 ita
493 1133 627 1171 studens
655 1132 751 1172 illum
787 1130 915 1168 firmare
932 1129 968 1167 in
996 1126 1174 1167 hominum

276 1181 359 1219 odio
372 1208 379 1219 .

327 1231 521 1267 Alexander
544 1231 945 1278 quintoindignatusest,
971 1230 1060 1275 quod
1078 1231 1174 1274 Joan-
1198 1259 1201 1263 r

275 1293 334 1318 nes
345 1283 496 1322 scriberet
513 1282 634 1327 Cyrilli
644 1283 686 1319 ad
697 1284 861 1319 Acacium
870 1282 993 1318 litteras,
1002 1292 1070 1315 non
1081 1281 1175 1315 dum-

275 1343 368 1368 taxat
392 1333 411 1368 a
433 1335 465 1369 se
476 1335 599 1372 censeri
608 1333 824 1370 orthodoxas
834 1356 846 1374 ,
872 1333 926 1370 sed
939 1333 1039 1367 etiam
1050 1331 1092 1366 ab
1103 1332 1172 1374 ipso

275 1382 420 1419 Acacio.
452 1385 548 1424 Hinc
561 1385 743 1421 conclusit.-
771 1387 803 1418 51
824 1389 938 1433 igitur,
956 1381 1029 1424 ficut
1044 1379 1172 1424 Sandis:

270 1433 342 1478 fimo
360 1433 506 1481 Episcopo.
530 1440 633 1470 Acacio
653 1435 818 1470 orthodoxa
841 1435 892 1478 effe
909 1431 977 1477 visa
988 1432 1025 1473 est
1034 1431 1151 1473 eplst⁰la
1162 1455 1172 1471 2

268 1482 310 1529 fic
329 1489 422 1518 enam
446 1493 507 1520 tuae
521 1485 704 1526 Sanffl'uan,
731 1483 910 1528 ficperfluam
922 1481 1051 1517 arbitror
1054 1480 1171 1524 fatiga-

274 1540 382 1568 tionem
403 1533 546 1579 Episcopi
569 1537 660 1570 Paul}
682 1536 728 1568 ad
746 1537 940 1579 AEgyptium.
969 1532 1014 1569 Et
1037 1531 1170 1566 tandem

276 1583 467 1619 concludit:
494 1587 526 1621 51
549 1591 640 1629 igitur
660 1584 792 1628 perfistat
814 1590 847 1621 in
866 1582 971 1627 iisdem
986 1585 1171 1626 AEgyptiux,

274 1645 330 1668 nos
342 1634 456 1668 nullam
471 1645 536 1671 cum
560 1646 591 1670 eo
600 1639 877 1670 communionionem
888 1632 1031 1672 habemus
1041 1655 1052 1672 ‚
1077 1642 1171 1674 neque

273 1696 341 1719 cum
365 1690 402 1718 iis
413 1708 423 1725 ,
447 1691 500 1728 qui
510 1690 537 1719 el
546 1691 791 1720 commmunicant
803 1683 911 1728 absque
923 1684 979 1718 hac
991 1681 1169 1728 confessione.

274 1735 385 1770 Addit
410 1737 441 1771 se
462 1745 611 1779 paratum
632 1736 673 1774 ad
685 1736 813 1778 quasvis
824 1735 1079 1780 persecutiones,
1108 1742 1171 1767 tor·

272 1795 385 1820 menta
396 1809 408 1825 ‚
436 1785 657 1822 contumelias
670 1809 678 1818 .
705 1785 818 1819 Etiam
843 1784 886 1820 ab
896 1782 1151 1827 Imperatoribus
1163 1807 1170 1814 .

272 1835 329 1869 Ex
345 1845 413 1878 quo
442 1834 591 1870 videmus
612 1834 693 1872 tales
713 1835 822 1869 minas
841 1833 999 1871 exstitisse
1022 1831 1064 1866 ab
1077 1830 1172 1874 hujus

274 1886 404 1931 negotii
416 1884 556 1921 exordio
567 1910 575 1919 .
601 1883 793 1920 Alexander
810 1883 962 1922 credebat
974 1884 1007 1917 se
1019 1893 1088 1921 non
1102 1883 1172 1926 pos·

271 1937 308 1973 se
328 1937 422 1971 aliter
446 1947 565 1981 agere,
593 1936 651 1970 nisi
663 1946 717 1978 per
737 1935 1035 1978 praevaricationem
1046 1931 1171 1967 Catho-

274 1985 347 2019 licae
357 1985 452 2018 fidei.
481 1985 525 2022 Et
539 1985 575 2018 in
589 1984 652 2018 isto
661 1995 768 2019 errore
779 1986 843 2019 fuit
854 1983 937 2018 adeo
948 1983 1098 2027 pertinax
1106 2007 1116 2025 ‚
1134 1992 1170 2018 ut

275 2035 311 2071 se
321 2033 500 2078 permiserit
510 2034 675 2077 deportari
686 2034 727 2070 ad
748 2034 888 2069 Metalla
904 2033 1051 2077 AEgypti
1061 2055 1069 2063 .

415 2259 458 2306 c
472 2257 566 2305 ΑΡ
583 2252 686 2304 UT
722 2254 1002 2307 cxxxvn.
1025 2264 1164 2309 --ης

277 2397 449 2470 Epistola
469 2433 482 2458 2
520 2397 669 2464 inquit
692 2430 707 2455 ,
744 2391 923 2441 Dorothei
955 2397 975 2455 ,’
1017 2397 1174 2438 Metro-

349 2468 516 2540 politani
549 2467 699 2533 Moefiae
725 2501 738 2525 ‚
774 2462 826 2511 ad
861 2470 941 2511 Deo
974 2457 1173 2527 Amiciffi-

354 2559 460 2589 mum
496 2536 762 2587 Alexandrum
777 2571 791 2595 ‚
827 2531 1056 2602 Episcopum
1090 2537 1173 2583 Eu-

349 2609 574 2680 phratefiae,
609 2611 669 2653 Φ
703 2602 997 2652 Theodoretum.

360 2736 534 2774 Astionem
547 2761 558 2778 ,
581 2745 651 2779 quae
661 2732 787 2777 pridem
800 2732 858 2768 sub
868 2731 955 2777 pacis
969 2730 1172 2767 simulatione

384 2799 454 2823 non
474 2785 559 2822 bene
579 2796 655 2820 cum
678 2783 848 2828 AEgyptio
868 2785 951 2818 fasta
979 2783 1025 2818 est
1047 2807 1058 2824 ,
1086 2793 1173 2816 nunc

286 2839 373 2875 clare
392 2831 517 2874 detexit
528 2836 688 2875 Procius,
714 2832 817 2878 quiin
833 2844 951 2878 magna
967 2833 1021 2867 illa
1043 2832 1173 2867 ordina-

287 2900 340 2925 tus
361 2890 406 2924 est
429 2888 579 2923 civitate.
605 2884 733 2928 Scripsit
744 2883 834 2917 enim
850 2892 964 2917 contra
978 2893 1038 2917 nos
1049 2883 1173 2916 litteras

288 2940 466 2975 calumniis
479 2939 590 2983 plenas
599 2961 610 2978 ‚
638 2944 705 2969 tam
717 2932 757 2968 ad
772 2931 1088 2967 Reverendiffimum
1099 2932 1173 2967 Cle·

289 3002 363 3025 rum
384 3013 395 3030 ,
419 3000 520 3034 quam
542 2988 584 3023 ad
609 2985 768 3020 Amicum
795 2980 917 3017 Christi
948 2982 1174 3017 orthodoxum

290 3038 458 3084 Populum
482 3065 489 3072 .
515 3038 622 3084 Igitur
658 3035 700 3070 ad
726 3034 937 3079 integriorem
974 3033 1175 3076 praefatorum

291 3090 494 3135 Scriptorum
517 3085 845 3132 comprehensionem
870 3093 1002 3127 compar
1026 3084 1176 3127 Epistola:

292 3139 435 3182 ejusdem
445 3139 583 3184 propriis
595 3138 675 3172 meis
685 3136 803 3170 litteris
813 3134 959 3178 jund'tum
971 3133 1076 3168 vestrae
1088 3134 1178 3169 Reli·

293 3189 438 3234 giositati
459 3189 563 3224 direxi
585 3211 597 3229 ,
621 3198 659 3222 ut
685 3187 707 3221 si
728 3185 822 3220 vobis
842 3187 962 3221 rectum
987 3183 1113 3218 videtur
1143 3186 1174 3220 δι

293 3236 378 3273 utile
388 3263 399 3280 ,
425 3238 493 3282 quo
509 3248 626 3283 omnes
638 3248 699 3271 nos
720 3235 761 3272 ad
774 3247 928 3282 magnam
939 3234 1104 3270 civitatem
1125 3246 1179 3279 pa·

295 3288 375 3324 riter
383 3297 634 3328 concurramus,
661 3296 698 3321 ut
707 3298 783 3322 cum
795 3284 996 3330 competenti
1018 3286 1051 3319 in
1066 3286 1174 3320 Deum

294 3338 417 3377 fiducia
441 3337 668 3385 colloquamur
694 3336 818 3373 Amico
841 3334 965 3373 Christi
985 3335 1174 3382 Imperatori

727 145 1065 191 VARIORUM
1102 142 1346 187 PATRUM
1383 141 1708 217 Ειίετρωῑ,

1245 234 1303 266 pro
1326 221 1514 260 orthodoxa
1535 227 1600 261 fide
1621 252 1635 269 ,
1669 230 1704 265 id
1731 230 1866 267 minime
1899 231 2129 279 negligamus&

1245 273 1376 308 Notum
1390 272 1498 312 vestra».
1521 275 1610 312 facio
1631 279 1795 314 Sanffitati
1810 305 1820 322 ,
1845 292 1883 316 ut
1907 282 1990 318 mihi
2013 284 2125 318 secun-

1243 323 1323 358 dum
1336 323 1447 358 Deum
1459 325 1695 370 congaudeatis
1710 351 1722 368 ‚
1745 331 1819 371 quia
1833 331 2123 369 Reverendissimus

1243 374 1389 421 CleruS‚.
1402 375 1435 409 ἀ
1447 373 1587 411 Amicus
1597 374 1719 419 Christi
1731 378 2004 418 Orthodoxorum
2017 384 2126 427 Popu÷

1242 424 1292 459 lus
1304 435 1359 468 per
1371 424 1485 461 diesin
1500 426 1655 462 Domino
1667 426 1909 471 provehuntur,
1937 443 2125 470 concertan-

1241 485 1289 511 tes
1312 475 1520 525 Evangelicae
1541 477 1618 512 fidei
1641 503 1649 511 .
1677 478 1845 520 Omnem,
1871 491 1942 523 quae
1957 483 2124 519 vobiscum

1239 524 1285 559 est
1301 551 1312 567 ,
1339 527 1590 565 Frarernitatem
1614 540 1678 575 ego
1704 553 1717 571 ,
1743 530 1777 567 ὅ(
1799 530 1855 579 qui
1879 541 2010 566 mecum
2029 534 2120 578 fitur,

1241 575 1418 623 plurimum
1431 577 1624 619 salutamus,
2104 575 2107 580 ”

1430 685 1934 735 Senotron.

1303 829 1428 865 Annus
1436 829 1573 868 Procius
1582 834 1644 867 fuit
1654 832 1689 870 in
1701 833 1817 879 Regia
1826 832 1980 868 Civitatis
1991 831 2125 878 Episco-

1258 914 1261 917 Α
1283 913 1288 915 .
1325 891 1402 923 pum
1414 881 1656 921 inthronizatus
1668 895 1757 918 anno
1778 885 1870 921 istius
1884 884 1987 919 saeculi
2002 884 2127 930 trigesi-

1241 938 1298 985 mo
1311 942 1427 974 quarto
1439 955 1449 971 ‚
1473 935 1552 969 feria
1573 934 1688 981 quinta
1702 935 1816 971 sanda
1827 959 1834 966 .
1863 935 1907 969 Et
1920 934 2029 968 statim
2050 933 2126 977 post

1241 979 1325 1019 lstu'd
1335 980 1458 1019 Pascha
1471 1007 1483 1023 ,
1510 984 1600 1028 quod
1616 985 1648 1017 in
1662 986 1812 1028 quintam
1824 984 1987 1021 decimam
1999 983 2125 1028 Aprilis

1241 1028 1359 1067 incidit
1379 1055 1396 1071 ,,
1418 1034 1535 1078 smipta
1556 1034 1602 1068 est
1626 1035 1761 1077 praesens
1784 1034 1931 1076 Epistola
1956 1059 1964 1067 .
2002 1033 2124 1080 Qalis

1241 1079 1343 1113 fuerit:
1358 1079 1413 1115 hic
1424 1083 1627 1121 facinorosus
1637 1083 1830 1121 Dorotheus
1840 1108 1850 1124 ,
1877 1084 1921 1118 est
1935 1082 2066 1120 abunde
2077 1082 2125 1116 di·

1240 1130 1327 1166 etum
1349 1130 1645 1174 in'superioribus.
1672 1132 1736 1166 Per
1756 1133 2119 1177 praesenteslitterasdo-

1241 1188 1292 1212 cet
1310 1190 1372 1214 nos
1392 1179 1471 1215 tria.
1499 1180 1633 1223 Primo,
1660 1180 1751 1225 quod
1774 1182 1972 1218 Saturninus
1989 1206 2000 1222 ,
2026 1193 2124 1226 quem

1241 1229 1468 1267 Maximianus
1478 1231 1512 1269 in
1523 1232 1690 1276 degradati
1703 1232 1867 1268 Dorothei
1890 1233 2001 1267 locum
2014 1233 2126 1267 conse·

1240 1290 1342 1315 crarat
1364 1305 1376 1322 ,
1402 1282 1503 1325 usque
1525 1292 1606 1317 tunc
1627 1281 1841 1317 inthronizari
1866 1294 1934 1316 non
1958 1283 2124 1327 potuerit,

1239 1329 1372 1376 &quod
1393 1332 1508 1375 ipsein
1529 1333 1590 1367 suo
1602 1331 1724 1369 throno
1750 1331 1958 1377 permanserit
1972 1356 1980 1366 .
2006 1333 2125 1368 Secun-

1238 1379 1284 1415 do
1305 1406 1317 1421 ‚
1342 1382 1430 1425 quod
1465 1383 1602 1418 Sanstus
1634 1382 1773 1418 Proclus
1809 1381 2010 1417 Maximiani
2040 1391 2126 1424 opus

1239 1431 1552 1476 fueritprosecutus3
1581 1430 1723 1478 ideoque
1733 1433 1843 1467 statim
1864 1432 1947 1466 asna
1961 1430 2125 1467 inthroni-

1238 1483 1370 1517 zatione
1381 1482 1615 1519 patriarchales
1626 1483 1748 1520 litteras
1758 1483 1878 1517 miserit
1890 1482 1930 1516 ad
1943 1482 2126 1517 Martiano·

1238 1533 1390 1575 politanae
1401 1534 1551 1569 Ecclesiae
1564 1533 1701 1568 Clerum
1715 1545 1753 1568 ac
1765 1532 1930 1578 Populum
1940 1557 1952 1574 ,
1980 1543 2034 1576 per
2044 1541 2125 1576 quas

1237 1581 1351 1619 initam
1364 1594 1477 1626 pacem
1491 1581 1580 1626 large
1590 1583 1742 1626 exposuit
1752 1607 1764 1624 ‚
1789 1582 1948 1618 mandans
1957 1586 1987 1617 ei
1997 1580 2125 1620 obediri

1236 1630 1281 1666 ob
1311 1632 1466 1667 omnibus
1485 1657 1496 1673 ,
1522 1633 1555 1670 δε
1578 1631 1733 1668 rebellem
1760 1644 1799 1668 ac
1817 1629 2033 1676 degradatum
2053 1631 2125 1666 Do-

1236 1681 1389 1721 rotheum
1411 1682 1546 1719 tandem
1567 1683 1687 1726 expelli
1709 1691 1838 1725 ‚atque
1860 1680 1992 1715 admitti
2017 1681 2124 1714 Satur-

1237 1733 1370 1769 ninum.
1398 1732 1541 1772 Tertio,
1569 1731 1659 1776 quod
1672 1731 1787 1766 Clerus
1811 1730 2004 1775 &Populus
2027 1729 2123 1773 ipsius

1237 1782 1408 1820 rebellioni
1424 1783 1576 1827 pertinax
1588 1781 1771 1819 adhaeserit.
1801 1781 1919 1817 Eidem
1938 1779 2124 1822 iniquitatis

1238 1834 1309 1868 luto
1322 1834 1441 1867 infixus
1452 1843 1532 1868 tunc
1550 1842 1618 1870 erat
1629 1831 1898 1877 Hierapolitanus
1912 1830 2100 1866 Alexander
2112 1840 2123 1863 ε

1238 1884 1332 1919 Hinc
1345 1883 1438 1919 illum
1451 1883 1640 1921 Dorotheus
1660 1894 1773 1928 rogat,
1798 1892 1836 1916 ut
1853 1881 1948 1916 simul
1967 1880 2123 1916 accedant

1240 1935 1383 1979 Regiam
1392 1935 1571 1970 Civitatem
1583 1958 1599 1975 ‚.
1612 1933 1795 1969 instruituti
1809 1932 1993 1975 Principem
2009 1956 2017 1963 .
2042 1930 2122 1964 Pro·

1238 1986 1314 2019 inde
1335 1985 1528 2021 Saturninus
1547 1984 1647 2020 etiam
1671 1994 1752 2020 tunc
1775 1994 1844 2018 non
1869 1983 1931 2018 fuit
1948 1981 2058 2016 statim
2071 1980 2123 2016 in-

1238 2032 1460 2068 thronizatus.

1343 2258 1385 2303 C
1398 2258 1443 2301 A
1454 2255 1489 2299 P
1503 2255 1550 2301 U
1563 2252 1605 2300 T
1639 2253 1942 2301 CXXXVIII.
1979 2267 2050 2300 -2
2059 2261 2125 2299 2⁶·

1238 2392 1436 2464 Epl'f‘solct²
1472 2393 1619 2459 inquit
1638 2426 1652 2451 ,
1689 2389 1911 2439 Theodoreti
1945 2386 2123 2459 Episcopi

1412 2465 1463 2512 ad
1497 2459 1726 2510 Dorotheum
1750 2497 1762 2521 ,
1800 2461 1951 2527 Moefiae

1516 2531 1808 2602 Mtropolitam
1819 2567 1833 2580 .

1332 2674 1501 2711 Udientes
1512 2671 1647 2707 vestram
1659 2670 1889 2706 fortitudinem
1909 2670 2101 2706 roboramur
2109 2696 2123 2714 ,

1356 2726 1390 2760 δε
1412 2725 1448 2759 in
1475 2734 1532 2757 vos
1557 2721 1676 2756 intenti
1702 2721 1878 2765 segnitiem
1900 2721 2096 2765 deponimus
2113 2746 2123 2754 .

1241 2777 1416 2821 Exemplar
1426 2773 1513 2809 enim
1526 2771 1703 2817 principale
1710 2772 1839 2807 virtutis
1859 2771 2015 2808 omnibus
2027 2796 2038 2813 ‚
2064 2772 2125 2816 qui

1241 2828 1360 2864 imitati
1374 2823 1538 2861 voluerint
1548 2847 1560 2864 ‚
1582 2833 1640 2857 vos
1650 2820 1882 2857 certaminibus
1893 2821 1944 2856 his
1956 2822 2126 2866 praegfidens

1240 2877 1406 2924 proposuit
1419 2877 1530 2915 Deus,
1555 2873 1890 2916 utperimitationem
1915 2871 2024 2906 vestris
2046 2871 2122 2906 insi·

1240 2930 1389 2976 gniamur
1398 2923 1633 2961 characteribus
1644 2949 1651 2957 .
1680 2924 1771 2970 Quia
1785 2923 1885 2969 igitur
1895 2921 2001 2957 multa
2024 2920 2123 2955 vobis

1236 2977 1381 3023 estapud
1394 2978 1503 3012 Deum
1514 2974 1634 3010 fiducia
1649 2998 1661 3015 ,
1685 2975 1727 3009 sic
1739 2975 1916 3008 ferventem
1942 2972 2012 3006 illic
2025 2970 2125 3006 nobis

1242 3028 1464 3066 sustinentiam
1476 3025 1662 3071 providete,
1686 3025 1721 3060 δε
1732 3023 1937 3059 orationibus
1958 3021 2125 3065 stabilite,

1241 3091 1278 3117 ut
1289 3079 1376 3115 firmi
1387 3079 1422 3114 ἃ.
1433 3078 1466 3112 in
1477 3076 1701 3122 Dogmatibus
1710 3074 1912 3120 persistamus
1920 3098 1931 3114 ,
1946 3074 1980 3108 &
1990 3071 2126 3107 claudas

1242 3130 1458 3169 musoculos,
1483 3140 1524 3163 ne
1536 3126 1706 3173 sanguinis
1727 3123 1882 3170 injustum
1903 3123 2064 3169 judicium
2074 3122 2121 3156 vi·

1241 3181 1394 3222 deamus,
1418 3178 1650 3214 &claudamus
1671 3187 1763 3212 aures
1787 3175 1932 3217 nostras,
1960 3185 2002 3208 ne
2011 3171 2121 3207 audiv.

1242 3243 1334 3272 mus,
1358 3231 1392 3267 δε
1403 3229 1599 3265 cadamusin
1611 3237 1729 3264 terram
1743 3252 1752 3261 .
1776 3226 1844 3261 His
1854 3225 1944 3260 enim
1967 3222 2119 3259 bonisac.

1242 3281 1361 3318 talibus
1393 3280 1588 3326 perstuemur
1611 3303 1626 3324 ,
1657 3279 1682 3316 si
1702 3277 1823 3314 vestras
1841 3273 2119 3322 impetraverimus

1243 3335 1410 3371 orationes
1420 3356 1429 3367 .
1935 3372 2072 3414 SOEO.
2115 3351 2118 3353 Α
