2320 3730
388 207 486 255 236

485 353 750 410 CAPUT
786 354 1010 406 LXXXV,
1046 366 1184 413 ”173

303 489 470 555 Cyrillus
504 490 729 558 Theognosto
747 523 760 549 ,
816 494 874 536 (θ’
907 494 940 536 C
943 487 1188 556 harmqsym,

374 564 598 626 Presbyterz's
623 597 638 621 ,
673 566 734 607 <²9⁹
759 563 914 607 Leontio
949 564 1116 612 Diacono

546 636 584 680 in
597 635 755 684 Domino
766 628 952 694 saluam,

399 783 428 815 E
438 780 594 815 omnibus
618 781 714 816 rebus
726 782 895 818 scribimus
908 783 1003 819 vobis
1017 809 1024 816 .
1051 782 1184 819 Deinde

420 840 577 874 tanquam
602 830 689 866 nihil
715 835 935 877 agnoveritis,
961 835 1003 868 fic
1020 834 1185 874 scribitis,

296 881 400 915 turbis
412 891 473 915 nos
483 881 645 924 replentes
663 907 671 914 .
697 883 776 918 Scio
787 883 888 929 igitur
900 885 1051 928 scripsisse
1061 895 1114 918 me
1129 896 1182 918 vo·

296 929 366 970 bis,
392 931 469 974 quia
492 929 574 965 bene
585 932 775 967 Seniffimus
798 935 833 968 δε
848 934 915 968 Dei
932 934 1182 970 Colentiffimus
1241 939 1244 942 ”

295 980 440 1015 Aeacius
450 979 602 1015 Berrhaeae
613 993 670 1025 per
693 981 965 1019 adhortationem
993 985 1180 1027 aliquorum

292 1029 335 1064 de
369 1030 508 1066 Oriente
556 1031 911 1069 Rcverendiffimorum
940 1035 1178 1078 Episcoporum

288 1080 415 1124 scripsit
438 1081 479 1116 ad
499 1091 551 1116 me
562 1093 618 1125 per
633 1083 823 1117 Dominum
834 1095 944 1118 meum
961 1084 1182 1128 Magnificen-

290 1129 446 1165 tiffimum
460 1131 660 1166 Aristolaum
677 1156 687 1172 ,
713 1133 788 1174 quia
801 1141 930 1176 oportet
953 1134 1067 1167 omnia
1078 1133 1180 1168 oblit-

290 1181 384 1215 terari
406 1205 417 1221 ,
446 1192 517 1224 quae
536 1180 571 1213 in
610 1181 793 1215 Codicibus
818 1183 869 1217 vel
889 1182 1044 1227 Epistolis
1065 1183 1178 1228 scripta

288 1229 384 1270 sunt,
411 1231 445 1264 ἀ
461 1230 530 1265 solo
545 1230 706 1273 symbolo
729 1233 791 1267 effe
812 1241 1009 1273 contentos,
1035 1234 1124 1276 quod
1143 1235 1176 1267 in

286 1281 392 1315 sanna
415 1280 550 1315 Nicaena
566 1281 705 1324 synodo
719 1283 902 1327 expositum
914 1283 959 1318 est
974 1309 981 1316 .
1010 1284 1085 1329 Ego
1105 1283 1178 1318 vero

286 1329 328 1366 nd
357 1330 422 1365 hae-c
449 1331 631 1366 multorum
656 1334 802 1366 versuum
833 1333 1015 1378 Epistolam
1038 1335 1174 1377 rescripsi

285 1379 328 1415 ad
342 1391 416 1414 eum
428 1406 437 1422 ,
466 1392 562 1426 quam
588 1382 621 1415 &
636 1382 748 1425 utique
759 1383 864 1417 modis
887 1382 1044 1418 omnibus
1057 1386 1175 1427 accepi-

286 1429 363 1462 stis.
393 1431 473 1465 Hoc
495 1432 585 1465 enim
615 1433 748 1466 edocuit
761 1433 992 1468 Dilestiffimus
1016 1434 1177 1478 Eulogius

283 1476 476 1521 Presbyter.
506 1481 549 1515 Et
561 1493 650 1515 nunc
679 1481 754 1516 vero
768 1486 920 1518 veniente
943 1483 1176 1517 Reverendiffi-

282 1539 339 1560 mo
360 1530 524 1563 Emesenae
546 1531 688 1564 civitatis
719 1533 883 1574 Episcopo
910 1532 1017 1566 Paulo
1035 1533 1075 1566 ad
1105 1534 1174 1565 Ale-

282 1578 453 1612 xandriam
474 1604 483 1619 ,
514 1580 625 1612 omnia
652 1582 724 1614 sunt
749 1582 889 1615 formata
908 1606 917 1622 ‚
945 1583 1084 1616 suaviter
1106 1581 1176 1624 qui-

285 1625 358 1659 dem
387 1639 484 1671 atque
523 1629 656 1672 pacifice
679 1654 689 1669 ,
726 1632 820 1665 caute
857 1632 932 1665 vero
956 1645 966 1665 t
1006 1631 1067 1666 Sed
1093 1632 1173 1665 sicut

282 1677 432 1719 oportuit
447 1704 454 1711 .
483 1678 555 1712 Nec
570 1682 659 1712 enim
682 1679 919 1722 depositionem
934 1681 997 1715 Dei
1012 1682 1171 1715 Colentis·

281 1727 351 1760 simi
372 1729 524 1771 Episcopi
539 1729 739 1763 Maximiani
754 1732 934 1774 recepimus
945 1741 1001 1765 aut
1014 1732 1170 1766 Commu-

280 1776 443 1811 nicatores
455 1776 592 1818 habere,
619 1789 675 1812 aur
686 1779 854 1814 absolvere
867 1780 1051 1823 &sementia
1067 1806 1077 1821 ,
1104 1793 1174 1824 quae

279 1827 404 1869 prolata
427 1826 473 1860 est
486 1828 578 1869 super
599 1828 664 1861 eis.
695 1828 815 1871 Neque
840 1830 1028 1873 simpliciter
1042 1832 1172 1873 praefato

280 1876 387 1910 Paulo
406 1878 678 1913 communionem
699 1878 850 1913 dedimus
873 1890 931 1922 pro
954 1880 1008 1913 sua
1037 1882 1170 1923 persona

279 1928 515 1961 tantummodo
544 1952 554 1966 ,
594 1928 651 1961 nifi
677 1927 845 1962 obtulisset
881 1928 969 1972 prius
999 1929 1144 1964 chartam
1163 1955 1172 1971 ,

280 1977 443 2009 confitens
467 1977 543 2018 quia
566 1976 632 2010 Dei
657 1975 817 2010 Genetrix
836 1978 881 2011 est
906 1980 1021 2012 Sancta
1046 1981 1171 2013 Maria.

282 2025 326 2059 Et
349 2026 424 2068 quia
446 2024 702 2060 anathematizat
726 2027 873 2061 Nestorii
900 2029 1089 2071 Dogmata*
1115 2030 1171 2061 Su·

281 2086 375 2110 mens
391 2072 467 2109 vero
477 2075 610 2108 dicendi
627 2076 659 2107 in
681 2075 822 2108 Ecclesia
836 2076 946 2109 locum
962 2087 1082 2119 magna
1092 2087 1172 2112 voce

281 2126 389 2160 dixit.-
417 2128 501 2168 ,Quia
522 2129 580 2158 Dei
593 2127 742 2157 partirem
759 2122 899 2166 fundam
918 2129 1069 2169 Virginem
1087 2125 1171 2168 confi-

283 2186 400 2215 temur,
427 2177 544 2217 &quia
562 2173 857 2207 anathematizamus
876 2186 947 2216 eos,
972 2181 1023 2218 qui
1049 2186 1107 2209 non
1127 2177 1171 2208 di-

283 2234 353 2258 cunt
372 2225 423 2257 hoc
438 2248 445 2255 .
473 2227 520 2255 Et
542 2228 614 2265 qula
635 2233 712 2255 unus
725 2226 823 2256 Filius
847 2223 1004 2265 Christus,
1029 2226 1171 2259 &Domi-

284 2286 341 2309 rsus
359 2299 369 2313 ,
395 2285 452 2306 nen
466 2275 538 2307 duo.

335 2325 426 2372 Qia
450 2322 526 2357 vero
545 2333 614 2357 non
628 2323 716 2357 venit
740 2321 884 2358 chartam
907 2322 1052 2365 habens,
1081 2324 1171 2369 quod

285 2375 574 2410 anathematizaret
596 2374 740 2416 Joannes
761 2374 1087 2419 NestoriiDogmata
1102 2400 1113 2416 ,
1137 2375 1171 2408 &

286 2426 496 2460 confiteretur
518 2450 528 2465 ,
556 2423 646 2469 quod
666 2424 700 2458 ὅ(
726 2423 905 2468 depositum
928 2424 1060 2459 haberet
1082 2448 1093 2464 ‚
1119 2424 1172 2459 sed

285 2487 379 2511 erant
401 2474 589 2518 simpliciter
616 2474 771 2517 Epistolae
795 2499 806 2516 ,
832 2486 903 2519 quae
923 2473 964 2509 ab
987 2486 1027 2509 eo
1048 2475 1173 2510 directae

286 2528 364 2560 sunt
377 2550 388 2566 ‚
415 2526 499 2559 nihil
514 2524 723 2559 necessarium
737 2523 895 2560 habentes
907 2549 919 2565 ,
930 2525 1000 2559 dixi
1015 2525 1090 2569 quia
1104 2536 1171 2559 non

289 2576 319 2610 ei
334 2576 500 2620 possumus
517 2575 793 2610 communionem
817 2573 971 2614 reddere,
998 2576 1170 2616 antequam

288 2627 387 2660 faciat
400 2626 467 2659 haec
481 2650 488 2656 .
520 2626 610 2658 Dum
632 2621 711 2655 vero
734 2622 879 2657 vidissem
902 2623 1107 2659 fastidientes
1117 2636 1173 2659 eos

290 2675 337 2709 ob
358 2674 421 2707 hoc
434 2697 445 2713 ,
472 2674 621 2716 &ipsum
640 2671 953 2708 Reverendiffimum
977 2673 1174 2718 Episcopum

288 2723 432 2760 Paulum
452 2721 591 2756 nimium
606 2723 803 2757 coarstatum
817 2747 829 2764 ,
854 2723 1089 2759 &Dominum
1101 2725 1173 2759 Ma-

290 2772 593 2819 gnificentiffimum
614 2771 805 2807 Tribunum
835 2773 869 2807 &
893 2773 1072 2809 Notarium
1100 2774 1174 2808 Ari-

292 2824 454 2866 stolaum,
480 2822 677 2858 solutionem
700 2822 782 2856 dans
806 2824 927 2864 causae,
953 2825 1040 2859 &ne
1061 2835 1173 2868 pacem

293 2874 432 2909 refutare
453 2883 636 2918 putaremur
655 2897 667 2913 ‚
706 2871 786 2907 dum
807 2875 900 2907 causa
922 2884 974 2916 per
999 2874 1173 2909 dilationes

293 2923 403 2962 adhuc
426 2925 543 2968 longas
564 2920 768 2963 traheretur,
793 2922 971 2966 scripsimus
990 2925 1173 2959 communi-

295 2976 435 3010 catorias
459 2974 582 3011 litteras
601 2998 610 3005 .
643 2972 774 3006 Dictata
794 2972 839 3006 est
862 2972 942 3007 vero
964 2972 1074 3010 charta
1098 2986 1174 3009 cum

295 3025 435 3059 consilio
459 3022 731 3060 Reverendiffimi
743 3021 899 3066 Episcopi
922 3022 1037 3063 Pauli,
1062 3025 1174 3068 inqua

297 3073 413 3109 debeat
426 3073 619 3108 subscribere
630 3073 664 3107 ὅ(
677 3071 909 3107 Antiochenus
922 3096 930 3103 .
961 3072 1006 3107 Et
1019 3074 1087 3108 mifi
1097 3086 1173 3109 cum

299 3123 593 3158 Admirandiffimo
605 3122 773 3157 Aristolao
786 3122 870 3158 duos
882 3122 1029 3157 Clericos
1043 3148 1053 3163 ‚
1081 3124 1125 3158 ita
1138 3134 1173 3159 ut

300 3172 323 3205 si
337 3171 540 3207 subscriberet
553 3173 692 3216 Ioannes
714 3172 884 3216 dejeffioni
906 3172 957 3206 vel
969 3172 1173 3208 damnationi

301 3220 447 3259 Nestorii
469 3246 480 3262 ,
514 3223 549 3256 δε
575 3222 861 3257 anathematizaret
891 3222 1060 3267 Dogmata
1085 3223 1175 3268 ejus,

302 3271 392 3306 daret
414 3271 444 3303 ei
456 3272 763 3306 communicatorias
785 3273 930 3313 litteras,
954 3272 1101 3316 alioquin
1123 3275 1175 3308 de-

303 3321 421 3358 tineret
443 3329 495 3353 eas
513 3341 524 3357 ,
550 3320 742 3362 suscipiente
760 3333 834 3356 cum
856 3322 1038 3366 juramento
1059 3321 1176 3358 Admi-

304 3368 491 3420 randissirno
503 3368 671 3407 Aristolao
683 3393 695 3413 ‚
722 3371 797 3416 quia
817 3371 929 3409 charta
949 3373 1014 3419 ipsa
1038 3372 1175 3409 minime

728 201 1071 250 Varnenum
1107 199 1352 249 Pit-raum
1387 198 1713 266 EPISTOLAE,

1253 278 1454 323 perderetur.
1483 281 1582 316 Dixit
1592 293 1727 325 nutem,
1750 285 1829 329 qnia
1848 283 2028 321 finoluerit
2051 285 2127 323 fiiis-

1253 328 1409 370 scribere,
1437 332 1523 365 resto
1542 333 1636 366 cursu
1644 332 1970 379 Constantinopolim
1994 346 2101 380 petam
2115 359 2131 379 ,

1251 381 1283 418 ἀ
1293 379 1442 414 edocebo
1452 381 1557 424 ipsum
1571 380 1755 417 Piiffimum
1766 382 1953 428 Principem
1963 386 2109 421 nostrum
2117 412 2131 429 ‚

1249 431 1326 473 quia
1348 430 1432 464 nihil
1454 431 1525 474 paci
1543 430 1635 466 obest
1646 430 1870 467 Alexandrina
1887 435 2025 471 Ecclesia
2038 461 2049 478 ,
2075 435 2128 471 sed

1251 479 1481 515 Antiochenus
1492 481 1537 517 est
1557 480 1614 525 qui
1628 493 1694 516 non
1705 482 1818 526 diligit
1829 492 1940 526 pacem
1953 508 1961 517 .
1977 485 2129 522 Nullum

1249 530 1350 575 igitur
1369 531 1498 568 aestuare
1514 532 1641 566 sinatis.
1670 532 1751 566 Non
1773 533 1862 567 enim
1873 532 1913 566 fic
1933 532 2127 576 deliramus,

1249 591 1283 614 ut
1294 579 1606 617 anathematizemus
1624 593 1695 626 quae
1706 582 1814 617 nostra
1836 584 1928 617 sunt.
1956 582 2042 619 Etin
2054 583 2127 626 his,

1247 641 1318 673 quae
1339 632 1583 676 conscripsimus
1597 656 1609 674 ‚
1634 643 1880 676 permanemus,
1904 632 2060 669 &eadem
2082 637 2128 672 sa«,

1249 683 1374 723 piemus
1385 706 1393 714 .
1420 683 1521 716 Recta
1536 682 1626 717 enim
1638 683 1713 718 sunt
1726 707 1736 722 ,
1761 683 1796 717 ἃ
1809 694 1878 727 quae
1896 683 2035 720 accusari
2058 694 2129 720 non

1246 729 1383 765 debeant
1396 755 1407 771 ,
1432 732 1466 766 ὅς
1478 733 1652 776 Scripturis
1673 732 1807 767 Divinis
1830 733 1973 767 consona
1992 757 2004 774 ,
2029 732 2128 769 &Fi-

1245 780 1299 815 dei
1310 792 1380 826 quae
1390 781 1409 820 a
1424 782 1547 821 Sanffis
1559 782 1709 820 Patribus
1720 782 1837 819 nostris
1858 778 1999 828 exPofita
2009 782 2054 816 est
2065 807 2074 816 ,

1430 936 1928 984 δςΗοιιοΝ.

1354 1081 1586 1125 AEcEpistola
1598 1083 1702 1118 exstat
1714 1083 1797 1118 inter
1806 1083 1886 1118 alias
1894 1082 2004 1118 Sancti
2017 1082 2124 1126 Cyril-

1378 1131 1401 1164 li
1415 1131 1576 1175 Epistolas
1588 1145 1599 1165 .·
1611 1132 1737 1166 Verum
1748 1133 1941 1167 Caffinensis
1951 1132 2122 1167 translatio

1242 1179 1286 1213 est
1299 1180 1440 1215 multum
1459 1180 1582 1215 diversa
1594 1207 1604 1223 ,
1632 1181 1771 1226 ideoque
1782 1182 1845 1216 fuit
1857 1193 1925 1217 non
1938 1183 2125 1225 praetertnit-

1242 1231 1340 1264 tenda
1356 1254 1363 1262 .
1392 1230 1441 1264 Hi
1463 1241 1526 1265 tres
1548 1231 1690 1275 ejusdem
1700 1231 1805 1266 Patris
1815 1232 1850 1266 in
1863 1231 1969 1276 Regia
1980 1231 2126 1266 Civitate

1244 1280 1439 1323 Apocrisarii
1461 1281 1611 1315 videntur
1634 1283 1815 1325 praeceffifl'e
1836 1281 2016 1326 Eulogium
2036 1281 2125 1316 Pron.

1245 1331 1391 1372 hyterum
1405 1354 1416 1370 ,
1443 1331 1593 1375 &ipsum
1618 1330 1764 1367 habuisse
1781 1331 1815 1366 in
1828 1331 1943 1366 officio
1966 1331 2126 1366 successo·

1243 1392 1328 1414 iem.
1358 1381 1492 1414 Etenim
1515 1379 1550 1415 hi
1574 1391 1722 1425 tempore
1745 1383 1884 1416 trastatae
1909 1381 1944 1416 &
1964 1381 2125 1415 conclusa

1242 1432 1349 1472 pacis,
1376 1430 1431 1464 ille
1451 1441 1561 1464 autern
1584 1432 1655 1474 post
1679 1432 1776 1474 ipfius
1799 1430 2020 1474 expletionem
2030 1427 2125 1473 geffit

1242 1477 1321 1512 istud
1337 1478 1483 1512 officium
1496 1504 1503 1511 .
1532 1479 1626 1513 Hinc
1639 1480 1786 1524 Epistola
1811 1479 1913 1514 dicit:
1940 1482 2002 1518 Hoc
2011 1479 2125 1517 edocuit

1239 1528 1431 1568 dilefflfflmus
1459 1531 1603 1573 Eulogius
1630 1530 1804 1569 Presbyter.
1833 1531 1964 1574 Nempe
1988 1529 2126 1564 Sanetus

1239 1577 1384 1620 Cyrillus
1397 1600 1408 1616 ,
1426 1578 1505 1612 dum
1521 1580 1599 1613 istos
1610 1588 1673 1613 tres
1684 1580 1850 1614 revocavit
1861 1578 2124 1619 Alexandriam,

1236 1628 1269 1661 ὃς
1284 1628 1318 1661 in
1330 1637 1444 1661 eorum
1459 1628 1569 1662 locum
1581 1629 1755 1662 transmisit
1768 1628 1948 1672 Eulogium
1959 1652 1970 1669 ,
1991 1627 2123 1671 plenam

1237 1677 1336 1712 totius
1347 1678 1391 1711 rei
1407 1677 1521 1721 seriem
1541 1677 1687 1719 addidit,
1714 1677 1779 1711 illis
1790 1676 2123 1713 communicandam-

1238 1727 1280 1761 Et
1302 1738 1370 1761 non
1384 1728 1428 1761 est
1454 1726 1691 1772 ambigendum
1707 1750 1718 1767 ,
1744 1728 1825 1771 quin
1849 1727 2015 1772 Eulogius
2025 1737 2123 1764 com-.-

1236 1777 1453 1810 municaverit
1466 1802 1473 1809 .
1502 1777 1597 1811 Hinc
1609 1777 1687 1810 istos
1699 1777 1846 1819 Cyrillus
1858 1776 1939 1812 dure
1957 1778 2120 1820 increpat:

1236 1830 1282 1860 De
1293 1827 1426 1860 omnibus
1436 1827 1523 1859 rebus
1532 1825 1689 1870 firibimus
1701 1827 1785 1861 vobis
1797 1851 1804 1858 .
1833 1828 1950 1862 Deinde
1963 1837 2120 1870 tamquam

1235 1875 1313 1910 nibil
1319 1883 1506 1921 agnoveritis
1521 1902 1531 1918 ‚
1551 1876 1593 1919 fic
1597 1875 1727 1919 scribtus
1739 1901 1750 1917 ,
1775 1877 1873 1911 turbis
1888 1887 1941 1909 nos
1953 1878 2099 1919 replentes
2111 1900 2121 1910 .

1235 1927 1353 1960 Statim
1374 1928 1444 1970 post
1458 1928 1571 1961 saetam
1594 1937 1709 1969 pacem
1721 1927 1875 1962 constans
1886 1928 1972 1963 fama
1987 1928 2123 1971 replevit

1235 1987 1368 2011 omnem
1381 1977 1523 2022 Regiam
1535 1978 1715 2011 Civitatem
1727 2002 1738 2019 ‚
1761 1978 1852 2022 quod
1865 1977 2000 2012 Sanetus
2014 1976 2122 2020 Cyril-

1235 2025 1284 2059 lus
1297 2026 1496 2066 damnasset,
1523 2038 1580 2061 aut
1592 2027 1705 2061 saltem
1727 2027 1894 2071 abjecisset
1919 2027 1976 2062 sua
1988 2026 2122 2071 Capitu-

1235 2073 1286 2114 la,
1313 2075 1402 2116 quod
1426 2075 1600 2108 admisisset
1612 2077 1811 2110 Maximiani
1838 2077 2122 2120 Constantinopo-

1235 2122 1329 2157 litani
1357 2122 1511 2166 Episcopi
1534 2123 1797 2167 depositionem,
1823 2125 1956 2169 &quod
1980 2127 2122 2169 spopon-

1234 2171 1328 2207 disset
1341 2173 1405 2207 effe
1416 2182 1594 2207 contentus
1607 2173 1677 2208 solo
1689 2173 1829 2208 Nicaeno
1840 2173 2001 2218 Symbolo
2012 2200 2020 2208 .
2037 2175 2121 2210 Haec

1234 2223 1318 2255 fama
1338 2222 1426 2265 apud
1447 2223 1615 2265 praesentes
1629 2223 1853 2266 Apocrisarios
1876 2224 2036 2268 superavit
2047 2235 2122 2265 om?

1236 2281 1312 2305 nem
1326 2270 1465 2316 Eulogii
1485 2271 1678 2307 relationem
1699 2295 1711 2313 ‚
1739 2273 1880 2318 ideoque
1901 2274 2008 2318 ipsum
2026 2273 2120 2310 suum

1235 2319 1456 2356 patriarcham
1480 2322 1655 2358 voluerunt
1681 2324 1851 2358 consulere
1873 2347 1882 2355 .
1908 2324 1954 2357 Et
1973 2323 2040 2367 ipse
2058 2324 2121 2359 res-

1236 2371 1352 2415 pondit
1378 2370 1444 2407 haec
1465 2373 1581 2406 omnia
1599 2372 1617 2407 a
1639 2373 1766 2416 Joanne
1778 2372 1970 2408 Antiochia:
1982 2373 2121 2409 Patriar-

1234 2419 1294 2456 cha
1305 2421 1398 2456 fuisse
1419 2421 1552 2463 quidem
1573 2433 1629 2465 per
1642 2422 1804 2457 Acacium
1817 2422 2052 2459 Berrhaeensem
2064 2435 2121 2468 po·

1236 2471 1350 2506 stulata
1373 2496 1384 2512 ,
1410 2481 1444 2506 at
1466 2482 1673 2516 nequaquam
1706 2472 1856 2507 concessa
1879 2499 1886 2507 .
1913 2473 2040 2509 Omnia
2058 2473 2122 2510 esse

1237 2533 1290 2566 per
1314 2521 1411 2556 Pauli
1436 2521 1589 2556 Emeseni
1604 2522 1758 2565 Episcopi
1776 2522 1996 2558 interventum
2016 2523 2123 2563 firma·

1235 2583 1266 2607 ta
1277 2596 1288 2613 ‚
1315 2570 1453 2606 suaviter
1465 2569 1597 2614 quidem
1615 2581 1653 2604 ac
1666 2570 1799 2613 pacifice
1809 2596 1822 2613 ,
1848 2580 1993 2608 attamen
2004 2570 2120 2608 caute.

1236 2623 1279 2655 Et
1301 2619 1473 2655 concludit
1489 2618 1531 2652 de
1549 2619 1613 2653 suis
1634 2620 1798 2662 Capitulis
1822 2632 1831 2652 :
1859 2625 1934 2656 Non
1949 2620 1990 2662 fic
2010 2622 2120 2656 delira·

1235 2682 1322 2711 mus,
1348 2678 1382 2703 ut
1396 2667 1684 2703 anathematizemus
1706 2681 1776 2711 quae
1798 2669 1894 2712 nostra
1910 2668 1998 2714 sunt.
2028 2672 2075 2705 Et
2084 2675 2118 2705 in

1235 2720 1305 2761 bis,
1330 2730 1398 2762 quae
1414 2716 1604 2761 scripfimus,
1628 2727 1838 2761 permanemus
1858 2744 1870 2761 ‚
1895 2721 1930 2755 ὰ
1950 2721 2054 2755 eadem
2066 2719 2117 2764 sa·

1233 2777 1350 2813 piemus
1363 2795 1372 2802 .
1398 2767 1492 2802 Rec‘la
1503 2774 1582 2803 enim
1590 2766 1680 2813 sunt,
1709 2771 1744 2804 (π
1755 2780 1824 2811 quae
1835 2767 1966 2814 accusari
1986 2781 2046 2804 non
2067 2771 2118 2806 de·

1235 2821 1348 2862 beant,
1374 2821 1579 2860 &scripturis
1602 2822 1728 2853 Divinis
1751 2818 1895 2863 consbna,
1920 2821 2034 2864 &fidei
2047 2832 2118 2863 qua·

1235 2873 1256 2906 ἃ
1268 2870 1385 2905 Sanffls
1396 2868 1539 2903 Patribus
1549 2867 1654 2909 nostris
1666 2868 1795 2912 expofitae
1804 2869 1858 2910 est.
1885 2869 1930 2903 Et
1940 2869 2092 2914 adjungit
2105 2884 2115 2907 ς

1236 2921 1362 2955 Nullum
1383 2924 1475 2963 igitur
1493 2944 1504 2962 ,
1535 2920 1650 2967 utique
1668 2919 1753 2956 circa
1778 2918 1897 2956 horum
1918 2920 2114 2965 veritatem,

1235 2970 1355 3012 estuare
1368 2968 1476 3012 finatis
1488 2994 1496 3003 .

1283 3020 1428 3056 Obscura
1439 3021 1513 3054 sunt
1525 3018 1592 3056 haec
1603 3020 1697 3055 verba
1710 3034 1717 3054 :
1743 3026 1810 3055 Nec
1820 3025 1898 3055 enim
1911 3019 2113 3063 depositionem

1235 3069 1374 3114 Epist-opi
1383 3072 1566 3104 Maximiani
1590 3075 1768 3114 recepimus,
1792 3080 1846 3105 aut
1858 3076 2113 3105 communicatores

1237 3120 1344 3155 babere
1355 3145 1367 3162 ,
1391 3129 1447 3153 aut
1460 3119 1642 3164 absolveret?
1650 3120 1823 3165 sententia,
1850 3132 1916 3164 quae
1934 3121 2055 3164 prolata
2073 3118 2112 3160 eff

1232 3170 1319 3215 super
1329 3175 1390 3206 eis.
1417 3169 1562 3215 Vulgata
1585 3172 1754 3207 translatio
1773 3171 1818 3206 est
1839 3172 1978 3206 clarior:
2005 3175 2113 3213 Neque

1236 3227 1314 3256 enim
1334 3232 1381 3256 eos
1393 3232 1408 3263 ;
1434 3225 1485 3264 qui
1507 3223 1527 3254 ἃ
1541 3222 1666 3261 Pitffimo
1678 3220 1822 3266 Epist-opo
1834 3224 2020 3256 Maximiano
2029 3220 2113 3255 abdi-

1236 3270 1450 3313 catifuerunt,
1471 3269 1674 3315 suscepimus,
1699 3271 1831 3313 autpaffl
1848 3268 1952 3313 sumus
1976 3275 2020 3304 eis
2039 3269 2111 3303 dari

1237 3323 1274 3357 de
1298 3325 1494 3356 communione
1513 3323 1631 3355 litteras
1643 3344 1656 3363 ,
1680 3330 1734 3356 aut
1754 3319 1932 3364 &sententia
1954 3317 2026 3362 inse
2043 3318 2109 3352 lata

1238 3369 1369 3416 absolvi.
1394 3370 1538 3410 Proinde
1547 3370 1742 3411 camaenas
1753 3370 1921 3412 translatio
1932 3379 1987 3414 pet
1994 3367 2107 3423 ‚Mffxl’

1957 3427 2061 3454 mian}
