2320 3730
363 200 456 245 108

707 195 1042 244 VARIORUM
1077 187 1234 241 Para
1259 207 1334 239 υΜ
1368 192 1695 257 Epls'rotffl,

286 284 328 322 ad
356 283 550 329 Rheginum
570 305 582 325 ,
620 281 909 319 constantiensem
943 283 1168 326 Episcopum,
1231 278 1423 322 porestatem
1449 283 1495 317 est
1519 294 1660 320 conatus
1689 284 1836 329 abripere
1860 285 1869 319 .’
1908 285 2116 322 Contestatio

284 336 486 379 Cypriorum
514 334 766 378 Metropolitam
790 360 801 376 ,
835 346 933 377 quem
960 332 1086 366 constat
1114 339 1168 371 per

283 386 497 428 Apostolicos
525 397 562 419 ac
575 384 733 420 Nicaenos
746 386 902 419 Canones
914 383 1085 427 subjeetum
1097 378 1167 412 An-

281 434 442 470 tiocheuae
452 435 641 475 Cathedrae,
666 435 702 469 ,δε
719 447 816 479 quem
840 433 998 478 Ephefina
1012 429 1166 472 Synodus

281 486 418 521 donavit
439 486 686 529 Autocephalia
712 509 719 517 .
747 486 881 519 Pastum
904 483 938 517 id
966 480 1028 515 fuit
1048 480 1164 514 ultima

280 536 335 571 die
356 537 473 570 menfis
488 535 632 581 Augusti
645 559 655 575 ,
683 536 753 579 post
776 534 949 570 amborum
963 532 1163 576 Legatorum

278 587 434 623 recessum
461 587 503 621 ab
525 585 658 629 Epheso
680 610 687 617 .
716 586 799 621 Haec
829 583 923 617 verba
946 605 956 623 ,
986 586 1024 615 Ut
1044 582 1163 616 Sedium

279 637 472 678 restituantur
492 640 708 679 Principum,
736 635 889 668 videntur
911 643 1044 678 tangere
1059 629 1164 676 Ephe·

277 688 381 722 finum
411 689 634 722 Memnonem
659 711 666 717 .
695 684 828 718 Etenim
863 683 996 717 sanetus
1022 683 1161 726 Joannes

276 737 555 782 Chrysostomus‚
581 749 619 770 ac
636 735 705 777 ejus
729 734 763 766 in
778 733 892 778 Regiae
917 734 1061 768 civitatis
1083 732 1160 776 Epi-

275 790 445 831 scopatum
473 788 671 822 Succeffores
693 807 704 823 ,
739 784 839 817 etiam
867 784 933 826 ipse
960 782 1159 824 Nestorius,

275 837 424 871 Afiaticae
435 836 624 872 Dioeceseos
635 845 673 868 ac
685 832 853 876 Ephefinae
863 833 1034 869 Cathedrae
1048 834 1154 868 Auto-

272 886 457 931 cephaliam
470 898 538 920 non
551 882 681 919 modice
691 883 831 918 laeserant
843 894 942 928 atque
955 885 1156 919 invaserant.

274 936 417 971 Videtur
435 936 566 970 sandius
589 933 735 976 Cyrillus
758 935 891 975 notari,
917 935 1154 981 quodcplenam

270 985 442 1030 dignitatis
472 984 713 1028 reparationem
734 984 925 1028 promisisset
951 985 1156 1026 Memnoni,

268 1046 368 1081 atque
380 1037 424 1070 ita
436 1035 543 1079 ipsum
554 1034 746 1069 der-nutasset
758 1035 793 1068 in
806 1036 899 1070 suum
911 1037 1137 1080 cooperarium
1147 1060 1154 1071 .

267 1085 382 1121 Plures
393 1085 580 1120 istiusmodi
592 1085 819 1128 promiffiones
829 1086 1039 1121 Contestatio
1049 1087 1154 1131 appel-

267 1136 314 1172 lat
335 1138 415 1170 altas
438 1137 483 1169 ad
502 1138 715 1177 corruptionem
739 1140 896 1170 canonum
907 1136 1061 1178 formulas
1074 1162 1081 1169 .
1109 1135 1153 1172 Et

267 1186 418 1232 adjungit
442 1188 505 1221 effe
529 1186 664 1230 quidem
683 1186 921 1226 clandestinas,
948 1198 1017 1221 non
1041 1195 1152 1221 tamen

265 1249 376 1272 catere
403 1235 644 1271 fundamentis.
672 1236 807 1269 Etenim
824 1244 882 1277 per
903 1247 939 1269 ea
955 1260 966 1277 ,
993 1248 1061 1279 quae.
1083 1238 1152 1270 olim

259 1286 336 1331 sunt
355 1287 395 1320 ab
410 1291 452 1320 eis
473 1295 613 1327 tentata,
632 1288 704 1327 jam
721 1287 855 1328 proditae
873 1285 949 1330 sunt
962 1311 972 1328 ‚
999 1289 1034 1321 <ft
1055 1287 1151 1321 adbuc

261 1336 518 1379 demonstrabilius
529 1335 687 1380 elucescent
699 1361 710 1377 ,
738 1336 796 1379 m'fi
805 1345 891 1370 tuum
902 1339 980 1372 talia
992 1336 1151 1384 compescat

262 1392 444 1431 Imperium.
473 1393 562 1421 Nam
586 1387 703 1421 videbit
715 1399 761 1421 eos
780 1399 840 1421 non
858 1390 949 1422 multo
969 1388 1034 1430 post
1059 1394 1150 1423 etiam

261 1441 368 1472 Pietas
397 1448 453 1472 tua
473 1438 564 1480 huJ‘us
584 1439 766 1480 proditionis
788 1440 935 1473 mercedes
958 1463 968 1478 ,
995 1448 1150 1481 tamquam

260 1497 351 1531 capta
361 1490 399 1522 de
405 1488 467 1530 fide
477 1488 588 1528 Christi
601 1490 734 1523 volentes
743 1487 843 1532 spolia
854 1514 866 1530 ,
893 1487 1053 1531 dispertire
1063 1515 1070 1522 .

310 1538 476 1582 Septimus
488 1539 581 1573 locus
593 1540 669 1573 sunt
687 1539 784 1573 verba
797 1539 945 1582 proxime
956 1539 1123 1584 sequentia
1138 1553 1149 1573 .-

261 1593 301 1622 At
314 1600 353 1622 ex
375 1589 458 1621 nobis
482 1591 606 1631 quidam
627 1592 647 1622 ἃ
660 1590 835 1630 Plentiffimo
843 1591 1001 1635 juvenali
1017 1589 1149 1633 Hieroso-

261 1640 469 1678 lymitanorum
492 1638 638 1681 Epist-opo
658 1641 796 1673 ordinati
811 1639 947 1681 filuimus
969 1665 981 1681 ,
1005 1646 1148 1683 quamvis

254 1698 313 1731 pro
325 1688 501 1722 canonibus
514 1689 689 1722 certandum
700 1690 766 1732 esset
780 1713 791 1730 ,
812 1701 849 1723 ne
861 1692 1034 1725 videremur
1046 1691 1149 1731 nostrae

254 1741 359 1784 gloriae
382 1737 470 1782 causa
495 1739 590 1773 dolere
604 1764 611 1771 .
640 1742 687 1772 Et
708 1750 785 1773 nunc
806 1750 916 1782 quoque
939 1741 1021 1773 illius
1043 1740 1150 1781 studia

257 1791 294 1824 (θ’
303 1788 474 1833 praestigias
487 1789 565 1832 tales
585 1797 641 1831 per
652 1788 822 1824 Phoenicem
840 1789 1004 1833 secundam
1028 1793 1062 1825 (tt
1075 1796 1148 1824 Ara-

258 1839 340 1872 biam
365 1850 424 1871 non
442 1844 631 1882 ignoramur.
654 1841 733 1872 Sane*
758 1842 795 1874 de
804 1840 865 1872 illis
887 1852 945 1873 non
959 1850 1051 1874 vacat
1063 1842 1148 1874 nobis

257 1901 359 1923 curam
371 1887 482 1922 babere
493 1913 504 1930 ,
531 1894 583 1931 qui
593 1889 770 1922 civitatibus
790 1888 860 1930 ipsis
873 1914 884 1930 ,
911 1902 1041 1932 quarum
1065 1890 1147 1923 nobis

260 1940 452 1981 mim'fterium
468 1940 672 1972 contraditum
683 1938 721 1978 est
733 1964 742 1979 ,
769 1949 862 1981 atque
879 1942 954 1973 adeo
965 1946 1033 1973 vita
1052 1940 1148 1981 nostra

259 1989 377 2029 destitui
389 1989 569 2027 maluimus,
597 2000 687 2029 quam
713 1989 765 2027 ista
781 1998 838 2030 pro
857 1989 918 2030 fide
935 1992 1145 2032 promptitudi

259 2051 312 2072 ne.
340 2038 539 2072 Caffinenfis
552 2037 722 2071 translatio
735 2038 780 2071 est
797 2038 897 2082 longe
911 2040 1026 2072 melior
1038 2054 1049 2072 :
1078 2044 1146 2072 Nos

257 2090 333 2123 vero
355 2089 422 2121 olim
444 2089 586 2129 quidem,
612 2089 685 2120 dum
697 2089 837 2131 quaedam
860 2087 1115 2130 praesumptafint
1129 2091 1149 2120 ἃ

261 2138 506 2178 Reverendtfflmo
526 2138 676 2180 quondam
699 2137 1027 2180 Hierosolymitanorum
1042 2142 1074 2183 J
1079 2150 1149 2172 uve-

261 2190 330 2223 nale
340 2214 351 2229 ‚
378 2193 567 2231 quievimus,
593 2189 663 2220 dum
676 2190 749 2221 cert?
761 2189 843 2230 quod
870 2188 1029 2222 debeamus
1041 2188 1149 2222 bellare

256 2249 316 2284 pro
327 2239 446 2283 Regulis
470 2239 644 2272 videremus
657 2263 667 2279 ,
698 2247 766 2271 tunc
784 2237 931 2281 quasdam
942 2238 1148 2280 festinationes

260 2293 295 2324 (5
298 2288 453 2332 fantasias
475 2291 541 2329 ejus
553 2287 724 2331 hujusmodl
740 2297 842 2322 contra
856 2297 1014 2330 utramque
1030 2288 1147 2323 Phoeni·

260 2346 338 2374 ciam
361 2341 395 2374 (9·
420 2339 564 2372 Arabiam
585 2340 708 2373 minime*
730 2345 901 2382 ignoramus
925 2362 932 2371 .
960 2343 1027 2373 Nec
1047 2348 1149 2374 tamen

259 2392 297 2424 de
324 2390 372 2423 his
395 2395 517 2423 interim
540 2391 715 2423 contendere
734 2390 879 2433 possumus
898 2411 909 2427 ,
935 2395 987 2430 qui
1009 2392 1087 2423 certe
1112 2392 1149 2423 de

257 2438 326 2482 ipfis
339 2450 449 2483 quoque
459 2439 636 2472 civitatibus
651 2464 661 2479 ,
689 2450 815 2481 quarum
827 2439 912 2471 nobis
935 2449 1006 2470 cura
1019 2438 1149 2482 commis-

255 2489 293 2534 sa
306 2490 363 2532 est,
389 2489 474 2522 &ab
496 2487 585 2532 ipsa,
607 2488 637 2529 fi
659 2494 839 2530 oportuerit,
870 2494 940 2521 vita
948 2488 1076 2528 facilius
1097 2489 1149 2521 ab·

255 2540 410 2584 [cedemus
433 2564 445 2587 ,
471 2551 561 2581 quam
583 2540 786 2581 relinquamus
807 2540 994 2571 devotionem
1012 2547 1070 2580 pro
1081 2539 1146 2581 fide

259 2591 414 2624 bellandi.
442 2589 542 2622 Suam
564 2589 605 2622 de
617 2589 710 2621 fastis
729 2587 747 2619 a
772 2587 904 2630 Cyrillo
927 2588 1146 2629 promiffioni-

260 2640 322 2675 bus
349 2638 590 2674 accusationem
611 2637 820 2671 Contestatio
850 2637 991 2670 affirmat
1011 2638 1148 2672 demon-

204 2706 207 2709 s
262 2690 354 2724 strati
381 2701 419 2723 ac
446 2696 555 2731 patere
579 2699 622 2720 ex
650 2686 816 2730 Juvenalis
844 2686 1145 2730 Hierosolymitani

261 2739 418 2784 Episcopi
431 2735 582 2771 adversus
605 2735 856 2771 Antiochenum
868 2761 878 2777 ,
905 2738 998 2772 suum
1012 2738 1147 2772 Patriar·

262 2789 392 2824 chalem
419 2786 600 2822 Thronum
629 2796 727 2831 atque
745 2787 944 2830 Episcopum
966 2787 1146 2822 rebellione

262 2852 301 2875 ac
314 2838 468 2884 apostasia
480 2862 490 2879 ,
510 2838 542 2872 ὅ(
555 2836 735 2872 adhaesione
746 2838 785 2871 ad
799 2838 982 2880 Cyrillum.
1013 2838 1145 2874 Etenim

263 2891 331 2934 ipse
343 2913 353 2930 ‚
380 2891 472 2923 suum
486 2888 729 2923 Antecefforem
744 2887 907 2931 Cyrillum
923 2913 933 2928 ,
959 2889 1015 2932 qui
1038 2889 1144 2923 adver-

262 2941 317 2975 sus
331 2940 514 2980 Acacium,
544 2939 782 2974 Caesaraeensem
797 2938 993 2982 Episcopum
1009 2964 1019 2979 ,
1046 2941 1159 2973 totiusa

264 2990 434 3034 Palestinae
445 2990 696 3033 Metropolitam
710 3014 721 3030 ,
747 2988 970 3023 obedientiam
982 3001 1142 3031 excutere,

262 3041 298 3075 ὅ(
310 3043 340 3075 se
351 3040 602 3084 Metropolitam
626 3041 787 3074 ostentare
798 3040 898 3083 coepit
910 3064 921 3080 ‚
949 3040 1096 3073 imitatus
1108 3052 1146 3074 ac

264 3090 365 3135 longe
385 3090 643 3135 transgrediens,
670 3090 734 3134 jam
757 3090 881 3133 pridem
907 3090 987 3123 duas
1013 3089 1146 3124 Phoeni·

265 3140 330 3173 cias
356 3142 389 3174 δε
412 3140 567 3176 Arabiam
591 3166 602 3182 ,
630 3139 851 3175 Antiochenae
887 3138 1057 3173 Cathedrae
1090 3152 1146 3183 per

266 3187 499 3231 Apostolicum
513 3191 688 3226 canonem
700 3188 869 3225 manifeste
882 3188 1032 3231 subjectas
1043 3214 1053 3230 ,
1080 3191 1145 3225 vio-

265 3237 371 3272 lenter
396 3239 508 3274 invasit
531 3265 542 3280 ‚
569 3241 602 3274 δε
624 3240 694 3274 istic
721 3242 784 3275 sese
809 3239 984 3273 ostentavit
1008 3240 1145 3274 Patriar-

266 3285 380 3322 cham.
409 3287 745 3332 Nechiscontentus,
773 3292 900 3332 insuper
923 3289 984 3322 alia
1001 3291 1146 3333 nuperri-

267 3338 321 3373 me
339 3337 527 3371 attentavit.
557 3339 666 3372 Etiam
689 3350 743 3380 per
759 3341 837 3374 alias
856 3339 1047 3373 Provincias
1069 3352 1145 3375 con-

267 3387 402 3423 secravit
425 3386 627 3433 Episcopus,
654 3388 687 3422 ὅ(
709 3387 959 3427 patriarchalem
980 3390 1073 3435 super
1094 3402 1147 3427 eas

1229 330 1369 365 affirmat
1380 355 1391 372 ‚
1419 332 1509 374 quod
1527 332 1567 366 ad
1580 333 1675 369 hasce
1692 336 1819 380 rapinas
1841 334 2053 373 stabiliendas
2062 335 2117 372 ad-

1228 377 1353 415 haeserir
1377 381 1496 415 Sansto
1510 382 1662 425 Cyrillo.

1281 431 1324 465 Et
1347 442 1380 466 re
1400 443 1474 466 vera
1493 431 1660 474 Juvenalis
1684 432 1743 467 ista
1754 443 1948 477 patraverat.
1977 438 2115 473 Etenim

1227 491 1267 516 ex
1282 481 1445 525 Ephefina
1466 481 1630 517 Cathedra
1656 483 1831 519 translatus
1843 486 2114 532 Hierosolymam

1228 531 1335 567 voluit
1360 533 1393 566 &
1415 532 1472 567 hic
1494 544 1566 568 non
1583 533 1755 569 dumtaxat
1767 533 1975 576 Exarchum,
1999 539 2053 573 sed
2079 540 2115 574 δε

1226 579 1448 618 Patriarcham
1461 594 1556 630 agere
1568 609 1579 625 ‚
1607 595 1704 628 atque
1718 583 1795 619 ideo
1804 585 1994 630 deplumare
2014 588 2116 633 coepit

1227 630 1476 668 Antiochenam
1498 634 1676 670 Ecclesiam
1700 659 1708 668 .
1748 637 1877 671 Omnes
1897 645 1960 671 tres
1979 638 2114 680 praefatae

1225 682 1407 718 Provincia:
1427 696 1651 730 repugnarunt
1675 686 1860 721 violentiae.
1887 686 2024 722 Etenim
2046 688 2114 732 Cy-

1225 744 1276 766 rus
1289 733 1397 776 Tyri,
1426 736 1569 778 Joannes
1581 737 1756 776 Damasci,
1784 748 1823 771 ac
1836 736 2024 773 Antiochus
2048 739 2114 774 Bo·

1224 784 1361 817 strorum
1376 785 1557 831 Episcopus
1569 811 1580 827 ‚
1606 798 1717 821 earum
1729 787 1974 832 Metropolitae,
1999 788 2113 833 Ephe-

1223 834 1242 866 fi
1266 833 1397 869 fuerunt
1423 846 1499 869 cum
1511 838 1639 880 Joanne
1650 837 1869 873 Antiocheno
1881 863 1891 879 ‚
1918 849 1955 872 ac
1968 837 2112 874 fideliffi-

1223 882 1343 928 meipfi
1357 884 1572 921 adhaeserunt.
1602 887 1714 934 Qare
1732 888 1924 923 admiranda
1949 889 1995 922 est
2017 890 2111 933 Juve-

1223 934 1305 969 nalis
1315 937 1462 979 potentia
1473 960 1484 978 ‚
1508 937 1566 982 qui
1578 937 1679 972 tantis
1691 938 1874 973 Provinciis
1894 940 2000 982 potuit
2025 940 2112 974 invi-

1221 985 1263 1018 tis
1285 986 1469 1021 dominari.
1498 988 1543 1022 Et
1566 986 1632 1021 haec
1644 988 1775 1023 forsitan
1788 988 1833 1023 est
1855 989 1918 1023 alia
1934 991 2019 1023 ratio
2033 1015 2045 1033 ,
2067 1001 2112 1025 ex

1221 1046 1284 1078 qua
1297 1036 1420 1071 Comes
1432 1037 1569 1073 lrenaeus
1577 1038 1763 1081 Tyriorum
1774 1039 1904 1074 Electus
1919 1063 1931 1080 ,
1957 1040 2022 1074 fuit
2032 1051 2112 1075 con-

1222 1085 1358 1121 secratus
1380 1086 1712 1131 perTheodoretum
1736 1113 1743 1123 ‚
1770 1089 1874 1136 Qod
1898 1090 2016 1134 nempe
2041 1089 2112 1125 haec

1221 1135 1361 1170 Ecclesia
1388 1148 1449 1171 nec
1485 1138 1674 1180 Iuvenalem
1696 1162 1708 1179 ,
1734 1149 1795 1173 nec
1820 1139 1983 1182 Ioannem
2010 1141 2111 1175 vellet

1219 1186 1395 1229 agnoscere
1420 1199 1431 1219 ι
1457 1186 1560 1221 Istum
1582 1197 1713 1230 propter
1732 1188 1934 1223 invasionem
1961 1191 1994 1223 δε
2018 1191 2111 1234 Apo·

1219 1235 1344 1269 stafiam
1359 1260 1370 1276 ,
1396 1234 1485 1271 hunc
1506 1246 1635 1281 propter
1660 1237 1778 1272 initam
1801 1248 1877 1272 cum
1897 1238 2028 1281 Cyrillo
2048 1240 2110 1275 sub

1218 1286 1519 1329 incompetentibus
1555 1286 1809 1322 conditionibus
1845 1300 1959 1333 pacem
1987 1314 1993 1321 .
2027 1290 2110 1325 Haec

1218 1336 1295 1369 item
1306 1335 1353 1370 est
1366 1337 1450 1371 ratio
1463 1362 1474 1378 ,
1499 1348 1558 1371 cur
1569 1338 1736 1382 Juvenalis
1748 1338 1924 1381 postmodo
1942 1350 2001 1383 pro
2014 1338 2112 1375 haere·

1216 1385 1334 1421 fiarcha
1357 1386 1546 1429 Eutychete
1568 1387 1721 1421 adversus
1741 1388 1898 1423 Sanctum
1910 1390 2107 1425 Flavianum

1216 1436 1629 1480 Constantinopolitanum
1638 1436 1841 1481 Episcopum
1851 1437 2017 1473 adhaeserit
2026 1439 2110 1475 Dio·

1216 1487 1308 1521 scoto
1330 1485 1561 1521 Alexandrino
1574 1512 1585 1528 ,
1613 1488 1721 1522 Sancti
1746 1487 1867 1529 Cyrilli
1884 1487 2020 1532 peffimo
2031 1491 2109 1524 Suc·

1214 1536 1350 1573 cessori:
1377 1536 1510 1581 Nempe
1526 1547 1567 1574 ut
1590 1538 1662 1571 suas
1685 1537 1814 1581 rapinas
1833 1538 1987 1573 adversus
2003 1541 2109 1575 Dom-

1215 1599 1294 1622 num
1318 1586 1595 1629 Antiochenam,
1624 1598 1722 1633 quern
1747 1589 1930 1623 Dioscorus
1942 1588 2108 1625 hostiliter

1213 1637 1348 1677 oderat,
1376 1637 1478 1680 posset
1490 1637 1653 1673 stabilire.
1681 1639 1841 1673 Attamen
1868 1640 2002 1683 praesens
2015 1640 2109 1675 Con-

1213 1687 1397 1722 testationis
1419 1688 1558 1731 suspicio
1581 1689 1647 1723 fuit
1660 1689 1695 1722 in
1712 1690 1860 1723 Sanstum
1873 1689 2039 1733 Cyrillum
2055 1700 2107 1735 pe·

1215 1739 1301 1773 nitus
1323 1738 1524 1773 calumniosa
1548 1762 1556 1770 .
1594 1738 1726 1773 Etenim
1747 1738 1896 1784 Magnus
1918 1739 2008 1784 Papa
2033 1739 2107 1776 Leo

1213 1789 1274 1823 hac
1284 1789 1325 1823 de
1336 1800 1370 1822 re
1383 1787 1493 1823 scribit
1506 1788 1547 1823 ad
1560 1788 1752 1824 Maximum
1765 1815 1775 1832 ,
1802 1790 1939 1834 Ioannis
1950 1802 1988 1826 ac
2000 1791 2107 1826 Dom-

1214 1840 1246 1872 ni
1275 1840 1309 1872 in
1347 1837 1566 1872 Antiocheno
1588 1839 1814 1876 patriarchatu
1847 1842 2069 1876 Succefforem
2092 1854 2106 1876 .-

1213 1891 1231 1920 5
1233 1887 1392 1929 ubrependi
1413 1887 1562 1928 occaſsones
1578 1900 1637 1922 non
1655 1896 1865 1931 praetermittit
1880 1891 2004 1924 ambitio
2017 1916 2025 1925 .
2055 1894 2102 1924 Et

1212 1944 1326 1981 quoties
1349 1938 1383 1970 ob
1397 1943 1625 1972 intercurrentes
1649 1938 1753 1983 causas
1766 1942 1917 1984 generalis
1939 1944 2106 1985 congrega-

1211 1996 1251 2021 tio
1254 1988 1351 2030 fuerit
1354 1988 1446 2029 fabia
1457 1990 1646 2023 sacerdotum
1656 2013 1667 2030 ,
1695 1991 1811 2031 dffcile
1834 1990 1872 2029 est
1903 1999 1938 2024 ut
1950 1991 2105 2033 cupiditas

1213 2039 1410 2080 improborum
1422 2048 1480 2071 non
1489 2039 1608 2080 aliquid
1611 2037 1708 2084 supra
1717 2038 1885 2084 mensuram
1900 2038 1989 2082 suam
1999 2043 2107 2074 molia-

1213 2098 1262 2120 tur
1274 2094 1433 2129 appetere.
1460 2089 1541 2120 Sicut
1561 2095 1655 2121 etiam
1677 2090 1869 2133 inprefina
1879 2092 2009 2132 synodo,
2034 2102 2103 2133 quae

1212 2143 1337 2179 impium
1348 2135 1516 2175 Nestorium
1527 2148 1593 2170 cum
1607 2139 1743 2182 dogmate
1760 2139 1814 2183 suo
1821 2142 1953 2181 perculit
1966 2165 1977 2181 ,
1996 2145 2029 2186 J
2031 2153 2105 2175 uve·

1213 2187 1292 2220 nalis
1305 2185 1470 2230 Episcopus
1481 2188 1526 2220 ad
1536 2187 1728 2222 obtinendum
1742 2189 1915 2230 Palaestinae
1933 2193 2102 2224 Provincia

1216 2241 1427 2279 Principatum
1446 2238 1577 2271 credidit
1591 2236 1625 2280 se
1630 2239 1705 2282 posse
1725 2237 1876 2281 sufficere,
1902 2240 2102 2284 &insolentes

1213 2286 1299 2331 ausus
1306 2296 1361 2330 per
1376 2293 1576 2321 commentitia
1589 2290 1708 2330 Scripta
1714 2288 1846 2330 firmare.
1875 2292 1970 2333 ,Quod
1980 2291 2102 2326 sanctae

1212 2344 1358 2372 memoriae
1384 2339 1509 2376 cyrillus
1537 2339 1760 2373 Alexandrinus
1787 2338 1953 2383 Episcopus
1992 2344 2101 2374 merito

1209 2386 1430 2432 perhorrescens
1442 2413 1453 2429 ,
1467 2390 1592 2430 ScriptIs
1599 2386 1664 2431 suis
1675 2388 1750 2423 mibi
1760 2415 1771 2431 ,
1798 2391 1875 2433 quid
1883 2389 2036 2431 praedibla
2052 2400 2102 2424 cu·

1207 2440 1328 2479 piditas
1352 2437 1425 2479 ausa
1440 2437 1480 2478 fit
1494 2461 1505 2477 ,
1531 2439 1705 2479 indicavit,
1733 2438 1902 2482 &sollicita
1917 2448 2006 2481 prece
2025 2442 2102 2474 mub

1211 2497 1275 2521 tum
1282 2485 1414 2529 poposcit
1427 2510 1438 2526 ,
1465 2496 1500 2526 ut
1511 2488 1594 2520 nulla
1605 2488 1721 2521 illicitis
1743 2488 1895 2522 conatibus
1912 2489 2101 2530 praeberetur

1211 2536 1337 2581 affimfio.
1366 2542 1454 2570 Nam
1474 2539 1555 2577 cujus
1569 2536 1710 2579 Epistolae
1723 2540 1768 2570 ad
1788 2551 1841 2572 nos
1857 2541 2043 2581 exemplaria
2053 2542 2101 2574 di·

1211 2587 1308 2626 rexisti
1318 2587 1435 2621 Sanc‘lae
1447 2591 1595 2619 memoriae
1607 2588 1707 2623 cyrilli
1720 2610 1730 2625 ,
1755 2598 1820 2619 eam
1830 2594 1863 2620 in
1873 2589 1966 2628 nostro
1987 2593 2098 2624 Scrinia

1211 2635 1374 2678 requifitam
1384 2659 1395 2674 ‚
1422 2647 1475 2667 nos
1489 2634 1692 2668 authenticam
1703 2642 1822 2669 noveris
1839 2638 1973 2679 reperisse
1984 2663 1992 2670 .
2021 2639 2099 2683 Epi-

1211 2687 1291 2720 stola
1301 2708 1311 2725 ,
1331 2686 1351 2718 fi
1364 2684 1501 2720 exstaret
1514 2694 1574 2718 nos
1586 2685 1687 2719 multa
1701 2684 1835 2721 doceret
1846 2711 1853 2718 .
1881 2687 2016 2722 Interim
2031 2688 2097 2724 haec
2115 2692 2221 2732 Cap.4.‘

1209 2736 1277 2779 ejus
1301 2735 1459 2770 memoria
1481 2744 1541 2767 nos
1562 2734 1681 2775 docet,
1709 2736 1799 2779 quod
1821 2738 1954 2780 praesens
1975 2739 2098 2774 Conte-

1210 2788 1305 2820 statio
1317 2784 1357 2819 de
1368 2784 1523 2829 Juvenale
1535 2785 1659 2828 aliquid
1674 2788 1764 2827 veri,
1787 2788 1899 2821 omnia
1925 2787 2002 2822 falsa
2022 2801 2097 2825 cen-

1211 2839 1307 2871 suerit
1334 2836 1374 2870 de
1396 2835 1513 2870 Sancio
1536 2834 1683 2876 Cyrillo.
1713 2836 1802 2871 Dico
1818 2860 1829 2876 ‚
1860 2837 1984 2880 Aliquid
2003 2845 2094 2874 veri.

1211 2887 1342 2922 Etenim
1356 2885 1520 2929 Juvenalis
1532 2895 1599 2919 non
1617 2884 1826 2926 Phoenicias‚
1853 2899 1914 2922 nec
1922 2888 2095 2931 Arabiam,

1211 2938 1263 2973 sed
1284 2937 1367 2970 solas
1380 2935 1563 2970 Palaestinas
1586 2934 1711 2971 studuit
1724 2935 1766 2971 ab
1778 2936 1938 2981 Ephefina
1953 2939 2095 2982 synodo

1207 2988 1373 3023 obtinere.

1256 3037 1450 3072 Caffinenfis
1459 3035 1526 3071 haec
1537 3038 1708 3073 translatio
1720 3037 1858 3073 illustrat
1871 3037 2002 3082 insuper
2025 3039 2095 3083 plu·

1207 3100 1240 3123 ra
1258 3088 1397 3133 vulgatae
1423 3088 1643 3122 translationis
1658 3089 1728 3123 loca
1742 3114 1749 3122 .
1777 3089 1890 3123 Habet
1911 3090 2016 3132 plures
2029 3089 2092 3124 uti-

1207 3140 1312 3173 litates
1340 3163 1347 3171 .
1382 3137 1488 3172 Porro
1508 3138 1716 3173 orthodoxa:
1750 3138 1828 3174 fidei
1856 3139 2093 3183 propaginem,

1207 3201 1303 3234 quam
1316 3189 1491 3230 Imperator
1501 3188 1713 3224 Theodosius
1727 3189 1875 3224 laudatur
1886 3190 1994 3224 fecisse
2005 3189 2092 3234 apud

1208 3240 1316 3274 Persas
1339 3263 1348 3278 ,
1375 3238 1510 3281 exponit
1531 3239 1665 3273 Sanstus
1681 3239 1908 3283 Theophanes
1931 3251 1938 3270 ε
1966 3239 2091 3274 Theodo-

1201 3290 1277 3332 sium
1284 3292 1435 3331 juniorem
1446 3313 1457 3328 ,
1483 3291 1606 3322 necdum
1618 3290 1785 3331 infantiam
1791 3289 2005 3333 supergressum
2017 3315 2026 3329 ‚
2055 3301 2091 3323 ac

1202 3342 1281 3382 pene
1293 3337 1405 3372 cum‘lls
1417 3340 1543 3372 auxiliis
1555 3341 1654 3372 orbum
1668 3343 1760 3373 Pater
1782 3341 1928 3373 Arcadius
1948 3338 2090 3383 conspica-

1209 3400 1259 3425 tus
1271 3414 1282 3431 ,
1311 3386 1479 3432 infidiasque
1491 3414 1502 3431 ,
1521 3387 1549 3431 fi
1560 3390 1646 3433 forte*
1657 3394 1844 3427 renunciaret
1858 3394 2067 3436 Imperatorem
2076 3413 2088 3431 ,

2005 3450 2042 3475 ne
