2320 3730
594 178 908 230 Scuours,
945 188 1008 217 ετ
1047 171 1239 220 Nous
1276 183 1674 221 1LLusritA'1-AE.

207 261 397 301 ¹damnatis,
423 258 513 303 quod
535 259 605 292 fieri
619 271 688 294 non
710 259 808 293 licet:
837 258 888 292 Εὸ
899 256 989 303 quod
1012 256 1096 291 clare

213 316 250 350 id
261 314 414 348 Canones
425 309 640 345 interdicant.
668 310 705 344 ld
719 310 764 343 est
777 336 787 350 ‚
814 321 849 343 ut
862 310 918 352 qui
937 307 1095 346 damnan-

209 374 264 400 tur
289 360 339 394 vel
364 361 697 395 excommunicantur
720 385 732 401 ,
758 361 1001 394 absolutionem
1026 356 1097 390 sibi-

199 412 352 455 ‘metipfis
376 411 513 445 minime
533 412 700 451 tribuant,
724 412 782 447 sed
801 410 980 449 sustineant
991 408 1096 450 Syno-

206 462 285 496 .dale
294 461 477 505 Judicium.
502 462 607 508 -Qod
627 462 850 504 fisemetipsos
875 458 1096 497 absolverint,

212 512 338 547 nullam
358 524 416 556 pro
428 514 459 547 se
469 514 690 550 causationem
702 511 783 545 tales
795 509 936 552 objicere
963 507 1097 542 ulterius

210 563 448 603 admittantur,
476 561 530 597 sed
552 564 589 597 ,δε
606 562 750 607 quisquis
768 560 814 594 eis
835 560 1099 593 communicave-

207 614 275 653 rit,
299 615 358 652 fiat
370 613 410 647 ab
420 613 642 651 Ecclesiastico
653 610 840 645 Ministerio
853 610 993 643 alienus.
1022 609 1098 642 Hac

211 665 339 703 confixi
350 664 502 708 Regula,
528 664 564 702 ,δε
575 662 719 700 nullam,
745 660 824 695 ficut
836 660 940 704 placet
951 659 1099 693 Canoni-

210 714 295 757 bus,
321 715 411 758 ,spem
432 712 643 749 restitutionis
670 710 826 745 habentes
846 735 857 751 ,
885 708 1098 745 confundunt

212 764 313 809 atque
325 765 514 808 perturbant
524 787 535 803 ,
555 763 590 796 δε
600 760 722 805 ubique
734 761 928 796 constitutas
940 760 1099 800 Ecclesias

213 815 435 854 ¹seditionibus
457 813 624 855 complent
638 836 645 843 .
666 826 670 830 -

260 866 346 899 Haec
356 864 455 909 igitur
477 862 579 897 sciens
590 861 797 907 Religiofitas
809 863 910 896 vestra
931 872 990 904 pro
1003 859 1098 894 nobis

212 914 346 959 quidem
366 915 476 947 securo
497 912 535 946 fit
548 912 684 951 animo,
706 913 742 946 ὃς
763 912 874 950 laudet
896 912 932 945 in
950 909 1098 945 Canticis

211 963 364 998 omnium
385 964 497 998 Deum
511 974 570 1006 pro
589 962 661 1006 ejus
681 963 769 996 circa
791 973 852 996 nos
864 960 978 1000 habita
988 959 1096 1004 provi-

209 1013 322 1057 dentia
334 1038 344 1054 ‚
370 1024 429 1056 pro
442 1011 507 1051 illis
519 1012 596 1047 vero
608 1022 681 1046 oret
691 1036 703 1052 ,
728 1022 764 1046 ut
774 1010 909 1046 tandem
921 1009 1099 1055 aliquando

208 1063 251 1097 ab
273 1062 472 1097 infestiffima
491 1061 552 1096 fibi
564 1060 756 1107 aegritudine
778 1061 957 1101 liberentur
970 1086 981 1102 ,
1006 1060 1100 1096 &in-

206 1114 290 1147 -vitet
300 1111 464 1152 Dofiores
475 1112 623 1146 Ecclefiae
634 1112 796 1154 continue
808 1113 842 1147 in
854 1111 1004 1147 Collesta
1020 1122 1099 1146 con-

206 1172 258 1196 tra
280 1161 346 1197 hoc
374 1162 515 1206 impium
536 1163 675 1207 Dogma
695 1164 800 1197 facere
819 1163 1002 1203 sermonem
1026 1186 1038 1203 ‚
1066 1162 1100 1196 δε

203 1223 264 1257 per
275 1212 470 1252 Sanstorum
481 1212 616 1247 Parrum
627 1214 762 1258 vestigia
774 1214 842 1248 Dei
854 1213 1021 1258 Populum
1043 1212 1098 1246 du-

206 1274 302 1304 cere,
327 1273 364 1297 ut
379 1263 521 1298 univerfi
541 1265 769 1308 cognoscant,
792 1263 900 1306 qualis
923 1261 985 1302 fit,
1011 1262 1096 1296 circa

207 1324 309 1357 quam
329 1315 534 1359 pugnamus,
561 1313 730 1357 impietas.
758 1313 794 1348 Si
806 1312 883 1347 vero
908 1312 1006 1347 fuerit
1026 1312 1094 1357 qui-

208 1362 352 1408 cumque
371 1363 571 1404 transmissus
590 1363 635 1404 ab
654 1361 708 1403 his
730 1387 743 1404 ,
768 1365 825 1408 qui
854 1362 950 1406 hujus
973 1361 1094 1396 haerefis

208 1414 370 1459 languore
380 1414 593 1454 detinentur,
617 1413 661 1453 ad
684 1413 830 1448 nostram
845 1413 1024 1447 maximam
1047 1414 1104 1449 Ci-

210 1465 347 1498 vitatem
359 1488 370 1504 ,
393 1464 510 1507 &quae
522 1473 624 1498 mater
640 1464 687 1504 est
701 1463 833 1508 pietatis
843 1488 855 1505 ,
882 1462 971 1497 hunc
991 1473 1102 1498 tenere

210 1512 306 1548 caute
317 1512 526 1557 Religiofitas
547 1514 648 1546 vestra
660 1513 835 1558 dignetur,
861 1513 961 1557 atque
987 1515 1104 1558 Judici-

210 1563 273 1598 bus
291 1562 415 1597 tradere
433 1587 444 1603 ‚
470 1571 507 1596 ut
529 1562 656 1597 discant
679 1586 691 1602 ‚
714 1564 770 1606 qui
792 1563 988 1597 seditionem
1009 1576 1105 1610 agere

209 1621 342 1648 tentant
368 1637 380 1654 ,
414 1622 577 1658 quantum
603 1612 729 1647 bonum
757 1614 794 1648 fit
821 1613 994 1657 disciplina
1021 1639 1032 1654 ,
1070 1615 1104 1648 δε

207 1672 375 1706 quantum
384 1661 547 1699 malorum
566 1663 726 1699 ferculum
747 1664 900 1709 pertinax
921 1665 1106 1708 tyrannica-

209 1724 277 1760 que
301 1714 474 1755 voluntas.

259 1815 406 1865 Joannes
428 1815 610 1860 Episcopus
633 1813 845 1851 Antiochiae:
871 1815 1061 1851 Incolumes
1071 1817 1104 1854 in

313 1866 469 1901 Domino
481 1866 743 1906 conservemini,
769 1866 914 1900 Domini
927 1868 1107 1900 Honoran-

314 1916 434 1949 diffimi
462 1925 559 1958 atque
587 1915 856 1958 Religiofiffimi.

265 1965 409 2008 Joannes
432 1965 614 2007 Episcopus
636 1966 812 2005 Damasci,
839 1965 1004 1998 fimiliter.

263 2014 441 2050 De'xianus
451 2015 634 2056 Episcopus
663 2012 837 2052 Seleuciae,
863 2014 1009 2047 similiter
1021 2039 1029 2045 .

264 2063 464 2122 Anfiopbus
479 2063 661 2107 Episcopus
683 2063 790 2097 Bostti
803 2062 1082 2107 Metropolitanus
1098 2087 1108 2107 ‚

263 2115 464 2222 Algiizbldtdrr
474 2139 658 2208 Episcopus
685 2163 961 2208 Hierapolitanus
984 2189 996 2205 ‚
1023 2165 1108 2198 firni-

265 2216 414 2299 Asieieiiis
440 2262 621 2308 Episcopus
642 2263 773 2300 Amidae
794 2265 1108 2314 Metropolitanus,

262 2315 631 2417 He‘iizildildirsspiscopus
643 2365 864 2400 ptolomaidis
874 2391 884 2407 ,
910 2367 1061 2402 similiter
1070 2393 1077 2399 .

264 2416 408 2451 Musaeus
429 2416 613 2460 Episcopus
636 2415 767 2451 Aradiae
788 2416 988 2462 Tentaridi,
1019 2418 1109 2451 fimi-

265 2466 449 2557 Afiiigzgius
472 2513 652 2556 Episcopus
664 2512 837 2548 Chalcidis
850 2539 861 2555 ,
886 2513 1035 2549 similiter
1050 2540 1058 2547 .

267 2562 426 2621 Meletius
448 2562 629 2612 Episcopus
651 2564 799 2597 Caesareae
819 2563 1001 2609 Augustae,
1026 2565 1109 2603 fimi-

264 2614 431 2698 Malaita-¹⁵
445 2662 628 2707 Episcopus
645 2662 833 2705 Laodiceae,
859 2663 1009 2700 similiter
1022 2691 1029 2698 .

263 2713 500 2754 Theodoretus
512 2714 692 2756 Episcopus
712 2713 817 2755 Cyri,
840 2715 983 2750 similiter
1000 2740 1007 2747 .

264 2765 440 2810 Diogenes
462 2764 644 2813 Episcopus
668 2763 865 2806 Seucobeli,
890 2766 1056 2801 ssmiliter.

220 2885 290 2938 Ὲὸ
325 2883 447 2953 quod
482 2883 667 2934 nimium
705 2887 940 2935 Portitoris
978 2886 1108 2940 ,insta-

289 2971 357 3005 ret
380 2954 550 3005 occasio
573 2992 586 3015 ,
622 2973 710 3004 non
733 2972 969 3024 potuerunt
1010 2960 1106 3006 uni-

288 3026 405 3079 versi,
427 3063 439 3086 ,
472 3027 553 3093 qui
576 3025 799 3079 nobiscum
823 3027 919 3078 sunt
943 3065 957 3090 ‚
995 3032 1103 3097 Epi-

291 3092 410 3162 scopi
437 3095 725 3149 subscribere.

222 3162 346 3217 Idem
398 3166 745 3229 Religiofiffimus
773 3174 972 3236 Joannes
1021 3176 1105 3218 Ar-

290 3234 625 3307 chi-Episcopus
647 3241 933 3293 interlocutus
957 3240 1018 3292 est
1039 3239 1104 3290 su-

290 3305 547 3380 pra-scripta
559 3342 570 3355 .

1912 190 1971 232 59

1334 362 1853 427 ἸὃεῑΗοῐιιοΝ.

1241 506 1361 543 Pistola
1374 506 1440 543 haec
1453 510 1570 553 scripta
1583 510 1629 544 est
1652 508 1773 543 eodem
1784 518 1932 552 tempore
1943 534 1963 553 ,ἢ
1979 522 2045 554 quo

1264 559 1443 602 praecedens
1469 559 1604 595 Relatio
1626 573 1633 592 :
1660 560 1793 604 Nempe
1815 559 1886 603 post
1911 560 2046 603 Ioannis

1161 608 1305 643 Comitis
1317 610 1493 644 adventum
1505 612 1541 644 in
1562 609 1758 655 Ephefinam
1772 610 1943 644 civitatem
1954 636 1964 651 ‚
1990 623 2047 648 aut

1162 657 1272 699 potins
1293 660 1363 701 post
1387 660 1483 704 ipfius
1501 673 1543 695 ex
1567 673 1605 696 ea
1627 660 1770 695 reditum
1792 661 1834 695 ad
1854 660 1970 695 urbem
1983 662 2048 699 Re-

1159 707 1249 751 giarn
1271 732 1278 739 .
1305 709 1450 744 Forsitan
1475 710 1586 746 eadem
1608 711 1663 746 die
1685 737 1691 744 .
1720 711 1815 745 Hinc
1839 710 1929 744 enim
1954 721 2047 749 tanta

1161 757 1224 791 fult
1235 757 1404 791 festinatio
1416 783 1427 797 2
1453 771 1489 794 ut
1500 773 1616 796 omnes
1629 762 1794 796 Factionis
1808 760 1964 806 Episcopi
1977 773 2048 796 non

1159 808 1331 851 'potuerint
1342 807 1540 843 subscribere
1551 836 1557 842 .
1569 813 1709 854 Joannes
1719 811 1910 847 Patriarcha
1924 813 2050 855 timuit,

1162 868 1203 891 ne
1215 856 1369 901 Ephefini
1392 857 1502 892 Patres
1528 861 1582 894 sua
1594 861 1676 897 Asta
1697 864 1953 906 transmitterent
1976 862 2050 896 An-

1161 907 1320 943 tiochiam
1343 933 1354 950 ,
1380 918 1479 951 atque
1502 909 1557 943 sua
1581 910 1779 947 authoritate
1802 911 1897 953 illam
1919 912 1955 947 in
1978 915 2050 948 suas

1162 969 1265 1002 partes
1288 958 1513 994 traducerent.
1544 959 1638 993 Hinc
1662 958 1759 992 duxit
1780 963 1882 1003 ipsam
1896 963 2052 997 instruen-

1161 1008 1241 1043 dam
1258 1020 1296 1043 ac
1308 1009 1524 1043 muniendam
1536 1035 1544 1042 .
1576 1008 1819 1049 Lamentabilis
1841 1007 1977 1048 eratvissla
1989 1014 2053 1061 Ca-
2075 1028 2086 1053 ,ι

1162 1058 1294 1094 tholicae
1318 1060 1463 1094 Ecclefiae
1488 1060 1660 1095 calamitas
1682 1085 1689 1092 .
1720 1060 1857 1093 Etenim
1883 1061 1918 1093 in
1939 1063 2054 1102 eadem

1163 1110 1303 1153 Synodo
1324 1109 1513 1145 Patriarcha
1532 1110 1637 1145 stabat
1657 1120 1775 1145 contra
1806 1106 2063 1154 patriarcham}

1163 1161 1324 1196 Dioecefis
1336 1172 1452 1196 contra
1464 1162 1663 1203 Dioecefim,
1691 1160 1835 1203 invicem
1857 1171 1999 1206 arguens
2021 1163 2056 1196 &

1165 1212 1326 1247 damnans
1336 1212 1377 1246 de
1389 1210 1495 1246 haerefi
1517 1212 1553 1246 in
1576 1213 1719 1247 invicem
1729 1222 1943 1256 quocumque
1965 1221 2059 1245 terra-

1165 1273 1238 1295 rum
1259 1264 1485 1297 transmittens
1507 1263 1702 1298 Relationes
1725 1274 1764 1297 ac
1787 1263 1932 1302 iitteras,
1960 1270 2058 1304 atque

1166 1312 1212 1346 ita
1235 1311 1408 1348 crudeliter
1428 1315 1579 1348 crucians
1599 1325 1637 1348 ac
1657 1314 1788 1348 lanians
1809 1312 1915 1358 fidelis
1937 1311 2060 1355 Populi

1166 1363 1316 1397 infirmas
1326 1364 1562 1398 conscientias.
1589 1364 1697 1398 Porro
1718 1375 1794 1398 vera
1806 1362 1964 1407 Synodus
1981 1363 2060 1398 sem-

1167 1424 1222 1456 per
1242 1439 1253 1454 ,
1290 1413 1507 1449 Antiochena
1534 1416 1648 1449 Fafflo
1676 1425 1859 1459 numquam
1882 1413 1996 1448 retulit
2018 1413 2060 1448 ad

1167 1462 1283 1498 Sedem
1307 1464 1538 1509 Apostolicam
1553 1479 1565 1499 .·
1590 1466 1691 1500 Laica
1714 1464 1878 1508 Principis
1901 1463 2061 1509 potestate

1168 1515 1199 1548 se
1212 1514 1339 1548 firmare
1349 1515 1492 1550 studuit.
1523 1517 1567 1550 Et
1581 1516 1626 1550 ita
1638 1514 1875 1550 demonstravit
1898 1515 1929 1548 se
1942 1526 2009 1547 non
2025 1514 2062 1547 in

1169 1564 1372 1608 Apostolica:
1395 1567 1540 1601 veritatis
1560 1565 1657 1601 Petra
1679 1566 1760 1600 state
1783 1566 1797 1605 ‚'
1820 1563 1874 1598 sed
1897 1563 2001 1606 jacere
2024 1564 2061 1597 in

1167 1626 1264 1649 arena
1290 1616 1475 1655 mendacii,

1218 1665 1262 1698 Et
1275 1676 1355 1700 nota
1376 1664 1431 1700 hic
1444 1665 1533 1699 aliud
1547 1664 1757 1699 mendacium
1770 1689 1778 1696 .
1805 1663 1942 1697 Etenim
1955 1662 2059 1697 solam

1167 1715 1291 1757 Cyrilli
1313 1727 1351 1750 ac
1362 1716 1560 1750 Memnonis
1583 1715 1601 1749 a
1618 1717 1651 1750 se
1665 1723 1860 1750 attentatam
1873 1713 2062 1748 damnatio-

1167 1777 1244 1806 nem
1265 1766 1441 1809 praedicant
1467 1791 1479 1807 ,
1506 1766 1716 1810 clamantque
1738 1765 1841 1810 ipsam
1853 1763 2031 1798 stabilitam
2050 1787 2060 1804 ‚

1167 1827 1205 1850 ac
1217 1817 1406 1852 executioni
1419 1817 1531 1851 datam
1554 1817 1573 1855 a
1584 1817 1738 1860 Principe
1749 1841 1759 1856 ‚
1785 1816 1829 1850 de
1843 1815 1990 1849 Nestorii
2007 1825 2062 1857 per

1169 1865 1342 1908 Synodum
1362 1869 1466 1907 fasta,
1490 1878 1529 1900 ac
1538 1868 1639 1900 etiam
1662 1877 1717 1908 per
1728 1866 1919 1908 Principem
1938 1865 2062 1898 stabili-

1169 1925 1201 1948 ta
1213 1939 1224 1955 ‚
1249 1926 1288 1948 ac
1301 1916 1337 1949 in
1347 1916 1578 1950 executionem
1589 1915 1679 1949 miffa
1697 1915 1914 1949 damnatione
1929 1915 2060 1957 penitus

1168 1973 1279 1998 tacent
1301 1989 1310 2002 ,.
1338 1966 1468 2006 Nempe
1491 1965 1559 2008 quo
1579 1964 1847 1998 circumscribant
1876 1962 2061 1997 Antioche-

1169 2025 1248 2047 nos.
1278 2012 1418 2047 Addunt
1435 2014 1470 2047 &
1491 2015 1554 2047 alia
1577 2013 1750 2047 mendacia
1767 2038 1774 2045 .
1803 2012 1942 2053 Primo,
1968 2013 2059 2056 quod

1169 2064 1317 2097 universa
1329 2063 1485 2106 Synodus
1497 2063 1619 2105 Cyrilli
1641 2075 1679 2098 ac
1695 2063 1892 2102 Memnonis
1911 2064 2061 2107 impieta-

1168 2124 1233 2148 tem
1248 2138 1258 2154 ,
1286 2114 1401 2157 utique
1425 2114 1602 2148 duodecim
1617 2113 1770 2157 Capitula
1782 2139 1792 2156 ‚
1820 2115 2060 2158 praesumpserit

1168 2165 1364 2199 confirmare
1374 2163 1438 2198 suis
1459 2164 1754 2207 subscriptionibus
1768 2190 1775 2197 .
1805 2164 1909 2199 Aliud
1923 2158 2059 2201 menda-

1168 2215 1257 2249 cium
1277 2214 1323 2248 est
1347 2215 1382 2248 in
1395 2214 1447 2248 his
1471 2214 1599 2249 verbis.-
1625 2217 1790 2249 sacerdotii
1804 2214 2002 2255 Minister-ium
2012 2227 2062 2248 re-

1165 2264 1358 2308 sumpserunt
1381 2290 1388 2297 .
1415 2266 1551 2299 Etenim
1573 2265 1730 2309 Synodus
1754 2290 1766 2306 ‚
1793 2264 1910 2300 Aeacii
1933 2264 2061 2300 Meliti-

1170 2316 1275 2350 nensls
1301 2316 1525 2359 Metropolitae
1551 2314 1716 2359 Judicium
1742 2317 1850 2355 secuta
1872 2340 1883 2356 ,
1921 2325 2060 2351 attenta-

1169 2376 1236 2400 tam
1256 2367 1276 2400 ὲ
1299 2366 1435 2409 Joannis
1456 2367 1612 2401 Fastione
1638 2366 1810 2401 audaciam
1837 2367 1964 2401 censuit
1987 2378 2058 2401 non

1169 2416 1373 2457 synodalem
1390 2417 1587 2454 sententiam
1600 2441 1612 2459 ‚
1639 2417 1694 2451 sed
1717 2417 1873 2451 hostilem
1885 2428 2059 2451 contume-

1170 2464 1271 2503 liam,
1297 2463 1439 2508 ideoque
1461 2476 1643 2508 numquam
1653 2467 1787 2505 cessavit
1811 2468 1939 2499 &Sacro
1951 2467 2058 2499 Mini-

1169 2513 1284 2547 sterio.
1308 2513 1456 2558 joannes
1468 2514 1590 2549 Comes
1613 2515 1768 2559 rogavit,
1794 2525 1830 2548 ut
1841 2515 1931 2558 pacis
1953 2517 2058 2560 gratia

1170 2563 1365 2598 ceffaret'ad
1394 2572 1521 2608 tempus
1549 2576 1556 2596 ε
1584 2565 1628 2598 Et
1653 2565 1804 2598 obtinere
1831 2575 1900 2597 non
1928 2567 2058 2608 potuit.

1173 2613 1215 2647 Et
1227 2612 1306 2647 hinc
1320 2613 1452 2647 tertium
1473 2613 1685 2647 mendacium
1699 2616 1742 2648 est
1756 2638 1767 2654 ‚
1792 2615 1884 2657 quod
1896 2626 1952 2658 per
1963 2615 2056 2649 istius

1160 2660 1347 2697 ‘Ministerii
1361 2664 1583 2708 sumptionem
1602 2664 1711 2698 omnis
1722 2664 1878 2707 Synodus
1900 2665 2057 2700 ceciderit

1170 2715 1204 2747 in
1218 2714 1518 2757 praevaricationem
1541 2726 1579 2749 ac
1592 2725 1705 2758 poenas
1725 2715 1831 2759 quarti
1846 2715 2055 2750 Antiocheni

1170 2765 1320 2799 Canonis
1338 2789 1345 2796 .
1372 2765 1541 2810 Qartum
1559 2765 1606 2800 est
1632 2766 1667 2799 in
1691 2763 1743 2799 his
1769 2765 1875 2799 verbis
1895 2779 1908 2799 .-
1934 2767 2054 2801 Gunela

1164 2815 1362 2857 perturbant.
1389 2816 1485 2849 Hinc
1508 2814 1598 2854 vides
1618 2816 1682 2850 effe
1702 2817 1922 2856 consuetum,
1949 2826 1987 2850 ut
1998 2827 2055 2859 pu-

1169 2865 1261 2899 blicae
1281 2865 1401 2908 quietis
1419 2864 1601 2901 turbatores
1620 2867 1691 2901 suas
1701 2866 1896 2911 petulantias
1908 2866 2056 2900 transcri-

1168 2916 1248 2950 bant
1269 2917 1305 2949 in
1327 2926 1383 2950 eos
1398 2941 1408 2957 ,
1435 2928 1519 2960 quos
1542 2917 1676 2952 turbant
1699 2942 1706 2950 .
1735 2914 1893 2951 Notanda
1917 2917 1993 2949 sunt
2015 2918 2051 2950 δε

1168 2966 1233 3000 haec
1247 2965 1366 3001 verba:
1394 2969 1458 3011 ,Qut
1470 2969 1660 3002 damnantur
1674 2992 1686 3008 ‚
1710 2965 2050 3010 absolutionemfibimet·

1165 3016 1233 3059 ipfis
1256 3019 1377 3051 minimi?
1396 3018 1532 3051 tribuant
1545 3042 1552 3050 .
1581 3018 1634 3052 Re
1647 3029 1718 3052 vera
1739 3018 1830 3052 enim
1843 3027 1960 3050 omnes
1973 3016 2050 3060 Epi-

1166 3067 1276 3110 scopi,
1304 3079 1386 3112 quos
1410 3068 1551 3111 Joannes
1574 3069 1674 3112 ligare
1695 3077 1895 3107 tentaverat,
1923 3068 1988 3101 sese
2000 3067 2048 3101 in-

1167 3118 1308 3152 invicem
1329 3118 1553 3153 absolverunt.
1581 3119 1639 3152 An
1664 3118 1747 3152 reste
1767 3118 2048 3161 &consequenter

1164 3170 1310 3214 egerint,
1335 3169 1381 3203 est
1394 3170 1528 3214 quaestio
1543 3193 1551 3201 .
1579 3168 1789 3204 Fastioistud
1801 3179 1882 3212 opus
1903 3168 1949 3202 est
1964 3167 2051 3202 inse-

1165 3221 1248 3259 ,stata
1282 3219 1397 3259 multis
1430 3218 1607 3257 calumniis
1632 3245 1640 3254 .
1675 3221 1744 3257 Suo
1782 3220 1859 3254 loco
1883 3217 2045 3253 discutie-

1165 3279 1236 3306 tur.

1815 3465 1992 3505 CAPUT
