2320 3730
363 206 425 253 80

293 290 356 326 lam
369 292 523 324 civitatem
533 291 752 331 perveneritis.
782 288 930 324 Edicunt
949 289 1038 333 quod
1066 288 1099 321 hi
1114 288 1174 327 Le-

289 340 360 384 gati
373 349 441 373 non
454 337 698 373 Chalcedonem
711 363 723 380 ,
749 339 803 373 sed
817 340 958 374 omnino
971 336 1173 373 evocatifue-

288 390 354 429 rint
377 389 704 432 Constantinopolim
726 413 733 421 .
773 389 875 437 Qod
898 390 999 433 ipsum
1024 388 1111 421 lucet
1131 397 1172 420 ex

287 437 340 473 his
359 437 463 474 verbis
475 452 486 472 .·
512 440 562 471 Ad
579 439 795 473 celeberrimam
816 439 1173 479 constantinopolitanam

281 490 391 528 urbem
409 494 525 523 evocati
539 487 641 532 sumus
657 515 664 522 .
695 490 739 523 Et
750 501 826 523 cum
839 490 898 522 ista
909 490 960 531 spe
989 497 1085 530 atque
1103 487 1172 530 opi-

284 539 464 574 nionelaeti
476 540 627 574 exierunt
641 537 788 582 Epheso.
817 539 864 573 At
884 535 938 581 per
960 538 1047 571 viam
1073 538 1172 580 Joan-

283 600 343 625 nes
366 589 490 624 Comes
507 590 569 623 alia
593 589 640 624 eis
663 589 755 625 dedit
778 586 936 622 Mandata
957 598 964 618 ε
994 587 1062 622 Eos
1085 587 1170 631 juffit

282 637 444 682 subsistere
456 638 668 674 Chalcedone
680 662 691 678 ,
716 640 750 672 &
762 638 832 670 istic
845 637 1015 680 praestolari
1040 637 1170 673 ulterio-

281 701 352 724 rem
373 699 489 724 nutum
511 689 690 733 Principis.
720 689 850 730 Nempe
862 685 1069 723 Theodosius
1094 700 1168 732 pau·

280 739 374 775 latim
397 739 578 775 docebatur
595 739 720 773 saniora
743 760 754 776 ,
780 736 814 769 <Sc
836 736 977 782 Regiam
1001 738 1165 774 civitatem

280 789 449 824 metuebat
459 790 501 824 ab
512 790 559 824 eis
581 785 792 822 turbandam.

328 839 477 888 Qaestio
489 840 534 873 est
545 862 556 878 ,
582 836 675 885 Qid
686 837 725 870 fit
736 835 841 871 audiri
863 850 973 873 coram
987 838 1164 883 Imperato-

276 901 313 924 re
323 914 334 931 ,
360 890 440 934 quid
453 889 486 922 in
498 888 622 922 Senatu
634 911 646 928 ,
672 886 751 932 quid
764 887 798 920 in
811 888 1012 929 Confistorio
1025 891 1041 922 ,2
1072 891 1163 938 Qo·

275 938 380 974 modo
398 936 464 971 haec
487 937 549 972 tria
575 936 729 971 differant
743 937 760 968 ἒ
787 937 986 981 Respondeo
1013 941 1163 974 differen-

274 988 355 1028 tiam
367 986 533 1031 pendere&
553 985 672 1021 notitia
685 986 864 1031 Imperialis
876 989 1067 1024 Confistorii
1084 1016 1094 1031 ,
1122 991 1163 1024 de

276 1038 393 1082 quoin
406 1035 542 1071 Scholio
556 1034 596 1069 ad
611 1037 740 1072 tertiam
754 1038 861 1083 legem
872 1040 983 1075 Tituli
995 1041 1036 1075 de
1049 1041 1160 1074 officio

272 1086 426 1131 Judicum
435 1086 589 1121 omnium
602 1087 636 1121 in
649 1085 889 1123 Theodofiano
902 1091 1029 1126 Codice
1049 1090 1159 1125 scribit

271 1136 413 1181 Iacobus
430 1135 656 1172 Gothofredus
669 1151 680 1172 t
710 1138 909 1180 consistorium
922 1167 932 1182 ,
959 1142 1040 1184 quod
1058 1141 1159 1179 notiffi-

270 1183 354 1221 mum
358 1189 430 1229 jam
443 1213 454 1229 ,
481 1187 558 1221 locus
569 1187 631 1229 est,
657 1188 781 1222 abitum
791 1189 960 1233 confiliosuo
971 1195 1157 1233 Imperator,

269 1237 442 1281 ubicumque
451 1236 682 1281 tandemldfit,
710 1238 827 1281 consistit
842 1264 852 1279 ,
881 1242 915 1274 o·
935 1242 1043 1275 exinde
1070 1247 1157 1285 agit,

268 1288 441 1330 deliberat,
466 1289 615 1323 decernit.
644 1292 753 1322 Etiam
775 1295 807 1322 in
827 1289 970 1324 Theatra.
998 1291 1157 1325 Decernit

266 1349 340 1374 non
361 1339 571 1374 solummodo
591 1339 713 1382 privata
726 1364 737 1380 ,
765 1337 818 1373 sed
845 1341 880 1375 δε
900 1341 1031 1384 publica
1057 1353 1155 1386 nego-

264 1390 313 1429 tia
327 1413 335 1421 .
361 1389 406 1423 Et
418 1387 484 1424 haec
495 1389 541 1425 est
553 1388 622 1433 ejus
631 1389 815 1424 differentia
827 1390 868 1425 ab
889 1391 1088 1426 Auditorio.
1117 1391 1153 1424 In

267 1437 335 1474 hoc
349 1439 437 1474 enim
452 1440 519 1474 sola
531 1440 654 1483 privata
665 1441 884 1475 tractabantur
896 1467 903 1474 .
933 1443 1029 1476 Hine
1050 1441 1156 1484 plures

263 1488 300 1522 in
311 1496 452 1533 utroque
463 1489 591 1523 Codice
602 1490 692 1533 leges
709 1489 830 1523 habent
844 1490 930 1525 hanc
953 1491 1155 1534 subscriptio-

261 1549 339 1572 nem
351 1552 362 1571 .-
390 1537 495 1570 Acium
507 1543 540 1571 in
551 1537 735 1579 Confistorio.
764 1538 870 1574 Porro
887 1540 971 1574 istud
994 1540 1155 1584 Principis

262 1588 439 1623 confilium
459 1599 530 1622 non
553 1598 621 1623 erat
633 1587 867 1633 quodcumque
892 1601 948 1626 aut
969 1591 1155 1636 qualecum-

260 1650 351 1682 que,
378 1637 431 1672 sed
453 1638 614 1683 singulare
633 1662 645 1679 ‚
670 1639 853 1674 conflatum
874 1651 916 1675 ex
939 1642 1016 1676 solis
1039 1643 1153 1676 Confi—

261 1687 448 1723 storialibus
471 1688 661 1724 Comitibus
684 1714 695 1731 ‚
722 1688 865 1734 ideoque
893 1691 1019 1728 dictum
1041 1692 1153 1727 Confi-

260 1738 392 1774 storiale
404 1739 576 1774 confilium
590 1765 597 1773 .
624 1739 759 1774 Etenim
782 1741 870 1776 inter
889 1742 992 1777 varias
1003 1743 1154 1787 Imperia-

260 1789 345 1823 lium
356 1790 528 1824 Comitum
539 1790 650 1825 classes
659 1800 752 1825 erant
763 1791 864 1827 etiam
876 1792 1025 1828 Comites
1039 1794 1152 1828 Confi-

260 1839 417 1874 ssoriani.
444 1840 488 1874 Et
502 1840 578 1876 sane
593 1852 662 1876 non
674 1841 801 1876 infimi.
830 1843 965 1879 Etenim
978 1843 1064 1888 apud
1077 1844 1154 1878 Cas-

258 1890 430 1924 fiodorum
442 1887 600 1926 habemus
621 1890 706 1926 hanc
736 1893 914 1928 formulam
929 1907 940 1928 .-
966 1897 1151 1928 Comitivam

256 1942 354 1983 primi
369 1942 496 1975 Ordinis
508 1943 655 1986 largimur
667 1966 679 1982 ,
704 1950 738 1976 ut
747 1943 946 1986 Confistorium
958 1944 1084 1984 nostrum
1105 1951 1150 1978 in-

258 1990 430 2033 grediaris.
459 1990 606 2024 Proinde
616 2000 707 2024 erant
725 1993 821 2032 primi
836 1993 974 2026 Ordinis
987 2017 994 2023 .
1020 1994 1151 2027 Institu-

258 2036 333 2075 'tum
359 2039 480 2082 Magni
511 2037 726 2073 Constantini
755 2063 763 2071 .
804 2039 875 2073 Alii
914 2041 1149 2076 Confistorium

261 2088 602 2133 dumtaxatingredi,
629 2089 686 2123 alii
698 2096 848 2132 poterant
862 2088 961 2126 etiam
987 2091 1150 2127 &delibe-

260 2150 352 2174 rare.
378 2138 460 2172 Item
483 2138 540 2172 alii
568 2137 605 2171 in
629 2139 853 2181 Consistorio,
879 2141 938 2176 alii
950 2151 1043 2177 erant
1065 2143 1148 2178 intra

261 2188 522 2224 Confistorium.
549 2187 655 2236 Quod
668 2188 813 2234 Principi
835 2190 1035 2234 adfiderent,
1061 2195 1148 2238 apud

261 2240 414 2275 Flavium
429 2238 613 2282 Vopiscum
625 2240 660 2273 in
673 2238 849 2275 Aureliani
862 2241 1071 2287 Imperatoris
1082 2245 1149 2279 vita

262 2290 351 2324 lucet
364 2301 406 2323 ex
419 2287 567 2324 Acholio
580 2313 591 2330 ‚
616 2287 673 2333 qui
686 2290 776 2325 dieto
787 2291 935 2337 Principi
955 2293 1019 2328 fuit
1039 2294 1149 2339 Magi-

259 2340 326 2374 ster
349 2339 615 2375 Admiffionum.
644 2339 791 2388 Qidam
816 2342 933 2378 volunt
957 2344 1087 2387 aliquos
1107 2356 1150 2379 et·

259 2390 328 2425 iam
354 2389 473 2424 stetisse
499 2415 506 2422 .
536 2391 579 2424 Et
603 2389 689 2425 hanc
709 2392 805 2427 fuiss’e
828 2403 928 2428 unam
951 2405 993 2428 ex
1015 2395 1150 2428 istorum

259 2440 436 2474 Comitum
449 2440 656 2475 differentiis.
685 2441 728 2475 Et
740 2441 782 2475 ab
804 2441 922 2477 horum
945 2444 1150 2478 consistentia

256 2490 382 2525 dictum
404 2491 497 2525 fuisse
522 2490 761 2526 Confistorium
777 2517 784 2525 .
812 2491 961 2527 Probant
981 2504 1023 2527 ex
1041 2494 1150 2528 San-sti

261 2540 432 2575 Ambrosii
455 2541 496 2575 ad
513 2540 785 2579 Valentinianum
810 2542 990 2576 secundum
1011 2544 1152 2586 Impera-

253 2600 369 2624 torem
381 2590 517 2629 litteris,
545 2590 714 2630 scribentis
732 2589 773 2623 de
787 2591 954 2633 Tyranno
974 2591 1128 2627 Maximo
1146 2605 1152 2625 :

263 2638 407 2683 Ubisedit
419 2645 452 2673 in
465 2638 650 2680 Confiflorio,
676 2640 816 2682 ingressus
831 2639 900 2682 sum
917 2665 924 2673 .
948 2640 1130 2684 Adsurrexit
1141 2668 1151 2683 ‚

263 2699 298 2725 ut
323 2690 448 2733 osculum
485 2690 571 2721 daret
599 2713 607 2720 .
635 2692 701 2731 Ego
726 2694 803 2721 inter
820 2689 1043 2732 consistorianos
1063 2691 1149 2731 steti.

264 2744 546 2780 Hortaricoeperunt
557 2739 612 2770 alii
622 2762 633 2778 ,
663 2747 697 2771 ut
708 2738 917 2781 adscenderem
927 2754 940 2782 ;
968 2752 1075 2774 vocare
1087 2743 1150 2783 illi,

262 2790 320 2823 (τι.
348 2788 411 2824 Per
423 2787 686 2823 Confistorianos
706 2789 895 2825 existimant
913 2790 1058 2825 asaneto
1072 2791 1151 2825 Am·

263 2839 370 2874 brolio
394 2838 538 2884 intelligi
549 2837 792 2873 Confistoriales
812 2839 961 2876 Comites
985 2841 1151 2877 inferioris

262 2889 403 2924 Ordinis
416 2915 423 2922 .

313 2939 363 2974 At
386 2949 511 2974 certum
531 2939 577 2973 est
600 2939 665 2973 labi
685 2965 692 2972 .
720 2940 856 2974 Etenim
884 2941 918 2974 in
943 2940 1082 2975 Scholiis
1108 2942 1149 2976 ad

258 3000 414 3025 arcanam
439 2989 826 3034 ProcopiivCaesaraeenfis
851 2991 1035 3026 Historiam
1071 2991 1150 3026 recte

263 3041 373 3076 scribit
385 3041 547 3075 Nicolaus
562 3040 786 3075 Alemannus:
814 3040 1011 3082 Confistorium
1024 3041 1149 3075 vocaba-

263 3098 313 3123 tur
328 3093 349 3123 ἃ
382 3091 545 3133 consistente
556 3092 777 3132 multitudine,⁴
792 3091 825 3124 ὑ·
850 3093 1002 3132 Principis
1024 3093 1150 3125 Audien-

264 3145 338 3172 tiam
358 3141 523 3182 postulante
550 3166 555 3172 .
578 3141 670 3176 Nam
694 3141 729 3175 δε
749 3140 850 3175 hodie
884 3140 925 3174 ad
956 3142 1149 3176 Romanum

263 3190 383 3222 summi
407 3190 580 3226 Pontificis
602 3214 613 3229 ‚
648 3192 737 3235 quod
758 3203 798 3225 ex
817 3192 946 3234 Imperii
971 3192 1076 3226 forma
1098 3192 1148 3226 de-

263 3239 428 3280 sumptum
441 3241 485 3273 est
497 3266 509 3282 ,
538 3240 774 3276 Confistorium
785 3242 928 3276 confistit
949 3241 1127 3276 multitudo
1141 3267 1148 3274 .

268 3289 404 3323 Sanetus
428 3289 528 3332 igitur
550 3290 741 3324 Ambrosius
753 3292 898 3336 queritur
922 3293 952 3325 se
964 3291 982 3323 ὲ
995 3292 1148 3326 Maximo

263 3337 359 3373 fuisse
379 3337 461 3371 adeo
474 3338 679 3381 despectum,
704 3350 739 3374 ut
766 3343 849 3376 intra
873 3341 1014 3385 primum
1039 3342 1148 3376 velum

266 3387 415 3422 debuerit
426 3388 460 3421 in
472 3386 675 3423 Consistorio
686 3389 788 3431 stare,
815 3392 934 3426 &istic
955 3393 1042 3435 quali
1066 3404 1150 3427 unus

265 3438 283 3477 ὲ
294 3437 428 3490 Populo
437 3437 530 3482 loqui
541 3463 548 3471 ·
577 3439 681 3476 Hunc
692 3440 784 3476 suum
797 3442 923 3477 sensum
933 3442 1043 3477 lucide
1053 3453 1150 3487 expo-

649 259 653 265 ,
710 207 1053 254 VARIORUM
1089 206 1335 250 PATRUM
1369 202 1695 266 Emsrota,

1223 285 1291 318 init
1314 286 1347 318 in
1372 287 1612 330 superioribus.-
1639 296 1715 324 Cum
1731 293 1928 337 perveniffem
1951 296 2119 334 Treveros,

1235 334 1374 378 postridie
1390 338 1504 377 proceffi
1528 340 1572 371 ad
1589 341 1761 374 Palatium.
1790 343 1929 388 Egi-effus
1949 343 1989 385 est
2009 346 2053 378 ad
2070 354 2118 377 me

1238 391 1290 419 vir
1314 386 1489 419 Gallicanus
1514 400 1525 427 ·,
1550 379 1726 430 15raepoftus
1755 392 1890 426 cubiculi
1913 418 1925 435 ,
1951 393 2116 428 Eunuchus

1239 439 1351 480 Regis.
1383 435 1504 479 Poposci
1526 438 1658 470 adeundi
1681 443 1811 480 copiam:
1837 443 1985 486 ‚Quaefivit
2005 470 2016 486 ,
2042 455 2114 477 num

1238 486 1421 529 Rescriptum
1445 487 1584 521 haberem
1607 486 1711 529 vestrae
1732 491 1904 525 Clementia
1922 518 1929 526 .
1965 493 2117 538 Respondi

1236 535 1356 570 babere.
1383 537 1496 572 Retulit
1517 548 1575 571 non
1589 538 1665 582 poffl'
1685 550 1733 573 me
1749 564 1760 581 ‚
1786 536 1879 582 nisiin
1890 542 2055 584 Confistorio
2068 548 2117 578 vi·

1235 588 1313 620 deri.
1342 591 1419 620 Dixi
1430 599 1488 621 non
1498 588 1549 632 effe
1560 588 1636 621 bunc
1647 600 1754 622 morem
1780 592 2014 627 sacerdotalem:
2041 598 2113 628 Cer-

1234 637 1265 669 te
1289 637 1340 681 effe
1360 639 1479 680 aliqua,
1507 640 1546 673 de
1565 639 1669 682 quibus
1686 638 1797 682 secreti
1819 641 1956 675 deberem
1977 652 2043 676 cum
2060 642 2112 686 fi¹⁰

1234 689 1371 729 Principe
1382 687 1583 730 confabulari.
1613 692 1702 734 ‚Quid
1713 692 1806 733 plura
1817 690 1834 723 ,ἕ
1859 689 2011 735 Consului?
2022 703 2089 727 eum
2099 716 2112 733 ,

1227 735 1284 780 sed
1293 739 1396 772 eadem
1406 738 1565 780 referenda
1575 741 1701 773 credidit
1711 765 1722 781 ‚
1747 749 1779 773 ut
1794 742 1916 784 liqueret
1924 749 2014 776 etiam
2031 747 2114 785 prio-

1230 799 1266 820 ra
1279 799 1317 821 ex
1329 789 1407 821 illius
1418 788 1541 822 arbitrio
1550 790 1724 833 deprompta
1736 817 1743 823 .
1772 794 1849 825 Dixi
1867 799 1973 826 tamen
1981 794 2111 827 alienum

1231 839 1264 869 id
1271 839 1391 880 quidem
1402 840 1422 871 ἃ
1434 839 1525 879 nostro
1534 851 1652 874 munere
1664 865 1675 881 ,
1696 839 1755 883 sed
1762 853 1809 875 me
1821 850 1936 884 recepto
1956 844 2042 886 officio
2053 854 2112 878 mm

1229 888 1399 930 defuturum
1411 914 1422 930 ‚
1443 899 1570 933 gratam
1590 889 1666 923 mibi
1687 891 1738 933 effe
1758 890 1956 926 bumilitatem
1972 917 1984 934 ,
2012 898 2044 926 in
2063 902 2112 926 tuo

1227 936 1412 982 prasertim,
1438 940 1473 972 Kb·
1491 941 1572 982 quod
1591 951 1695 974 verum
1715 940 1754 981 est
1766 966 1777 982 ‚
1804 947 1965 976 Fraternae
1981 948 2113 984 pietatis

1228 996 1338 1035 negotio¹
1351 1014 1358 1021 .
1386 990 1519 1024 Sanctus
1533 991 1725 1025 Ambrofius
1735 1002 1801 1025 erat
1815 991 2040 1027 Valentiniani
2052 992 2115 1028 Le-

1226 1049 1344 1083 gatuS,
1370 1039 1511 1085 ideoque
1532 1040 1639 1084 ipsum
1662 1051 1731 1075 non
1753 1051 1789 1074 ut
1807 1043 2030 1087 Episcopum,
2056 1043 2112 1078 sed

1226 1089 1438 1134 utLegatum
1449 1091 1597 1125 tractavit
1618 1091 1809 1125 Maximus:
1837 1092 1945 1135 Ipsum
1957 1092 2112 1137 privatim

1228 1138 1331 1172 solum
1343 1139 1430 1173 solus
1439 1139 1473 1173 in
1487 1140 1544 1173 suo
1555 1142 1654 1175 Sacro
1665 1139 1830 1175 Cubiculo
1841 1143 1952 1176 audire
1975 1143 2086 1177 noluit
2097 1167 2110 1184 ,

1225 1186 1278 1222 sed
1289 1188 1462 1223 dumtaxat
1473 1187 1601 1232 publice
1620 1189 1655 1223 in
1667 1190 1871 1225 Confistorio
1883 1216 1890 1223 .
1919 1192 2111 1236 Principum

1224 1237 1313 1273 enim
1329 1239 1447 1283 Legati
1458 1239 1692 1274 consueverant
1704 1239 1775 1274 istic
1785 1240 1889 1275 audiri
1910 1242 1929 1275 a
1947 1242 2111 1277 Romanis

1226 1287 1479 1331 Imperatoribus
1500 1314 1507 1321 .
1534 1290 1696 1324 Attamen
1719 1301 1791 1325 non
1813 1291 1943 1336 penitus
1963 1292 2111 1338 neglexit

1223 1338 1368 1372 debitam
1383 1339 1549 1382 Episcopo
1572 1340 1786 1375 reverentiam
1798 1367 1805 1374 .
1834 1342 1969 1376 Etenim
1987 1343 2023 1376 in
2047 1342 2112 1386 ple-

1223 1399 1268 1421 no
1280 1388 1484 1421 Confistorio
1497 1397 1608 1431 prater
1620 1400 1746 1423 morem
1756 1391 1936 1425 adsurrexit
1947 1415 1958 1432 ‚
1985 1393 2019 1425 ἃ
2031 1392 2111 1427 Am-

1223 1437 1361 1471 brosium
1376 1437 1481 1471 voluit
1492 1434 1655 1473 honorare
1667 1437 1803 1482 publico
1814 1440 1929 1475 osculo
1940 1464 1947 1472 .
1975 1440 2020 1477 Et
2032 1441 2112 1476 Am-

1223 1487 1347 1522 brofius
1367 1511 1378 1527 ,
1405 1498 1447 1520 ne
1469 1498 1599 1531 recepto
1619 1487 1737 1534 Legati
1753 1489 1867 1524 officio
1888 1515 1900 1531 ,
1926 1491 1961 1525 ἀ
1989 1491 2111 1527 dilecto

1223 1539 1280 1572 suo
1295 1536 1532 1572 Valentiniano
1545 1562 1556 1578 ,
1581 1539 1709 1573 aeirem
1723 1540 1829 1575 suaeiu
1843 1540 1988 1575 occisum
2003 1542 2022 1577 'a
2037 1540 2110 1585 Ty.

1222 1600 1325 1623 ranno
1339 1588 1538 1622 Gratianum
1553 1589 1665 1633 pietati
1677 1587 1815 1630 deesset,
1843 1590 1972 1626 admisit
1998 1603 2037 1626 ac
2052 1601 2110 1626 ex*-

1223 1636 1553 1683 plevithumilitatem
1567 1663 1577 1680 ,
1605 1640 1639 1674 δε
1660 1651 1737 1674 curn
1760 1638 1885 1684 reliqua
1906 1637 2108 1677 audientiam

1221 1688 1421 1733 praestolante
1439 1689 1653 1723 multitudine
1665 1689 1752 1724 stetit
1765 1715 1775 1730 ,
1802 1690 2040 1727 acMaximum
2061 1693 2107 1727 est

1220 1740 1383 1775 allocutus
1404 1739 1440 1774 in
1464 1738 1668 1774 Confistorio
1689 1764 1697 1772 .
1734 1739 1968 1776 Nihilominus
2003 1742 2106 1777 etiam

1222 1789 1408 1834 Episcopali
1419 1789 1532 1828 officio
1543 1801 1611 1825 non
1623 1790 1730 1824 defuit
1741 1815 1750 1824 .
1780 1791 1916 1826 Etenim
1944 1791 1985 1826 ad
1997 1787 2108 1828 adsui-

1220 1850 1352 1886 gentem
1391 1841 1424 1874 &
1445 1840 1584 1874 osculari
1607 1841 1773 1877 volentem
1805 1841 2008 1885 Tyrannum
2029 1847 2110 1877 cot!-

1221 1891 1339 1926 stanter
1366 1890 1400 1925 &
1421 1889 1552 1934 publice
1570 1890 1674 1924 edixit
1694 1902 1702 1922 :
1731 1892 1820 1933 ,Quid
1843 1890 1981 1934 oscularis
2003 1903 2073 1926 eum
2086 1901 2105 1934 ‘,

1220 1953 1304 1985 quem
1315 1951 1373 1974 non
1382 1936 1563 1984 agnoverIs?
1590 1942 1621 1974 51
1631 1945 1710 1975 enim
1720 1947 1765 1977 me
1774 1942 1960 1986 agnoviffes,
1982 1941 2104 1978 mnbo‘r

1219 1993 1275 2024 loco
1291 1992 1426 2024 videres.
2060 2003 2062 2005 ’

1269 2039 1531 2075 Describendum
1553 2039 1599 2075 est
1620 2040 1784 2087 integrum
1807 2042 1915 2076 Sanffl
1937 2041 2106 2077 Ambrosii

1218 2090 1251 2123 ὃς
1274 2089 1432 2133 Tyranni
1459 2090 1602 2125 Maximi
1617 2092 1852 2126 Confistoriale
1864 2090 1926 2126 hac
1936 2093 1977 2127 de
1989 2105 2022 2128 re
2032 2094 2107 2128 col-

1217 2139 1387 2183 loquium:
1414 2145 1584 2174 commotus
1595 2152 1625 2174 es
1638 2147 1780 2184 ‚inquit‚
1807 2141 1970 2185 Episcope.
2004 2147 2105 2186 Non,

1217 2197 1342 2234 inquam
1363 2215 1375 2231 ,
1401 2193 1515 2233 injuria
1534 2215 1545 2232 ‚
1568 2189 1628 2234 sed
1655 2194 1833 2227 verecundia
1856 2205 1864 2225 ε
1891 2195 1986 2237 ,Quod
2008 2194 2104 2227 alieno

1217 2239 1323 2283 confiflo
1342 2242 1399 2275 loco
1413 2265 1420 2272 .
1447 2244 1496 2274 Et
1510 2247 1635 2283 prima,
1659 2246 1782 2284 inquit,
1811 2246 1970 2286 Legatione
1994 2242 2105 2288 ingres-

1211 2290 1266 2334 sus
1275 2302 1306 2325 es
1329 2289 1546 2332 Confistorium.
1574 2295 1642 2327 Nee
1662 2292 1762 2331 illud,
1788 2296 1912 2334 inquam
1925 2317 1936 2334 ‚
1962 2299 2018 2327 mei
2029 2304 2103 2326 erro-

1215 2341 1345 2384 risfuit:
1374 2346 1514 2375 Vocantis
1526 2365 1536 2381 ‚
1549 2353 1608 2375 non
1617 2343 1813 2386 ingredienm
1824 2348 1934 2375 vitium
1945 2343 1983 2382 est
1995 2367 2003 2375 .
2024 2347 2102 2383 Cur,

1215 2396 1314 2435 inquit
1327 2416 1338 2433 ,
1363 2392 1504 2436 ingreffus
1524 2403 1557 2426 es
1569 2392 1587 2424 ἓ
1614 2394 1725 2436 Quia,
1750 2396 1873 2434 inquam
1886 2416 1898 2432 ‚
1925 2402 1994 2425 tunc
2015 2397 2102 2426 utin-

1211 2440 1318 2482 feriori
1333 2450 1439 2483 pacem
1456 2441 1618 2483 petebam,
1645 2453 1722 2474 nunc
1743 2450 1778 2474 ur
1796 2443 1923 2484 aequalt.
1949 2444 2103 2484 cujusm-

1217 2495 1284 2533 quit
1296 2515 1307 2532 ,
1334 2490 1470 2533 beneficio
1495 2491 1606 2533 aequali
1628 2490 1646 2522 ἓ
1672 2488 1824 2533 Respondi
1846 2504 1854 2523 :
1881 2495 2102 2534 omnipotentis

1219 2544 1299 2581 Dei,
1325 2546 1375 2583 qui
1385 2542 1596 2573 Valentiniano
1612 2543 1770 2582 Regnum,
1796 2541 1878 2582 qued
1885 2541 2028 2581 dederat,
2054 2552 2103 2576 re-

1207 2589 1366 2633 servavit.
1398 2589 1450 2622 Ex
1471 2589 1592 2631 quibus
1618 2589 1709 2630 plura
1722 2588 1936 2635 addiscimus.
1963 2590 2101 2630 Primo,

1212 2638 1302 2685 quod
1323 2639 1458 2672 Sanetus
1480 2636 1674 2671 Ambrosms
1685 2636 1727 2670 ab
1739 2635 1936 2680 Imperatore
1950 2638 2102 2673 Valenti-

1214 2689 1315 2721 niano
1338 2687 1379 2720 ad
1406 2686 1595 2720 Maximum
1621 2686 1824 2729 Tyrannum
1846 2711 1857 2728 ,
1883 2687 2003 2722 Fratris
2026 2689 2099 2732 eju‘s

1213 2736 1365 2771 Gratiani
1374 2736 1629 2770 Trucidatorem
1638 2759 1649 2775 ,
1679 2747 1716 2770 ac
1727 2737 1858 2780 Imperii
1873 2737 1908 2770 in
1921 2737 2033 2773 Gallia
2045 2739 2099 2772 In-

1213 2789 1357 2822 vasorem
1372 2810 1382 2827 ,
1409 2787 1551 2830 Legatus
1575 2786 1774 2827 Treverim,
1801 2787 1908 2821 statim
1933 2789 2099 2823 accefferit

1211 2838 1253 2872 ad
1277 2838 1409 2872 Sacrum
1435 2835 1658 2876 Cubiculum,
1685 2835 1721 2870 &
1743 2837 1921 2871 intromitti
1945 2838 2098 2882 petierit,

1212 2888 1297 2923 solus
1319 2898 1396 2921 cum
1419 2886 1490 2920 solo
1511 2886 1553 2920 de
1571 2886 1665 2921 rebus
1675 2887 1802 2921 arcanis
1812 2888 2011 2923 collaturus.
2037 2888 2098 2923 Se·-

1211 2936 1340 2977 cundo,
1368 2937 1458 2980 quod
1472 2936 1554 2971 istud
1567 2947 1607 2969 ex
1623 2937 1811 2981 Episcopali
1826 2938 1900 2981 Jure
1911 2948 1950 2972 ac
1963 2938 2097 2981 privile·-

1213 2989 1272 3035 gio
1283 2987 1491 3032 postulaverit
1505 3011 1512 3018 .
1539 2987 1653 3021 Latini
1665 2987 1755 3021 enim
1774 2988 1988 3031 Imperatores
2002 2987 2097 3022 istam

1211 3037 1427 3074 reverentiam
1449 3047 1490 3070 ex
1510 3038 1650 3081 antiquo
1660 3047 1753 3072 more
1763 3036 1951 3072 deferebant
1964 3034 2113 3082 Episcoz‘

1210 3090 1269 3134 pis.
1298 3087 1433 3128 Tertio,
1445 3087 1534 3130 quod
1548 3087 1739 3122 Ambrosius
1753 3099 1821 3121 non
1834 3089 1929 3122 fuerit
1944 3088 2098 3122 admiffus

1212 3139 1268 3175 sed
1278 3139 1420 3172 remissus
1433 3137 1473 3171 ad
1487 3149 1664 3172 commune
1677 3137 1926 3172 Confistorium.
1955 3137 2097 3186 Quarto,

1212 3187 1299 3236 quod
1310 3188 1479 3222 Maximus
1492 3188 1543 3221 isti
1558 3188 1744 3231 Episcopali
1755 3188 1930 3232 privilegio
1940 3188 2098 3232 derogare

1213 3241 1370 3277 noluerit,
1388 3238 1441 3271 sed
1455 3239 1545 3271 suum
1560 3239 1688 3272 facinus
1700 3237 1885 3272 fundaverit
1897 3239 1930 3271 in
1944 3237 2012 3272 alio
2022 3239 2100 3272 titu-

1212 3291 1266 3324 lo.
1293 3288 1449 3331 Duplici.
1478 3286 1615 3329 Primo,
1642 3289 1732 3333 quod
1755 3287 1948 3322 Ambrosius
1977 3299 2044 3322 non
2060 3297 2097 3320 ut

1213 3340 1393 3383 Episcopus
1406 3338 1571 3372 accederet
1582 3362 1593 3379 ,
1622 3340 1674 3373 sed
1702 3349 1738 3372 ut
1751 3338 1896 3382 Legatus
1918 3337 1993 3371 laici
2005 3337 2098 3370 Prin·

1211 3391 1294 3433 cipis
1308 3414 1318 3429 ,
1344 3389 1482 3431 ideoque
1504 3388 1572 3430 ejus
1587 3388 1764 3423 Audientia
1790 3389 1944 3430 spectaret
1956 3387 1997 3421 ad
2007 3387 2099 3419 Con-

1213 3440 1372 3474 fistorium
1385 3463 1392 3472 .
1420 3438 1575 3479 Deinde,
1604 3439 1694 3482 quod
1717 3438 1752 3473 in
1764 3436 1869 3487 prima
1886 3439 1940 3472 sua
1954 3435 2098 3521 ejQsdem

2015 3497 2044 3520 a.
