2320 3730
616 199 924 259 semotus,
961 209 1023 243 ετ
1058 197 1253 247 Nous
1289 209 1677 246 lausum-ra.

403 406 445 454 'C
457 409 503 455 A
517 409 553 458 Ρ
568 408 615 459 U
629 405 669 459 T
705 406 916 460 LXXIX.
955 399 1118 469 *4167

232 594 300 644 Ad
333 594 650 662 maniftflandam
694 596 910 663 divifionem
944 616 1119 657 eorum-2,

265 703 267 705 .
301 668 367 731 qui
399 685 484 713 cum
518 675 664 722 joanne
697 666 1006 717 Antiochenorum
1040 671 1120 714 Ar-

301 731 590 812 chi-Epfiopo
611 735 825 803 fintiebant
857 775 872 801 ‚
906 743 966 786 (Φ
998 756 1119 787 eorum

240 854 267 859 q„
302 805 369 871 qui
402 806 638 874 Nestorium
664 807 759 859 vcum
805 811 880 878 ejus
914 811 1120 878 Dogmatt‘-

285 877 372 923 rbus>
391 905 406 936 ,·
440 895 520 943 quae
551 882 612 925 C‘9*
644 877 721 949 ips}
755 896 962 947 negaverat
994 915 1008 939 ,
1039 877 1121 950 post

300 945 413 1011 {stam
445 947 656 1016 Epssolam
701 955 925 1002 Prooerm'um
959 952 1085 997 Irenaei
1106 984 1119 1009 ,

300 1014 346 1063 de
399 1034 468 1081 quo
489 1015 595 1084 slepi·
636 1018 803 1065 diximus
825 1054 839 1079 ‚
886 1016 1120 1086 transcriba-

298 1101 383 1155 mqs
409 1119 423 1135 .
458 1084 575 1154 Qod
605 1090 663 1134 ita
686 1086 735 1159 fi
769 1086 905 1144 habet.¹

321 1283 436 1326 Ertia‚
461 1284 592 1329 inquit,
618 1298 690 1331 pars
701 1286 798 1332 hujus
810 1287 947 1324 Codicis
966 1289 1118 1325 continet

345 1335 402 1369 illa
414 1359 426 1375 ,
452 1347 523 1380 quae
535 1339 603 1372 aaa
615 1340 691 1373 sunt
717 1339 752 1373 in
767 1338 969 1375 Alexandria
979 1365 991 1382 ,
1017 1351 1119 1384 quan·

227 1383 274 1419 do
286 1386 367 1419 inter
377 1385 410 1418 se
421 1387 615 1421 consenseru
623 1398 659 1423 nt
672 1413 680 1420 .
708 1388 754 1423 Et
765 1389 886 1432 Cyrilli
897 1391 983 1425 circa
1004 1401 1042 1425 ea
1052 1401 1106 1425 ma

227 1433 277 1469 las
288 1442 370 1469 artes
381 1458 389 1466 .
414 1434 459 1469 Et
470 1435 565 1471 Pauli
581 1437 622 1471 ad
633 1449 709 1473 eum
730 1439 848 1483 impias
859 1441 1027 1485 pastiones
1037 1465 1045 1474 .
1072 1442 1118 1476 Et

231 1492 272 1519 ut
295 1485 332 1518 in
358 1486 492 1519 Summa
503 1486 632 1522 dicatur
644 1513 655 1529 ,
682 1499 720 1523 ea
741 1500 812 1534 quae
823 1490 899 1525 ante
917 1492 990 1526 sunt
1000 1490 1091 1539 gesta
1104 1515 1117 1533 ,

228 1544 330 1579 quam
356 1532 479 1570 Paulus
503 1537 539 1571 δε
559 1535 743 1573 Aristolaus
766 1540 808 1573 ad
829 1539 1048 1575 Antiochiam
1071 1553 1106 1576 re

227 1585 371 1618 mearint
382 1609 389 1616 .
418 1584 496 1619 Post
508 1597 606 1629 quam
618 1587 758 1621 Codicis
772 1598 895 1632 partem
907 1600 944 1623 ea
957 1613 968 1630 ‚
994 1601 1067 1634 quae
1076 1591 1118 1625 de

226 1632 296 1677 ipsa
308 1631 598 1670 Antiochenorum
609 1635 776 1681 Episcopus
793 1639 936 1682 primum
959 1650 1013 1683 per
1033 1640 1118 1675 litte-

226 1693 279 1718 ras
295 1682 416 1728 ubique
429 1685 550 1728 scripsit
559 1710 570 1727 ‚
583 1684 669 1721 nihil
679 1698 794 1722 eorum
806 1713 817 1730 ‚
829 1700 898 1733 quae
907 1701 984 1724 cum
1007 1691 1119 1736 AEgy·

228 1733 303 1778 prio
315 1733 362 1767 eis
375 1736 555 1778 compotita
568 1737 666 1780 sunt,
691 1738 816 1775 faciens
833 1739 1045 1779 manifestum
1064 1743 1117 1778 Sa-

227 1783 416 1821 cerdotibus
428 1784 576 1823 Orientis
586 1812 593 1821 ,

418 1939 921 1990 Scu0L10N.

310 2084 344 2118 X
365 2082 425 2119 hac
436 2085 705 2122 Comitislrenaei
724 2089 914 2131 prefatione
935 2087 1114 2129 discimus,

334 2135 424 2177 quod
451 2135 634 2171 Aristolaus
671 2138 847 2173 Tribunus
872 2138 996 2173 cunstis
1028 2139 1113 2173 inter

220 2185 383 2219 >Sanctum
394 2185 560 2228 Cyrilium
572 2198 609 2221 ac
620 2188 762 2223 Paulum
777 2189 971 2223 Emesenurn
983 2189 1116 2222 Trasta-

228 2234 316 2268 tibus
327 2234 470 2268 adfuerit
490 2246 527 2268 ac
540 2231 750 2271 intervenerit
767 2251 778 2271 .·
805 2238 850 2271 Et
871 2239 960 2282 quod
974 2238 1115 2272 Paulum

230 2283 394 2318 reduxerit
421 2281 639 2320 Antiochiam
666 2311 677 2328 ,
703 2288 892 2333 Joannique
918 2286 1116 2321 Patriarchae

229 2332 423 2369 reddiderit.
453 2335 536 2369 Item
559 2335 733 2377 discimus,
760 2339 850 2382 quod
866 2337 1005 2372 Irenaeus
1018 2337 1116 2372 fuerit

232 2385 389 2426 professus
399 2385 603 2418 Nestorianae
624 2385 830 2430 blasphemiae
854 2388 983 2428 fautor,
1009 2399 1048 2421 ac
1059 2385 1115 2420 ho·

230 2433 286 2465 stis
306 2432 406 2474 pacis.
435 2433 569 2467 Etenim
582 2434 616 2468 in
639 2433 701 2470 hac
722 2437 933 2470 concilianda
947 2437 1116 2479 Cyrillum

229 2482 272 2514 de
284 2482 377 2516 maiis
386 2483 508 2517 artibus
518 2507 529 2523 ,
555 2483 695 2519 Paulum
708 2485 750 2520 de
763 2486 873 2529 impiis
883 2485 1117 2530 pactionibus,

229 2532 401 2587 Ioannem·
413 2534 539 2568 accusat
551 2533 594 2567 de
606 2534 743 2570 occulta·
759 2537 925 2585 utrimque
935 2537 1116 2572 conniven-

229 2590 273 2617 tia
286 2605 292 2613 .

322 3434 429 3469 Chi-ill.
439 3437 518 3479 Lupi
528 3438 625 3478 opera
635 3437 668 3467 T.
683 3438 751 3469 Vn.

1893 216 1984 260 221

1364 413 1618 467 CAPUT
1652 410 1840 494 LXXX.
1897 424 2059 473 ——168

1179 601 1350 670 Epistola
1387 608 1520 674 prima
1561 607 1650 676 post
1700 607 1874 674 Ecclefiae
1909 607 2061 675 fizffiffi

1249 692 1330 719 nem
1378 709 1392 734 ,
1440 694 1556 741 quam
1612 685 1773 732 Joannes
1820 679 2063 727 Antiochenus

1239 741 1455 813 'Episcopus
1497 763 1566 814 per
1600 747 1766 813 Paulum
1816 747 2066 818 Emeftnum)

1249 810 1478 881 Epifiopum
1511 817 1654 880 cyrillo
1688 814 1947 869 Alexandrino
1970 824 2066 889 Epi.-

1238 879 1356 955 stopo
1383 900 1456 958 pro
1482 881 1578 962 'pace
1599 888 1784 956 facienda
1817 890 1983 940 direxit.

1230 1079 1292 1114 Pse
1302 1079 1450 1117 Salvator
1463 1080 1500 1117 &
1512 1082 1682 1119 Dominus
1695 1084 1806 1120 noster
1815 1085 1903 1128 Iesu-s
1915 1084 2067 1121 Christus

1254 1130 1361 1166 &alia
1382 1133 1517 1176 quidem
1539 1135 1643 1168 multa
1664 1134 1771 1169 miliia
1791 1134 1982 1169 salutarium
1991 1135 2071 1169 Prae-

1181 1189 1350 1223 ceptorum
1368 1181 1502 1218 tradidit
1527 1183 1707 1227 Discipulis
1730 1184 1818 1225 fuiss,
1843 1185 1877 1219 δε
1898 1182 1967 1218 duo
1988 1185 2073 1225 ista,

1181 1241 1252 1274 quae
1285 1231 1418 1276 quidem
1448 1234 1602 1270 videntur
1635 1235 1697 1269 effe
1731 1234 1775 1269 ad
1809 1234 1954 1269 invicem
1987 1235 2073 1278 quati

1180 1278 1347 1325 &regione
1366 1286 1550 1326 contraria,
1577 1295 1713 1320 omnem
1735 1283 1812 1320 vero
1831 1284 1916 1320 inter
1939 1286 1971 1319 se
1995 1296 2076 1319 con-

1183 1331 1367 1366 sonantiam
1377 1334 1503 1369 servant
1512 1359 1520 1368 .
1551 1335 1642 1370 Dico
1654 1334 1732 1369 vero
1743 1346 1857 1380 pacem
1880 1335 1915 1370 &
1927 1334 2049 1370 bellurn
2062 1361 2073 1367 .

1181 1380 1314 1417 Bellum
1325 1384 1462 1427 quidem
1483 1397 1544 1429 pro
1558 1386 1731 1430 semetipso
1742 1410 1755 1427 ,
1780 1387 1814 1421 ἀ
1825 1397 1884 1430 pro
1897 1385 1952 1431 pia
1965 1410 1977 1427 ,
2003 1396 2074 1429 quae

1182 1431 1223 1466 de
1235 1433 1316 1477 >ipso
1334 1433 1382 1468 est
1396 1458 1409 1476 ‚
1431 1436 1653 1472 confeffione.
1682 1436 1804 1472 Pacem
1817 1435 1894 1472 vero
1905 1460 1918 1478 ,
1944 1447 2013 1480 quae
2030 1435 2074 1471 ab

1181 1493 1222 1517 eo
1242 1484 1290 1517 est
1312 1484 1526 1529 ard-eosdem,
1551 1484 1733 1527 secundum
1754 1498 1855 1531 quam
1876 1489 2073 1521 cunctorum

1181 1533 1336 1568 constans
1346 1535 1538 1579 conjunctio
1551 1536 1673 1582 ubique
1692 1536 1842 1571 fidelium
1862 1548 1929 1571 una
1953 1534 2074 1570 intelli-

1182 1593 1277 1628 gatur
1303 1584 1444 1620 Ecclesia
1469 1611 1479 1619 .
1507 1588 1633 1622 Eorum
1653 1611 1667 1627 ,
1691 1587 1751 1628 qui
1776 1587 1862 1621 inter
1892 1595 2009 1630 gentes
2035 1595 2073 1619 ac

1183 1634 1341 1669 Barbaros
1352 1633 1473 1679 ubique
1485 1648 1541 1681 per
1554 1647 1664 1671 totum
1674 1636 1847 1670 Mundum
1870 1635 2073 1669 intellectum

1183 1685 1275 1728 pium
1287 1685 1495 1721 conservant.
1522 1686 1600 1730 lpfis
1617 1686 1695 1721 vero
1716 1685 1826 1729 potius
1846 1684 2074 1729 aequivocibus

1181 1734 1227 1769 est
1239 1734 1424 1777 utendum,
1448 1747 1506 1780 per
1515 1737 1632 1772 omnia
1644 1736 1780 1777 sanetis,
1810 1736 1847 1771 in
1868 1735 1989 1778 quibus
2011 1735 2076 1773 bel-

1183 1784 1252 1819 lum
1274 1785 1400 1828 initur,
1427 1787 1463 1820 δε
1486 1788 1576 1821 suam
1599 1787 1696 1821 nobis
1706 1786 1823 1820 tribuit
1834 1797 1973 1830 pacem:
2001 1790 2075 1822 Non

1183 1836 1254 1867 veni
1272 1840 1391 1869 mitten
1405 1844 1515 1877 pacem
1531 1842 1566 1869 in
1589 1846 1701 1871 terram
1721 1859 1734 1876 ,
1753 1834 1813 1878 scd
1830 1837 1969 1880 gladium
1993 1859 2001 1867 .
2027 1838 2075 1870 Ee

1180 1892 1282 1926 pacem
1294 1896 1391 1918 meam
1401 1887 1439 1919 do
1450 1886 1553 1919 vobis.
1583 1886 1684 1922 Hanc
1695 1895 1774 1921 tunc
1785 1886 1919 1930 quidem
1934 1909 1946 1926 .
1973 1896 2077 1928 quan-

1183 1932 1228 1968 do
1242 1934 1443 1978 discerpserit
1456 1937 1556 1980 piain
1568 1936 1702 1972 Christo
1712 1936 1872 1971 confeffio
1883 1961 1895 1976 ‚
1922 1934 1987 1970 hoc
2008 1946 2076 1970 me-

1184 1985 1246 2018 lius
1258 1984 1383 2019 bellum
1392 1985 1460 2020 est:
1488 1986 1531 2020 Et
1543 1997 1600 2020 eos
1621 1987 1678 2030 qui
1691 1995 1940 2026 conteruntur,
1966 1986 2076 2021 salvos

1183 2034 1285 2067 facere
1299 2036 1394 2069 novit
1408 2058 1420 2074 ,
1445 2035 1527 2069 dum
1548 2048 1619 2070 non
1630 2035 1813 2071 defendunt
1826 2035 1884 2070 illa
1901 2059 1913 2075 ,
1935 2046 2007 2078 quae
2018 2036 2076 2071 sua

1184 2082 1279 2122 sunt,
1308 2083 1362 2118 sed
1386 2083 1540 2128 iilaquae
1562 2086 1726 2121 Domini.
1755 2085 1904 2132 Qando
1925 2086 2000 2120 vero
2020 2085 2074 2128 pia

1183 2131 1421 2174 Conftffio..intrb
1444 2135 1600 2169 missa-est
1625 2146 1743 2175 ,June
1766 2138 1854 2170 idem
1877 2135 2075 2180 sapientium

1182 2194 1245 2226 pax
1258 2182 1587 2222 totiumEai'clefiastici
1598 2186 1744 2228 corporis
1768 2185 1905 2220 salusest
1918 2210 1926 2218 .
1948 2213 1950 2216 ,
2063 2218 2065 2220 .

1232 2233 1313 2264 Haec
1333 2232 1351 2265 ὲ
1374 2243 1427 2266 me
1449 2234 1492 2267 fic
1514 2234 1700 2277 simpliciter
1720 2232 1803 2268 dic‘ta
1827 2236 1902 2268 sunt
1928 2259 1939 2275 ‚
1964 2245 2072 2278 neque

1184 2280 1319 2314 honoris
1330 2285 1459 2316 amore.
1485 2282 1606 2329 Longe-
1614 2284 1709 2326 enim·
1722 2282 1789 2318 hoc
1800 2282 1819 2317 ὲ
1830 2285 2072 2320 consuetudine

1185 2341 1258 2365 mea
1268 2331 1313 2364 est
1326 2356 1337 2373 ,
1365 2333 1418 2366 sed
1431 2342 1469 2367 nt
1478 2333 1648 2368 ostendam
1661 2358 1672 2375 ,
1700 2333 1779 2379 quia
1787 2331 1903 2370 divisio
1915 2335 2071 2379 quidem,

1181 2392 1252 2424 quae
1264 2390 1378 2416 contra
1391 2392 1448 2423 te,
1461 2384 1551 2418 >Deo
1564 2383 1768 2419 Amiciffime
1782 2383 1894 2420 Frater
1904 2409 1917 2426 ‚
1942 2385 1978 2419 in
1989 2395 2072 2420 tem.-

1181 2429 1259 2475 pore
1279 2432 1361 2465 faeta
1374 2457 1385 2473 ‚
1410 2434 1457 2467 est
1479 2445 1539 2477 pro
1560 2435 1698 2469 veritate
1716 2435 1844 2478 magis,
1871 2446 1940 2469 non
1962 2444 2072 2478 prore

1179 2483 1287 2525 aliqua
1297 2483 1458 2526 corporali
1471 2508 1483 2525 ‚
1511 2495 1572 2518 nec
1588 2483 1774 2520 inimicitiis
1794 2485 1845 2518 vel
1860 2484 2068 2528 pusillanimi·

1179 2542 1246 2566 tate
1269 2534 1465 2574 proveniens
1487 2558 1495 2566 .
1513 2533 1602 2568 Erat
1622 2536 1712 2571 enim
1738 2535 1886 2579 quaedam
1909 2535 2012 2570 nobis
2021 2535 2066 2571 ad

1180 2582 1318 2616 invicem
1331 2606 1342 2622 ‚
1371 2582 1510 2626 amplius
1530 2594 1628 2626 quam
1653 2585 1726 2618 aliis
1737 2585 1882 2626 scilicet,
1908 2586 1992 2620 circa
2004 2596 2065 2620 nos

1178 2632 1312 2666 dileetio
1330 2632 1530 2673 &affestus‚
1556 2634 1743 2676 quemlicet
1765 2634 1944 2669 secundum
1965 2637 2065 2672 faciei

1178 2681 1363 2726 adspectum
1384 2694 1454 2717 non
1465 2683 1885 2726 plantaveratcoilocutio,
1912 2685 1966 2720 sed
1980 2687 2060 2720 uni·-

1177 2733 1227 2767 tio
1238 2744 1343 2767 rerum
1355 2757 1367 2774 ,
1393 2733 1486 2767 valde
1502 2733 1630 2777 optime
1641 2758 1654 2776 ,
1664 2734 1971 2779 atqueffirmiffime,
2000 2737 2064 2773 suff

1179 2783 1395 2828 ficienterquo
1413 2784 1599 2829 contigerat
1620 2810 1628 2817 .
1665 2785 1730 2826 Sed
1750 2785 1862 2828 accepi
1892 2785 2061 2821 discordia

1176 2834 1303 2868 causam
1336 2834 1468 2870 illorum
1503 2834 1736 2880 capitulorum
1763 2835 2060 2877 transmiffionem,

1176 2895 1247 2928 quae
1267 2884 1576 2929 utinam-nunquam
1588 2886 1721 2926 fniffet‚·
1743 2886 1913 2919 effectam.
1939 2883 2059 2921 Crede-

1178 2947 1211 2970 re
1221 2936 1310 2970 enim
1323 2933 1405 2973 mihi
1418 2935 1504 2970 tua&
1515 2937 1592 2971 Deo
1605 2935 1801 2970 Amabilitas
1813 2934 1930 2969 debeat
1939 2959 1951 2976 ‚
1978 2935 2058 2980 quia

1175 2987 1210 3020 in‘
1218 2982 1353 3021 ‘tantum‘
1369 2995 1429 3020 nos
1441 2985 1652 3029 obstuporem
1671 2986 1849 3026 miserunt,
1876 2996 1913 3020 ut
1926 2995 1987 3020 nec
1998 2996 2058 3029 pu-

1173 3046 1312 3072 taremus
1332 3046 1387 3071 tua
1411 3036 1478 3071 haec
1489 3038 1551 3070 effe
1562 3035 1646 3070 inter
1664 3036 1731 3080 ipsa
1750 3035 1909 3080 principia
1921 3037 1935 3078 (
1947 3036 1981 3071 δε
1993 3036 2055 3070 uti-

1171 3098 1236 3131 que
1247 3087 1377 3122 forsitan
1389 3086 1549 3131 cognovit
1560 3085 1593 3120 id
1605 3087 1882 3122 Sanffitaszuassex
1890 3086 2054 3130 'Epistolis

1170 3138 1310 3179 nostris,
1339 3149 1410 3181 quae
1420 3137 1459 3170 ad
1471 3135 1599 3179 aliquos
1608 3137 1730 3180 scriptae
1741 3136 1928 3179 essenosed
1950 3135 2051 3171 alicu-

1169 3188 1219 3231 jus
1229 3199 1365 3226 eorum,
1389 3187 1446 3230 qui
1469 3197 1538 3220 non
1560 3185 1639 3226 illa,
1662 3186 1874 3231 quaenostra.
1890 3188 1988 3228 sunt,
2015 3186 2051 3223 id

1170 3239 1236 3280 est,
1265 3238 1428 3277 Ecclefiae,
1457 3236 1603 3279 sapiunt.
1632 3236 1776 3279 Ethoc,
1803 3238 1961 3280 inquam,
1987 3237 2051 3271 sus·

1171 3288 1266 3331 picati
1289 3290 1398 3322 sumus
1411 3309 1431 3326 ‚,
1447 3287 1538 3329 super
1548 3286 1596 3320 eis
1605 3286 1701 3322 valde
1722 3287 1864 3323 turbati.
1891 3289 2049 3333 Qorum

1170 3337 1396 3381 Capitulorum
1410 3346 1476 3370 non
1488 3336 1618 3371 modica
1639 3338 1867 3373 salvatio‘faaa
1879 3337 1925 3373 est
1940 3361 1948 3371 .

1219 3388 1263 3423 Et
1274 3389 1361 3434 spem
1373 3387 1450 3422 vero
1456 3386 1564 3423 adhuc
1574 3387 1673 3423 nobis
1690 3388 1838 3432 praestant
1849 3387 1991 3432 perfeetae
2005 3384 2048 3422 sa-

1585 3437 1622 3472 T
1672 3448 1692 3488 3
1892 3434 1997 3472 natio·
