2320 3730
70 2788 220 2820 fidu-Nor⁴

63 2832 159 2860 Sermo
170 2831 222 2859 Ne·

66 2869 143 2898 storii
157 2878 210 2906 pag

65 2920 74 2937 ι
87 2913 101 2936 8
124 2911 211 2940 recita

61 2956 106 2978 tus
117 2966 127 2975 ο

904 182 1380 227 Ep1s2-0LAE.

239 265 348 307 mihi,
372 264 537 300 accusatos
559 277 684 311 nuper,
710 264 875 300 credidisse
893 266 1109 300 convincam.

241 316 307 351 Sed
327 314 405 359 quid
426 327 478 350 me
499 314 622 350 detinet
646 317 855 359 irnpoenitens
867 315 1025 361 AEgyptii
1048 314 1110 346 ela-

238 365 313 404 tio,
338 364 418 398 dum
440 377 492 399 me
502 364 661 400 abstrahat
683 367 750 409 jam
772 366 939 400 fratricidii
953 374 1113 408 perpetra-

241 414 309 447 tio.
337 412 446 448 Video
469 426 609 460 namque
629 417 706 451 illos
728 415 912 450 haereditate
933 415 1001 458 ejus
1021 439 1031 454 ‚
1057 414 1111 455 qui

242 463 448 504 iniquitatem
460 466 562 509 ipsam
574 468 676 509 passus
696 465 761 507 est,
786 464 952 506 adornari,
979 464 1113 498 &illius

240 512 392 548 nitescere
403 515 557 550 floribus.
583 516 797 550 Diciteenim
819 514 925 554 mihi,
952 511 1113 556 cujusde-

239 564 357 597 citinas
376 565 606 608 &exponitis,
633 577 700 609 quo
720 564 806 608 prius
828 564 895 599 haec
919 563 994 598 estis
1007 563 1110 606 praedt-

239 623 335 647 cante
356 615 488 649 confeffi
501 616 518 647 ,ἒ
546 615 589 648 Et
610 615 632 648 si
651 615 784 659 quidem
811 615 888 649 talia
900 614 1056 656 plurimos
1067 613 1115 645 la-

237 672 330 704 tent,
358 665 475 709 fingite
497 665 586 700 solos
607 666 708 699 vestra
731 676 788 698 vos
814 664 934 698 discere
955 674 964 705 ;
990 663 1012 695 fi
1037 661 1114 696 vero

237 712 326 747 clara
348 715 421 747 sunt
442 714 616 755 omnibus,
642 725 699 748 cur
708 714 857 748 occiditis
878 712 1114 750 haereditatem,

239 773 340 804 quarn
361 763 501 807 diripitis
522 766 535 798 ἒ
562 763 787 797 Veruntamen
809 764 953 808 legamus
972 787 983 803 ,
1010 762 1044 797 ἀ
1057 760 1114 795 ho-

239 824 315 846 rum
329 813 644 848 demonstrationem
657 814 842 848 videamus.

288 861 488 903 Confitemur,
514 863 624 904 inquit
641 888 651 905 ,
682 867 841 897 Dominum
859 862 985 902 nostrum
1001 859 1114 907 Jesum

235 910 387 950 Christum
410 914 523 946 Filium
541 916 621 952 Dei,
650 917 747 947 Deum
760 914 928 956 perfecqum
945 937 956 952 ‚
981 918 1015 945 Φ·
1027 910 1115 941 hvmi-

237 971 305 994 nem
322 961 489 1003 perfedlum
511 975 548 996 ex
567 969 669 996 anima
679 964 818 995 rationali
839 965 1019 1002 &corpore‚
1045 969 1116 993 ante

232 1008 345 1052 [aecula
356 1013 474 1053 quidem
487 1013 524 1044 de
536 1015 629 1044 Patre
635 1015 770 1052 genitum
771 1010 932 1052 secundum
945 1012 1091 1043 Deitatem
1105 1033 1115 1049 ‚

235 1060 353 1091 ultimi:
374 1062 445 1091 vero
464 1059 567 1091 diebus
591 1060 717 1092 eundem
737 1058 833 1102 ipsum
851 1069 973 1102 propter
985 1071 1057 1099 nos,
1082 1060 1115 1091 (ιτ

232 1114 355 1149 >propter
372 1107 495 1147 nostram
511 1105 658 1150 salutem,
688 1120 725 1142 ex
747 1113 848 1142 Maria
869 1109 982 1141 sanc‘la
993 1113 1114 1152 Virgine

234 1155 393 1199 fetandum
418 1157 638 1190 humanitatem
664 1182 672 1190 .
710 1158 991 1202 consubstantialem
1029 1162 1116 1191 Patri

234 1207 361 1241 eundem
379 1205 540 1249 secundum
549 1210 773 1248 Divinitatem,
799 1206 1115 1250 &consubstantialem

236 1256 321 1289 nobit
336 1253 494 1298 secundum
513 1256 728 1291 humanitatem
746 1283 754 1291 .
792 1258 874 1292 Haec
896 1269 983 1292 nunc
998 1257 1115 1300 scripsi-

234 1305 291 1338 stis
304 1316 383 1339 vos.
412 1306 537 1341 Audite
560 1307 676 1350 &ejus
697 1308 814 1348 Dicta,
841 1307 896 1351 qui
908 1317 1115 1352 expugnatur

237 1353 256 1387 a
276 1354 369 1388 vobis
395 1379 406 1396 ,
433 1356 532 1399 quam
554 1356 639 1391 clare
661 1357 774 1392 eadem
794 1356 912 1393 dixerit
937 1383 945 1390 .
972 1358 1115 1400 Sequens

235 1404 327 1438 enim
340 1404 472 1440 Sanaos
492 1406 622 1446 Patres,
647 1407 705 1451 qui
727 1408 847 1441 Nicaeae
869 1417 1115 1449 convenerunt,

234 1453 273 1487 &
283 1465 391 1488 coram
406 1455 543 1491 Ecclesia
564 1457 647 1491 circa
660 1457 791 1491 illorum
804 1459 1041 1502 expositionem
1054 1469 1118 1491 ver-

237 1502 319 1537 bum
331 1505 476 1546 faciens,
501 1506 544 1540 fic
557 1507 623 1541 ait:
652 1511 715 1540 Vox
721 1507 888 1551 significant
915 1510 1118 1542 &Divinita-

235 1561 297 1587 tem
318 1554 599 1596 (athamanicum,
625 1558 660 1588 id
680 1556 740 1596 est,
766 1560 801 1590 id
822 1569 926 1591 nomen
939 1581 949 1597 ‚
976 1559 1056 1599 quod
1083 1555 1119 1595 est

236 1602 373 1642 christus
385 1627 397 1642 ,
423 1607 534 1637 Patres
558 1616 633 1638 vera
655 1606 750 1638 dicere
766 1605 848 1647 facit
870 1616 1015 1648 utraque.
1045 1612 1118 1639 Con-

234 1649 439 1695 fuhstantialis
466 1656 557 1686 Patri
581 1653 716 1694 Christus
739 1679 750 1695 ‚
778 1667 883 1690 verum
900 1655 938 1696 est
959 1681 966 1688 .
994 1660 1120 1690 Etenim

235 1699 396 1743 secundum
410 1706 610 1736 Divinitatem
622 1702 796 1746 consuhfistit
816 1730 824 1737 .
853 1705 1118 1749 Confiabstantialis

237 1751 322 1783 nobis
331 1749 489 1793 secundum
500 1752 662 1786 humanam
682 1762 822 1787 naturam
835 1780 845 1795 ‚
873 1767 976 1789 verum
988 1757 1025 1797 est
1038 1780 1045 1789 .
1072 1761 1120 1789 Et

236 1799 321 1834 homo
332 1801 368 1841 cst
380 1803 459 1835 e'nim
473 1825 480 1834 .
510 1802 613 1838 Vides
626 1804 795 1847 quomodo
819 1806 916 1839 unius
928 1806 1047 1850 linguae
1058 1807 1120 1840 sint

237 1850 500 1893 praedicationes.
527 1853 596 1887 Cur
617 1854 719 1898 igitur
740 1854 910 1900 abnegatis
932 1855 1121 1890 Praedicato·

238 1910 305 1933 rem
329 1901 474 1935 veritatis
498 1903 515 1934 ἒ
552 1903 621 1937 Cur
641 1904 698 1949 qui
726 1904 757 1938 ei
784 1904 951 1939 assenfistis
968 1930 978 1947 ‚
1007 1917 1120 1940 contra

238 1948 367 1992 ipsum,
392 1952 678 1992 cuiconsenfistis,
707 1953 826 1988 furiose
847 1956 1025 2000 pugnatis?
1053 1956 1121 1990 Cur

238 2000 386 2034 refutatis
407 2013 482 2035 eum
499 2027 509 2042 ,
534 2014 609 2036 cum
631 2015 697 2047 quo
719 2004 788 2048 ipsa
812 2005 956 2046 sentitis,
984 2006 1016 2039 &
1039 2007 1116 2046 alii,

237 2049 529 2093 quiblasphemat‚
556 2053 794 2087 communione
805 2054 1012 2099 jungimini?
1039 2056 1120 2088 Non

237 2096 320 2132 mihi
334 2100 398 2132 sitis
411 2101 514 2134 verbis
526 2102 717 2135 Orthodoxi
730 2126 739 2142 ,
766 2103 801 2136 &
812 2103 964 2145 operibus
978 2103 1120 2146 blasphe-

232 2149 284 2181 mi
298 2171 305 2178 .
335 2148 401 2181 Res
415 2149 540 2193 pietatis
551 2151 687 2186 ostende
701 2174 711 2190 ,
735 2152 768 2185 ὅ(
781 2162 852 2187 vera
864 2154 926 2186 eris
948 2152 988 2187 de
1001 2164 1120 2196 pietate

235 2196 462 2231 conscribens.

289 2246 351 2279 Sed
374 2247 427 2280 dic
449 2272 458 2286 ‚
488 2248 642 2292 inquiunt
669 2273 679 2289 ‚
706 2250 737 2283 ὃς
758 2250 887 2283 refiduae
912 2250 1121 2284 confeffionis

237 2296 444 2330 identitatem
467 2310 474 2329 ι
505 2299 548 2332 Et
578 2299 619 2333 de
643 2299 782 2343 Virgine
804 2301 918 2333 Sansta
945 2299 1120 2342 praecipue.

238 2351 302 2378 Con
302 2346 419 2388 fitemur
432 2354 511 2380 enim
523 2360 574 2382 nos
585 2371 595 2387 ‚
621 2348 796 2390 inquiunt,
817 2350 956 2382 sanilam
970 2354 1121 2394 Virginem

241 2400 298 2428 Dei
311 2398 489 2429 Genitricem
501 2421 512 2437 ,
536 2400 568 2431 εὸ
581 2400 660 2440 quod
670 2403 748 2431 Deus
762 2399 889 2432 Verbum
904 2405 1077 2432 incarnatus
1085 2397 1123 2439 fit

239 2446 276 2478 (Ὗ
300 2445 535 2487 inhumanatus,
561 2450 657 2489 &per
677 2460 713 2481 ex
736 2447 801 2491 ipsa
823 2456 1031 2490 conceptionem
1053 2455 1122 2482 uni-

238 2499 318 2527 verit
323 2494 378 2536 fibi
390 2498 527 2537 templum
536 2509 573 2530 ex
583 2495 649 2540 ipsa
655 2496 821 2541 susceptum
834 2524 840 2530 .
856 2499 930 2543 Ego
942 2499 1002 2533 tibi
1015 2499 1083 2532 oste
1090 2511 1123 2532 n-

235 2545 314 2577 dam
337 2544 479 2589 &hujus
501 2547 711 2581 confeffionis
732 2549 989 2583 simulitudinem
1015 2562 1022 2582 :
1051 2549 1119 2583 Etfi

235 2593 280 2626 ab
303 2595 424 2630 acribia
451 2594 593 2631 recidisti
625 2622 631 2629 .
663 2598 882 2641 participatus
907 2610 1048 2643 namque
1073 2599 1118 2632 est

236 2653 314 2676 cum
327 2643 483 2681 baereticis
495 2670 506 2686 ,
518 2657 659 2690 cumque
673 2646 868 2681 orthodoxis
880 2672 891 2688 ,
915 2660 985 2691 quae
995 2648 1035 2682 de
1048 2648 1121 2683 Vir·

238 2694 321 2737 gine
334 2694 413 2735 sapis
424 2720 431 2727 .
464 2697 507 2729 Et
522 2697 597 2731 audi
621 2698 759 2740 qualiter
772 2709 831 2731 nec
844 2697 909 2732 hoc
925 2698 1120 2733 Praedicator

240 2743 384 2777 veritatis
395 2745 549 2778 omiserit.
567 2747 756 2780 Sermonem
769 2758 907 2791 namque
917 2749 957 2782 de
971 2748 1120 2782 inhuma-

238 2793 377 2827 natione
389 2805 498 2827 coram
513 2794 653 2829 Ecclesia
666 2796 787 2831 faciens
801 2822 811 2838 ,
837 2799 870 2832 δε
889 2797 1120 2832 infirmioribus

239 2843 372 2877 auribus
392 2844 656 2880 condescendens
678 2871 688 2886 ,
716 2847 756 2880 fic
778 2848 822 2881 ait
845 2861 856 2880 .·
882 2853 1002 2891 Oportet
1025 2850 1060 2881 id
1084 2850 1118 2882 Θ

237 2894 347 2926 clarius
357 2895 450 2927 dicere
462 2919 472 2934 ‚
499 2904 532 2927 ut
550 2895 682 2928 omnibus
692 2895 728 2939 fit
739 2896 908 2940 perspicuus
929 2902 993 2941 ejus
1007 2923 1017 2939 ,
1043 2900 1122 2940 quod

238 2944 347 2976 dicitur
363 2969 373 2983 ‚
385 2946 569 2978 intellec‘lus.
599 2945 700 2980 Liber
711 2949 928 2990 generationis
939 2950 1009 2993 Jesu
1028 2947 1119 2982 Chri·

240 2993 280 3025 sti
302 3018 310 3024 .
339 2997 412 3026 Non
434 3000 479 3027 ait
507 3009 516 3027 ι
542 2995 640 3029 Liber
665 2997 884 3040 generationis
907 3000 971 3034 Dei
995 2998 1116 3032 Verbi.

240 3046 370 3084 Neque:
395 3043 492 3077 Libet
516 3045 740 3089 generationis
757 3045 918 3082 hominis.
945 3053 1030 3082 Nam
1040 3048 1119 3091 fidi·

238 3099 335 3133 cent,
361 3092 461 3126 Liber
472 3095 694 3138 generationis
717 3094 884 3138 hominis,
910 3099 1057 3140 Christum
1067 3107 1119 3139 pu-

239 3152 307 3173 rum
333 3141 416 3174 nobis
428 3141 572 3176 hominem
597 3145 836 3188 demonstraffet;
858 3146 963 3189 finer&
980 3150 1096 3191 dixisset
1109 3172 1119 3187 ‚

238 3190 339 3225 Liber
350 3193 571 3235 generationis
584 3193 648 3227 Dei
660 3194 759 3229 Verbi
773 3220 783 3235 ,
806 3205 918 3238 puram
941 3200 1120 3232 nobitindu-

238 3248 315 3274 ceret
345 3244 549 3276 Divinitatem
571 3265 578 3273 .
604 3244 835 3286 comprehendit
864 3254 954 3292 igitar
982 3246 1120 3291 utrasque

239 3297 368 3323 naturas
385 3298 417 3323 in
428 3293 626 3334 appellatione
637 3294 747 3333 Christi
763 3319 773 3334 ,
800 3306 832 3328 ut
843 3299 956 3332 nullum
972 3299 1034 3340 fine
1044 3300 1120 3331 alte-

1179 264 1247 295 dem
1267 263 1346 296 &ex
1369 272 1419 302 eo,
1447 262 1525 304 quod
1534 262 1642 302 Christi
1657 266 1746 305 fabia
1759 268 1796 309 fit
1804 277 1922 308 mater,
1947 270 2042 303 uidu-

1175 315 1245 354 plici
1268 319 1382 345 nomine
1405 313 1583 353 appelletur.
1612 316 1762 356 ,Quoniam
1783 322 1854 352 vero
1874 327 1985 360 oportet
2005 320 2040 352 ὦ·

1173 371 1294 404 propter
1317 374 1364 395 eos
1377 385 1387 401 ,
1413 367 1462 402 qui
1480 361 1630 395 clariorem
1652 367 1853 404 appellationis
1874 368 1960 408 hujus
1979 374 2043 402 exi-

1172 422 1251 455 gunt
1276 411 1476 451 intellec‘ium,
1503 413 1675 445 &maxime
1687 412 1764 453 filios
1783 415 1932 454 existentes
1944 418 2041 452 Eccle-

1172 461 1224 503 fiae
1235 485 1245 500 ,
1271 462 1303 494 o·
1316 461 1400 493 Dit‘lo
1422 463 1467 493 ad
1474 472 1519 494 eos
1541 469 1588 494 uti
1600 462 1811 503 manifestiore,
1838 467 1902 497 ideo
1921 467 2040 500 &nunc

1177 522 1241 552 quae
1261 513 1380 552 pridem
1401 510 1534 544 breviore
1557 512 1750 553 appellatione
1771 513 1807 546 de
1819 514 1916 546 Beata
1938 516 1989 548 illa
2008 515 2043 548 (⁰5

1177 563 1196 593 5
1198 560 1288 593 aneia
1299 564 1420 604 Virgine
1432 561 1680 602 praedicabantur
1694 586 1704 601 ,
1730 561 1793 596 haec
1803 562 2043 604 manifestioribus

1177 610 1422 652 appellationibus
1442 611 1612 653 eonfitemur
1629 625 1636 644 :
1664 614 1816 655 ,Quoniam
1837 613 1947 646 sanda
1959 617 2045 656 Virgo

1178 662 1382 692 DeiGenitrix
1410 659 1467 700 est,
1495 662 1529 694 (⁰5
1548 660 1673 693 hominis
1696 665 1850 694 Genitrix.
1879 666 1936 695 Dei
1956 665 2048 695 Gene-

1177 714 1238 742 trix
1250 711 1366 751 quidem
1378 733 1388 748 ‚
1414 712 1446 743 eo
1458 712 1536 752 quod
1550 711 1690 752 templum
1713 712 1809 752 illud,
1835 712 1913 754 quod
1928 718 1960 744 in
1983 714 2049 746 ead

1177 760 1288 799 spiritu
1312 759 1417 792 sanc‘lo
1436 769 1566 792 creatum
1578 759 1617 800 est
1628 786 1639 801 ,
1665 767 1780 795 unitum
1784 760 1824 803 fit
1835 765 1951 796 Deitati
1960 774 1974 803 ;
2001 760 2050 795 ho·

1178 814 1267 840 minis
1294 811 1363 841 vero
1373 812 1513 842 Genitrix
1524 834 1535 850 ‚
1562 812 1683 852 eoquod
1696 810 1877 854 affumpserit
1887 810 1988 851 nollrae
1997 823 2051 843 na·

1177 866 1255 890 turae
1262 864 1416 899 primitias
1428 861 1543 891 Divina
1565 869 1675 893 natura
1689 886 1696 893 .
1725 861 1812 909 Qis
1835 862 1934 906 igitur
1946 862 2053 904 praefa-

1178 916 1216 939 tae
1225 907 1434 941 confeffionis
1444 909 1680 950 expositionem
1692 912 1817 945 secutus
1828 911 1873 945 est
1884 913 1896 944 ἒ
1923 911 1982 945 Tu
1995 911 2053 954 qui

1178 956 1242 989 Dei
1254 956 1456 990 Genitricem
1466 957 1578 991 dixisti
1593 960 1823 995 tantummodo
1835 985 1846 1001 ‚
1872 973 1912 995 an
1925 962 1959 995 ὅ(
1970 960 2029 994 iste
2041 984 2054 1001 ,

1179 1007 1234 1049 qui
1259 1005 1326 1039 Dei
1352 1006 1516 1039 Genitrici
1536 1009 1710 1049 conjunxit
1740 1007 1886 1044 hominis
1908 1010 2055 1045 Genitri-

1179 1067 1249 1089 cem
1274 1057 1286 1088 ?
1313 1055 1450 1089 Perimis
1472 1056 1708 1090 confeffionem
1729 1059 1825 1098 fidei,
1852 1071 1949 1103 quam
1969 1059 2056 1103 prius

1178 1106 1368 1147 exposueras
1387 1129 1396 1139 .
1433 1104 1559 1137 Dixisti
1582 1117 1723 1149 namque
1742 1117 1785 1140 ex
1811 1109 1877 1150 ipsa
1909 1111 2057 1151 genitum

1181 1154 1349 1189 Christum
1373 1153 1552 1188 secundum
1573 1153 1831 1189 humanitatem.
1860 1156 1943 1191 Noli
1959 1157 2058 1201 igitur

1181 1206 1336 1249 perimere
1350 1205 1455 1246 priora
1471 1204 1631 1249 fugiendo
1646 1205 1736 1248 quod
1749 1206 1891 1248 sequitur
1902 1231 1909 1238 .

1229 1253 1334 1301 Qod
1345 1253 1422 1287 vero
1435 1265 1502 1287 non
1517 1255 1643 1289 secutus
1654 1256 1691 1289 sis
1704 1255 1813 1289 Patres
1823 1254 2040 1291 Orthodoxos
2049 1279 2062 1296 ,

1180 1304 1214 1337 ὅ(
1227 1302 1367 1337 maxime
1380 1302 1478 1337 beatae
1491 1315 1528 1338 ac
1545 1304 1658 1339 sanstae
1677 1305 1841 1341 memoriae
1860 1305 2063 1350 Episcopum

1180 1352 1298 1386 Tharfi
1310 1352 1497 1387 Diodorum
1510 1378 1520 1393 ,
1545 1354 1657 1389 audies
1682 1355 1700 1389 a
1713 1355 1810 1390 beato
1833 1355 2064 1390 condescenso-

1181 1402 1227 1436 rie
1239 1400 1371 1446 quidem
1383 1400 1447 1437 dici
1462 1404 1527 1437 Dei
1539 1404 1718 1440 Genitricis
1741 1416 1857 1441 vocem
1881 1405 2065 1441 conceden-

1181 1462 1213 1486 te
1226 1476 1237 1492 ,
1265 1463 1333 1486 non
1357 1453 1434 1486 vero
1454 1452 1576 1487 abscidi
1602 1454 1644 1488 ab
1662 1466 1699 1490 ea
1719 1455 1910 1490 &hominis
1920 1457 2066 1490 Genitri-

1180 1513 1252 1537 cem
1275 1503 1538 1546 dogmatizante.
1567 1504 1679 1547 Inquit
1704 1506 1794 1540 enim
1820 1518 1827 1537 z
1855 1510 2064 1539 Verumtamen

1182 1553 1298 1585 dicatur
1306 1560 1428 1593 propter
1442 1557 1605 1588 unitionem
1618 1558 1719 1588 Maria
1731 1559 1788 1590 Dei
1800 1559 1944 1589 Genitrix
1956 1581 1963 1588 .
1985 1560 2065 1589 Deus

1182 1607 1262 1637 enim
1269 1601 1362 1644 fortis
1373 1602 1410 1641 est
1416 1602 1518 1646 semen
1541 1604 1669 1639 Abrabae
1680 1613 1738 1647 per
1747 1612 1906 1640 unitionem
1912 1607 1956 1639 ad
1966 1607 2062 1639 Deum

1164 1652 1326 1710 ‘Verbum.
1354 1655 1500 1686 Fatenda
1527 1657 1600 1688 vero
1622 1657 1656 1689 ὀ*
1675 1655 1800 1689 bominis
1824 1659 1964 1690 Genitrix
1987 1681 1993 1688 .
2015 1657 2063 1689 sic

1182 1708 1261 1737 enim
1277 1711 1401 1745 propter
1433 1712 1577 1737 naturam
1596 1704 1726 1738 hominis
1746 1709 1885 1739 Genitrix
1897 1706 1934 1746 est
1946 1709 2063 1738 Maria.

1184 1752 1249 1786 Dei
1264 1754 1339 1787 vero
1357 1752 1533 1792 Genitrix,
1558 1765 1616 1787 non
1638 1766 1788 1798 tanquam
1811 1766 1931 1789 naturae
1949 1756 2067 1799 sitpar-

1184 1810 1231 1834 tus
1248 1825 1259 1842 ,
1281 1801 1338 1845 sed
1359 1808 1429 1844 quia
1449 1807 1498 1843 is,
1523 1810 1574 1844 qui
1595 1804 1632 1846 est
1654 1816 1693 1838 ex
1723 1809 1806 1845 Deo,
1830 1805 1914 1839 homo
1931 1809 2065 1845 natura,

1185 1855 1247 1884 Deo
1259 1852 1350 1885 Verbo
1361 1853 1532 1893 conjunctus
1543 1853 1582 1894 est
1591 1879 1598 1886 .
1627 1854 1750 1891 Vidisti
1769 1854 1957 1891 subtilitatis
1969 1866 2068 1899 expo-

1187 1901 1339 1936 sirionem
1353 1927 1359 1934 .
1389 1902 1458 1936 Cur
1474 1903 1574 1948 igitur
1584 1916 1652 1940 non
1664 1907 1792 1941 secutus
1811 1917 1844 1940 es
1858 1907 1991 1942 Sanaos
2006 1907 2068 1941 Pa-

1185 1959 1246 1984 tres
1267 1950 1282 1981 ἓ
1310 1952 1420 1994 Major
1444 1955 1534 1987 enim
1555 1955 1599 1989 est
1623 1957 1786 1992 accusatio
1809 1957 1864 1992 illa
1885 1982 1892 1991 .
1921 1958 2012 2006 Qia
2033 1958 2070 1991 80

1186 2000 1265 2034 dum
1292 2003 1508 2044 promisiffetis
1531 2006 1648 2048 pariter
1668 2007 1809 2041 omnino
1832 2006 2068 2051 nihiladjicere

1186 2049 1262 2082 fidei
1274 2051 1464 2085 Sanctorum
1475 2051 1630 2095 Patrum,
1656 2058 1713 2097 qui
1735 2057 1852 2090 Nicaeae
1875 2059 2069 2102 congregati

1188 2100 1284 2138 sunt,
1311 2110 1426 2132 vocem
1440 2124 1451 2140 ,
1471 2111 1541 2143 quae
1556 2102 1596 2136 ab
1615 2104 1679 2137 illis
1699 2105 1783 2139 dista
1797 2117 1864 2140 non
1889 2107 1934 2141 est
1947 2131 1958 2147 ‚
1986 2107 2070 2151 adje-

1187 2147 1300 2187 cistis,
1327 2150 1425 2182 secuti
1449 2151 1948 2197 pluresconsonantesillorum;
1978 2169 2068 2194 nunc

1188 2200 1265 2228 vero
1284 2197 1318 2229 δε
1340 2196 1491 2229 Patribus
1515 2199 1672 2237 illusistis,
1699 2202 1979 2245 &discipulorum
1996 2204 2070 2239 'non

1187 2245 1261 2277 estis
1281 2244 1379 2277 secuti
1406 2244 1558 2289 vestigia.
1586 2249 1710 2284 Omnia
1733 2261 1842 2285 autem
1864 2254 2068 2289 fecistis³s011

1187 2294 1310 2336 placere
1343 2293 1532 2328 festinantes
1556 2297 1727 2343 AEgyptio
1747 2326 1756 2334 .
1797 2301 1903 2337 Unde
1922 2305 1955 2338 ὅ(
1979 2305 2068 2340 fistas

1187 2343 1276 2377 illius
1311 2343 1540 2379 assentationes
1562 2359 1620 2381 vos
1649 2350 1827 2393 suscepistis
1862 2353 1923 2386 soli
1946 2378 1957 2394 ,
1985 2354 2067 2390 dum

1186 2393 1306 2426 sanctas
1342 2393 1383 2429 ad
1419 2391 1650 2438 decipiendum
1694 2411 1750 2435 vos
1776 2402 1984 2447 appellaverit
2010 2416 2068 2441 vo-

1186 2454 1238 2477 ces
1253 2466 1261 2474 .

1235 2497 1300 2525 Has
1315 2515 1325 2532 ,
1351 2493 1460 2536 inquit
1481 2519 1492 2537 ,
1517 2499 1662 2533 adeuntes
1668 2500 1792 2543 sanc¹7as
1803 2515 1906 2539 voces.
1933 2507 1966 2539 Ο
1980 2505 2064 2540 rnul-

1185 2542 1326 2577 tiformis
1347 2554 1456 2584 error,
1481 2545 1670 2591 impiissime
1697 2552 1732 2586 &
1746 2554 1887 2589 veritatis
1907 2556 2062 2591 inimice!

1185 2592 1287 2626 Nunc
1300 2593 1408 2627 sanstae
1418 2594 1491 2627 sunt
1504 2598 1634 2639 pietatis
1648 2611 1763 2641 voces,
1791 2615 1881 2639 nunc
1903 2604 2016 2639 dixisti
2026 2605 2064 2638 fi·

1183 2642 1235 2675 dei
1247 2641 1341 2676 verba
1353 2667 1364 2683 ‚
1391 2655 1479 2678 nunc
1491 2646 1550 2680 tibi
1563 2649 1710 2684 est-reetae
1720 2652 1972 2696 glorificationis
1984 2666 2064 2690 con-

1182 2693 1272 2726 fessio
1297 2691 1464 2736 praedicata
1491 2719 1498 2727 .
1523 2696 1677 2733 Tandem
1706 2712 1781 2746 tege
1819 2704 2062 2747 impudicentiae

1182 2743 1296 2776 faciem
1310 2767 1317 2774 .
1345 2742 1469 2777 Nonne
1496 2746 1705 2792 impugnatus
1725 2752 1743 2785 a
1769 2762 1800 2786 te
1811 2754 1936 2788 Dostor
1949 2753 2016 2788 haec
2028 2764 2062 2789 te

1182 2792 1300 2826 imbuit
1314 2791 1424 2836 prius?
1450 2794 1540 2839 Lege
1567 2797 1682 2832 infelix
1705 2800 1878 2845 inscriptos
1898 2804 1938 2836 ad
1950 2813 1982 2837 te
1994 2803 2062 2847 api-

1181 2852 1251 2875 ces,
1279 2842 1389 2881 Vide,
1415 2845 1616 2886 impudentia
1641 2849 1757 2891 piene,
1782 2851 1900 2885 clarius
1922 2851 1983 2886 tibi
2006 2863 2061 2886 ex·

1181 2891 1323 2934 planatas
1337 2891 1394 2926 has
1414 2893 1533 2928 sanetas
1545 2907 1660 2938 voce3‚
1680 2899 1714 2932 &
1728 2909 1783 2933 aut
1804 2901 2010 2945 temetipsum
2023 2912 2060 2937 ut

1182 2941 1256 2975 fidei
1278 2943 1489 2977 adversarium
1515 2946 1645 2989 increpa
1667 2971 1679 2987 ‚
1704 2959 1760 2982 aut
1782 2950 1923 2985 ironiam
1947 2952 2059 2985 sanstae

1183 2990 1275 3035 hujus
1283 2993 1512 3036 appellationis
1523 2994 1651 3030 denuda
1663 3021 1671 3029 .
1700 2997 1791 3045 Qid
1803 3000 1891 3035 enim
1913 3000 1972 3035 tibi
1988 3002 2060 3035 scri-

1183 3043 1239 3084 psit
1268 3067 1278 3083 ,
1303 3043 1403 3077 etiam
1425 3043 1558 3084 quando
1591 3046 1620 3079 ei
1641 3049 1859 3084 contumelias
1880 3050 2060 3095 ingeffisti?

1181 3095 1226 3124 Et
1238 3092 1329 3133 mihi,
1357 3093 1463 3136 inquit
1481 3118 1493 3134 ,
1519 3106 1607 3127 aures
1629 3098 1674 3128 ad
1683 3096 1858 3138 fraternam
1879 3102 2058 3134 medicinam

1178 3143 1351 3184 praestiteris
1366 3167 1372 3174 .
1398 3140 1484 3184 Ipsus
1500 3144 1554 3176 tibi
1569 3144 1684 3178 illorum
1696 3148 1867 3183 sannorum
1888 3161 1972 3184 voces
1982 3159 2058 3192 pro-

1179 3202 1292 3233 ponens
1306 3217 1316 3233 ‚
1343 3192 1471 3226 liberabo
1488 3201 1516 3226 te
1525 3196 1547 3226 ἃ
1558 3195 1706 3229 calumnia
1719 3206 1822 3233 contra
1841 3211 1888 3233 eos
1910 3202 2057 3235 &contra

1183 3246 1315 3276 Divinas
1330 3245 1493 3284 Scripturas
1501 3252 1558 3285 per
1570 3245 1634 3277 illos
1645 3269 1652 3277 .
1679 3246 1791 3282 Credo
1805 3273 1815 3289 ,
1839 3255 1979 3292 inquiunt
1988 3274 1999 3291 ‚
2021 3251 2054 3283 in

1183 3293 1367 3326 Dominum
1408 3292 1553 3327 nostrum
1580 3295 1686 3337 Iesum
1711 3296 1878 3333 Christum
1895 3322 1905 3339 ,
1932 3299 2054 3334 Filium

235 3349 272 3374 ro
292 3342 476 3384 intelligatur
495 3366 502 3374 .
528 3348 606 3378 Hinc
629 3344 744 3377 santia
766 3349 883 3391 Virgini
902 3354 1040 3383 convenit
1052 3354 1115 3392 qui·
1153 3391 1155 3393 ι
1183 3343 1250 3386 elus
1261 3342 1493 3388 Unigenitum·
1520 3346 1648 3378 ‘mend‘
1656 3349 1795 3389 qu⁰m⁰d5
1804 3351 1892 3392 prius
1900 3356 2057 3391 pOn‘m‘so

337 3394 363 3425 C
367 3389 445 3430 brist.
457 3395 535 3435 Lupi
546 3397 644 3436 Opera
656 3397 765 3428 Tyn.

1575 3394 1661 3430 Hh
1712 3409 1735 3435 2.
1931 3398 2004 3433 De·
