2320 3730
593 177 1011 233 Scn01113‚nr
1045 173 1241 220 Norrs
1278 186 1676 219 urusrRArAE·

202 263 309 300 solam
319 260 516 304 impietatem
527 259 690 304 propriam
701 285 711 302 ‚
736 260 880 303 ideoque
891 259 950 294 ista
962 268 1083 293 memo÷

205 315 253 349 ria
276 323 343 348 non
354 319 480 354 poterat
502 308 645 354 prodesse
669 311 853 355 Capitulis.
881 310 924 345 Et
937 308 1081 344 notanda

204 366 280 399 sunt
299 360 367 395 haec
389 359 598 395 Theodoreti
620 361 661 395 de
682 364 802 397 Sancto
822 360 953 404 Cyrillo
966 358 1058 393 verba
1072 370 1083 389 :

205 414 288 455 ,Quia
313 413 384 445 vert)
406 411 596 455 manifestum
614 409 649 454 se
669 417 702 445 in
737 413 865 446 concilio
897 410 1080 444 declaravit.

204 460 318 496 Palam
337 462 477 496 affirmat
490 461 728 507 Pentalogium
748 460 767 495 a
785 462 817 494 se
828 459 925 494 scribi
950 470 1018 492 non
1030 457 1083 491 ad-

203 509 315 545 versus
326 510 683 556 CyrilliApologiam,
712 509 766 545 sed
785 509 935 544 adversus
962 508 1084 542 editam

205 559 339 603 abillo,
366 561 478 606 utique
493 561 534 595 ad
547 561 676 603 Synodi
696 571 825 605 preces,
853 557 1083 603 Capitulorum

205 611 461 648 declarationem
475 626 486 645 :-
514 612 620 660 Qod
635 621 750 654 nempe
760 609 901 644 necdum
924 609 1085 653 apparuis-

203 662 253 696 set
265 661 323 696 iste
334 661 415 696 liber
428 661 669 707 Apologeticus
678 685 685 693 .
714 658 872 695 Notanda
884 660 959 693 sunt
971 659 1006 692 &
1018 657 1085 692 haec

206 711 306 747 verba
319 725 330 745 .-
356 715 403 745 Et
424 713 529 754 plures
551 723 588 747 ex
599 710 646 744 bis
667 717 719 753 qui
743 718 964 744 convenerant.
992 708 1087 747 Affir-

205 772 277 797 mat
304 761 457 805 Capitula
490 773 559 797 non
585 772 641 806 per
665 770 770 795 totam
797 758 970 804 synodum
997 785 1008 801 ,
1034 758 1086 793 sed

204 810 378 849 dumtaxat
389 824 444 857 per
455 811 611 855 quosdam
631 811 802 855 impetitos
824 811 1005 855 Episcopos
1015 809 1088 844 fuis-

206 863 240 897 se
250 863 460 907 comprobata
472 886 479 893 .
507 862 563 896 An
576 861 618 896 de
641 863 723 896 fadia
735 872 789 906 per
808 861 947 905 primam
962 859 1088 902 Synodi

206 913 385 949 Actionem
398 935 409 952 ‚
437 923 479 946 an
493 909 535 947 de
548 912 622 947 data
634 911 704 955 post
716 913 862 947 emissam
885 909 1086 955 explanatio·

207 972 284 996 nem
307 960 582 1006 comprobatione
604 972 701 1008 agat,
727 974 795 997 non
815 961 860 1002 est
874 962 1003 1005 penitus
1027 971 1091 994 cer-

206 1022 280 1047 tum
294 1038 301 1045 .
329 1011 472 1047 Videtur
481 1011 523 1048 de
545 1011 607 1048 hac
624 1011 795 1055 posteriori
817 1023 933 1056 agere:
964 1011 1008 1045 Et
1022 1021 1090 1054 pro-

208 1072 280 1106 pter
305 1063 405 1104 ipsam
432 1062 610 1105 proceffiffc
636 1063 670 1095 in
698 1061 935 1107 Pentalogium
963 1087 969 1094 .
999 1060 1092 1108 Qid

207 1110 287 1154 quid
308 1111 366 1152 fit,
395 1110 632 1147 Theodoretus
652 1122 732 1146 tunc
751 1112 911 1149 didicerat
937 1111 1092 1156 Capitula

205 1171 264 1206 per
277 1159 408 1204 plenam
425 1161 597 1205 Synodum
612 1174 680 1196 non
693 1162 786 1196 fuisse
798 1162 995 1196 canonizata
1013 1187 1020 1196 ,
1030 1161 1094 1196 Re—

207 1221 282 1245 rum
293 1211 388 1246 series
399 1211 443 1246 ita
457 1213 487 1245 se
498 1211 596 1246 habet
609 1237 615 1244 .
642 1210 878 1247 Theodoretus
898 1222 975 1248 ante
986 1212 1091 1254 Syno-

207 1259 289 1295 dum
309 1262 428 1305 scripsit
450 1263 485 1295 in
499 1262 671 1305 Capitula.
698 1260 747 1295 At
765 1261 846 1295 libet·
868 1261 983 1295 manfit
1008 1261 1093 1294 intra

207 1312 381 1348 Orientem
395 1323 402 1343 :
431 1311 513 1346 Non
526 1311 649 1346 transiit
663 1310 704 1346 ad
715 1312 795 1346 alias
806 1311 972 1346 Dioeceses
984 1335 995 1351 ,
1006 1310 1094 1345 ideo·

208 1372 274 1406 que
286 1372 347 1395 nec
360 1361 510 1405 Cyrillus
533 1361 689 1405 rescripfit
701 1386 708 1393 .
735 1362 830 1396 Hinc
842 1361 1018 1406 Synodus,
1042 1371 1094 1395 tot

209 1410 393 1446 calumnias
415 1411 554 1446 audiens
581 1436 593 1452 ,
619 1412 748 1457 rogavit
768 1412 956 1455 Cyrillum,
985 1420 1020 1445 ut
1043 1423 1094 1446 ex-

209 1462 358 1506 planaret
379 1460 535 1505 Capitula
561 1487 568 1494 .
598 1462 644 1497 Et
670 1461 726 1496 ille
751 1462 942 1506 explanavit
967 1474 974 1495 :
1001 1462 1094 1496 Dum

210 1511 381 1555 utriusque
399 1512 481 1554 parti
494 1512 614 1557 Legati
636 1510 794 1546 haererent
816 1513 902 1556 apud
913 1511 1097 1547 Chalcedo-

209 1571 309 1596 nem.
336 1560 540 1604 Explanatio
565 1572 700 1596 omnem
715 1562 906 1597 Fastionem
929 1562 1036 1607 magis
1049 1564 1095 1597 of-

209 1610 338 1652 fendit,
365 1609 552 1646 &reddidit
574 1611 793 1647 acerbiorem.
821 1611 914 1647 Hinc
936 1612 1095 1646 Theodo-

209 1669 297 1696 retus
316 1660 417 1706 ipsam
438 1661 553 1696 invafit
578 1672 634 1706 per
655 1661 893 1707 Pentalogium
911 1685 920 1695 .
945 1662 1096 1707 Tempus

210 1711 351 1756 ignoro.
378 1709 544 1753 Videtur,
571 1712 663 1756 quod
677 1713 786 1749 statim
804 1713 874 1757 post
902 1711 1042 1747 reditum
1054 1712 1095 1747 ad

211 1761 363 1805 propria.
391 1762 514 1796 Saltem
541 1771 618 1797 ante
630 1763 891 1809 Apologeticum
918 1763 1039 1807 Cyrilli
1062 1762 1096 1796 li-

213 1809 310 1846 brum
332 1836 339 1843 .
366 1812 455 1847 Nam
480 1811 716 1859 Pentalogium
745 1814 870 1848 nullam
893 1812 989 1857 hujus
1019 1814 1098 1848 facit

213 1862 408 1897 memoriam
434 1887 442 1895 .
470 1862 603 1898 Exinde
629 1865 667 1897 fit
692 1875 756 1907 pax
778 1888 785 1894 .
812 1863 916 1898 Tunc
938 1864 1099 1906 Evoptius

213 1910 327 1945 nescio
350 1922 415 1956 qua
438 1912 567 1946 ratione
590 1913 736 1956 pervenit
763 1912 803 1946 ad
827 1910 1037 1947 Theodoreti
1065 1913 1099 1946 li-

215 1960 311 1998 brum
325 1984 335 2000 ,
363 1961 398 1995 δι
414 1959 520 2004 ipsum
532 1962 706 1997 transmisit
732 1965 791 1996 suo
803 1962 1018 1997 Patriarchae.
1046 1963 1100 1996 Sic

215 2009 362 2053 Cyrillus
379 2010 459 2044 fecit
484 2009 741 2056 Apologeticum
766 2036 773 2043 .
801 2011 946 2047 Proinde
971 2012 1100 2047 Libera-

215 2069 269 2096 tus
294 2070 363 2094 non
384 2070 453 2094 erat
464 2062 651 2105 arguendus
676 2060 716 2096 de
738 2060 1028 2106 parachronismo.
1058 2062 1102 2095 Et

216 2110 364 2146 notanda
389 2111 463 2145 sunt
484 2111 604 2153 Cyrilli
631 2111 672 2146 de
694 2112 758 2146 suis
778 2111 943 2155 Capitulis
961 2111 1002 2146 ad
1019 2112 1102 2146 Evo-

216 2160 324 2204 ptium
350 2159 466 2195 verba:
496 2161 580 2195 Licet
594 2163 666 2203 jam
688 2162 809 2196 amede
825 2161 873 2195 bis
879 2160 1082 2205 scripserimus
1095 2185 1104 2201 ,

212 2219 312 2253 pauca
333 2219 432 2244 tamen
456 2216 550 2245 etiam
572 2213 722 2245 adversus
733 2211 946 2246 Theodoretum
968 2213 1046 2255 loqui
1058 2224 1107 2246 ne·

217 2261 368 2303 ceffarium
389 2259 445 2298 est.
475 2259 589 2295 Palam
613 2262 726 2296 laudat
748 2264 835 2296 suam
850 2259 966 2306 Ephesi
989 2264 1104 2297 factam

220 2310 490 2354 explanationem
508 2334 520 2351 ,
546 2310 694 2356 adeoque
706 2313 845 2347 affirmat
867 2313 968 2356 ipsam
979 2313 1041 2347 esse
1052 2324 1105 2348 an·

219 2360 369 2395 teriorem
381 2359 446 2395 hoc
461 2359 685 2407 Apologetico
700 2387 706 2394 .

269 2409 431 2443 Notanda
453 2411 529 2444 sunt
549 2410 617 2444 haec
640 2412 758 2445 verba:
785 2414 874 2445 Bona
898 2412 982 2445 nobis
1001 2412 1108 2453 fiducia

222 2457 259 2497 est
271 2481 282 2497 ,
308 2459 387 2498 quod
397 2458 494 2496 vestra
502 2461 521 2489 5
523 2459 655 2490 anc‘lt'tas
667 2460 730 2492 haec
740 2466 840 2493 omnia
851 2462 952 2493 doceat
963 2485 974 2500 ,
1000 2463 1034 2494 (ἓν
1054 2462 1108 2493 illa

216 2507 402 2548 faciat,quae
416 2511 515 2538 omm’a
524 2519 590 2549 quae
601 2507 638 2540 ab
650 2506 787 2550 hereticis
791 2508 882 2550 falla
888 2508 1108 2552 sunt,irrt‘tent‚

215 2556 280 2599 five
293 2555 492 2597 depofitlonem
502 2555 568 2597 five
579 2564 905 2592 excommunicationem
916 2583 926 2598 ‚
942 2561 1031 2601 idque
1044 2569 1108 2593 tam

220 2606 356 2645 synodali
377 2603 528 2648 Rescripta
550 2630 560 2646 ,
586 2618 677 2649 quam
699 2612 789 2651 Regio
811 2609 921 2641 Edici'o
944 2634 950 2641 .
976 2609 1108 2653 Nempe

219 2656 457 2700 depositionem
483 2657 647 2696 Nestorii,
675 2658 710 2692 δε
727 2658 1106 2694 excommunicationem

221 2706 358 2750 Joannis
370 2704 573 2741 Antiocheni
588 2732 595 2739 .
623 2706 675 2742 Ex
688 2719 754 2752 quo
763 2708 882 2742 iterum
895 2707 1025 2743 ducitur
1037 2721 1105 2744 non

221 2757 292 2790 leve
305 2766 534 2801 argumentum
547 2781 556 2796 ,
583 2757 673 2800 quod
684 2757 862 2802 Imperator
872 2758 1080 2794 Theodosius
1096 2785 1106 2801 ‚

222 2806 303 2840 dum
317 2805 462 2839 Nestorii
474 2807 718 2842 damnationem
737 2809 901 2849 firmavit,
928 2810 1105 2845 firmaverit

223 2857 323 2890 etiam
341 2855 476 2898 Ioannis
495 2859 871 2893 excommunicationem
883 2884 894 2901 ,
920 2858 1061 2903 ideoque
1073 2861 1105 2894 δε

221 2907 459 2949 reparationem
481 2907 599 2949 Cyrilli
613 2919 650 2942 ac
669 2909 877 2943 Memnonis.
906 2910 1040 2944 Etenim
1055 2911 1106 2954 Jo-

222 2957 319 2990 annis
340 2958 644 2991 excommunicatio
664 2969 730 2993 erat
750 2961 831 2994 fasta
844 2970 974 3004 propter
986 2959 1104 2995 horum

224 3005 493 3050 degradationem
506 3032 516 3047 ,
543 3019 579 3041 ac
591 3008 726 3051 proinde
737 3010 791 3044 illa
805 3010 924 3044 firmari
936 3021 1004 3045 non
1018 3021 1105 3055 pote·

224 3063 275 3089 rat
296 3054 362 3089 fine
375 3055 469 3099 hujus
481 3059 776 3094 circumdufflone.
803 3061 917 3095 Fafflo
938 3062 1102 3106 rogatista

224 3105 296 3138 fieri
322 3113 385 3137 tam
407 3109 540 3145 synodali
562 3107 729 3151 Rescripta,
755 3122 844 3153 quam
868 3114 957 3155 Regio
972 3112 1102 3145 Edic‘lo.

224 3154 357 3197 Nempe
375 3166 430 3197 per
462 3158 603 3200 aliquam
635 3160 1040 3205 Constantinopolitanam
1063 3174 1102 3196 ex

225 3204 356 3238 advenis
382 3205 549 3249 Episcopis
572 3209 763 3251 Synodum.
794 3211 952 3246 Attamen
964 3211 1105 3248 dubium

224 3256 303 3291 facit
326 3254 518 3289 Caffinenfis
543 3258 709 3294 translatio
738 3275 748 3294 .·
775 3260 921 3305 Universa
940 3263 1103 3305 cassentur,

218 3304 282 3347 five
295 3306 449 3338 damnatio
462 3330 472 3345 ‚
497 3305 557 3344 lt‘ve
567 3316 820 3345 excommunicatio
835 3336 844 3351 ,
867 3320 923 3354 per
947 3314 1102 3350 synodicas

222 3356 344 3391 litteras
366 3379 376 3394 ‚
403 3355 629 3399 imperialesque·
651 3360 768 3394 decreta
787 3385 798 3396 .
834 3362 951 3398 Sensus
974 3363 1101 3399 videtur

321 3404 431 3441 ebria.
440 3409 519 3450 Lupi
530 3411 627 3450 Opera
636 3410 669 3440 T.
683 3413 749 3459 KH.

1130 257 1223 291 verse:
1252 254 1346 289 Licet
1369 265 1424 298 per
1446 254 1629 298 Synodicas
1648 267 1685 290 ac
1703 257 1885 302 Imperiales
1898 260 2021 295 litteras

1129 286 1204 350 llint
1213 305 1353 340 Decreta
1365 331 1372 337 .
1395 305 1450 339 Est
1462 306 1671 340 commodior
1684 307 1793 342 sensus
1803 334 1810 341 .
1837 311 1922 358 Qae
1932 311 2023 344 enim

1130 361 1320 402 {paucorum
1330 355 1530 391 advenarum
1558 356 1796 400 Episcoporum
1808 360 1960 401 Synodus
1970 371 2027 404 po-

1131 407 1255 458 'Jtuiffet
1277 406 1516 441 circumducere
1540 405 1700 449 judicium
1722 406 1938 444 ducentorum
1950 410 2030 453 Epi-

1133 468 1329 500 ·coporum,
1355 457 1407 496 cui
1419 456 1691 501 Apostolicorum
1713 457 1924 492 Vicariorum
1947 459 2029 493 Prae-

1132 493 1281 553 {fidentia
1306 507 1437 542 dederat
1459 508 1589 552 plenam
1604 505 1840 542 'authoritatem
1861 507 2032 542 Generalis

1133 556 1318 600 {Concilii?
1345 557 1491 592 Priorem
1504 567 1613 592 tamen
1626 558 1754 600 sensum
1766 556 1958 602 persuadent
1968 568 2034 592 ver-

1135 602 1189 673 iba
1213 606 1366 642 Mandati
1386 632 1398 648 ,
1425 607 1514 652 quod
1546 609 1658 643 Factio
1684 607 1776 643 dedit
1796 609 1858 643 suis
1879 607 2032 650 Legatis:

1148 658 1220 691 sive
1241 668 1337 690 coram
1364 659 1537 699 Pit-mifflmo
1558 663 1757 701 Imperatore,
1781 657 1844 700 five
1862 663 1894 691 in
1904 655 2036 698 Confisto-

1148 711 1213 746 rio,
1233 705 1296 747 five
1315 717 1410 740 coram
1434 711 1520 742 Sacro
1542 711 1674 751 Senatu,
1696 708 1804 752 fivein
1815 712 1944 743 Parrum
1954 709 2037 746 syno-

1150 757 1186 788 do
1196 757 1232 789 de
1243 756 1291 790 his
1304 779 1315 796 ,
1346 767 1413 801 quae
1434 763 1466 790 in
1477 758 1661 800 quaeflionem
1680 764 1807 794 veniunt
1818 784 1830 802 ‚
1853 756 2038 803 sermoinsti·

1152 815 1255 840 tuatur
1270 831 1277 838 .

1202 854 1258 890 Ad
1281 856 1426 901 Legatos
1446 855 1550 891 acrius
1571 858 1786 897 stimulandos
1804 860 1916 895 Fac’tio
1927 858 2041 902 adjun-

1154 906 1204 951 git
1227 919 1234 938 :
1262 910 1336 939 Non
1358 912 1476 950 ignorat
1498 905 1596 946 vestra
1624 912 1729 943 Pietas
1750 935 1760 950 ,
1787 912 1865 954 quod
1896 908 2040 944 habemus

1155 955 1301 1000 quosdam
1322 956 1485 1001 Episcopos
1508 955 1656 1000 nobiseum
1678 960 1820 1001 desolatos
1841 966 1874 994 in
1891 960 1957 1004 suis
1971 962 2042 992 Pro·

1155 1012 1263 1042 vinciis
1279 1031 1287 1039 .
1315 1007 1510 1041 Caffinenfis
1526 1007 1695 1043 translatio
1706 1006 1805 1042 habet
1818 1022 1828 1041 :
1855 1012 1919 1052 ‚Qui
1934 1015 1968 1043 in
1975 1018 2044 1052 pro-

1152 1062 1231 1100 priis
1244 1056 1441 1099 mansionibus
1449 1056 1505 1101 solt·
1516 1058 1720 1101 remanserunt
1733 1081 1742 1090 .
1765 1056 1895 1091 Remus
1913 1060 2044 1094 interim

1156 1119 1216 1142 nec
1229 1109 1295 1151 ipsa
1307 1107 1461 1152 exprimit
1474 1132 1485 1149 ‚
1511 1107 1592 1152 quid
1610 1108 1724 1143 Factio
1736 1105 1779 1141 ab
1790 1105 1841 1141 his
1853 1108 2021 1151 Episcopis
2034 1133 2046 1150 ,

1156 1158 1208 1193 vel
1230 1157 1267 1192 hi
1293 1158 1334 1194 ab
1361 1159 1416 1192 illa
1438 1158 1667 1202 praetenderint
1689 1183 1697 1192 .
1724 1156 1891 1192 Existimo
1918 1159 2046 1202 urgeri,

1156 1207 1246 1250 quod
1274 1209 1383 1252 plures
1414 1209 1551 1243 istorum
1571 1209 1812 1257 Episcoporum
1835 1207 2048 1248 vacillarent,

1156 1269 1193 1292 ac
1205 1268 1321 1292 natum
1344 1260 1422 1293 esset
1444 1260 1515 1293 fieri
1530 1285 1542 1302 ,
1567 1259 1657 1304 quod
1678 1260 1879 1294 confirmatae
1891 1268 1944 1302 per
1956 1257 2050 1292 Prin.

1155 1308 1262 1351 cipem
1275 1309 1415 1352 Synodo
1426 1307 1622 1345 adhaererent
1635 1309 1763 1354 potius,
1784 1320 1885 1354 quam
1897 1309 1961 1343 suis
1972 1319 2051 1342 con-

1158 1367 1207 1394 tra
1232 1369 1303 1392 eam
1328 1359 1550 1399 clamoribus,
1575 1359 1716 1404 ideoque
1735 1361 1826 1406 quod
1837 1358 2003 1406 agendum
2014 1358 2052 1392 lit

1160 1408 1239 1443 totis
1265 1408 1406 1451 viribus,
1435 1419 1471 1445 ut
1482 1410 1741 1446 circumducatur
1753 1409 1860 1456 Regia
1880 1409 2057 1444 confirma-

1161 1457 1229 1495 tio..
1254 1458 1358 1506 Qod
1380 1461 1402 1494 fi
1429 1460 1571 1496 obtineri
1597 1471 1738 1506 nequeat
1758 1485 1770 1502 ‚
1796 1469 1916 1506 rogant
1941 1459 2054 1493 saltem

1158 1508 1285 1543 dimitti
1298 1509 1338 1544 ad
1352 1511 1482 1555 propria
1496 1536 1503 1545 .
1531 1512 1576 1545 Et
1588 1512 1714 1547 addunt
1737 1513 1885 1546 causam:
1917 1510 2056 1543 Maxime?

1162 1564 1232 1602 quia
1248 1571 1326 1593 nunc
1348 1559 1445 1599 hyems
1462 1561 1551 1601 instat
1572 1587 1579 1594 .
1606 1561 1659 1595 Ex
1683 1573 1749 1607 quo
1763 1560 1916 1595 discimus
1928 1569 2057 1602 tempus

1163 1609 1278 1644 harum
1304 1610 1487 1646 litterarum
1502 1636 1509 1643 .
1537 1612 1614 1645 Fuit
1625 1612 1710 1646 circa
1727 1610 1882 1646 octobris
1892 1608 2055 1643 medium.

1165 1659 1298 1694 Etenim
1307 1661 1591 1704 SanstusCyrillus
1601 1661 1838 1695 Alexandriam
1848 1658 1949 1694 redux
1961 1659 2060 1692 intra-

1164 1709 1211 1744 vit
1233 1709 1288 1744 die
1311 1710 1472 1755 trigesima
1497 1710 1589 1745 istius
1612 1709 1756 1745 Mensis.-
1783 1711 1914 1753 Nempe
1934 1709 1991 1743 ista
2004 1709 2060 1743 de-

1164 1758 1307 1803 precatio
1321 1759 1384 1795 fuit
1401 1761 1554 1797 exaudita
1569 1788 1575 1794 .
1600 1761 1759 1796 Notanda
1771 1762 1844 1795 sunt
1856 1761 1890 1795 &
1902 1758 1969 1794 haec
1994 1770 2065 1793 ver-

1165 1809 1226 1844 ba:
1254 1814 1329 1843 Non
1352 1816 1447 1845 minor
1468 1812 1553 1845 nobis
1562 1810 1726 1854 sollicitudo
1747 1812 1808 1852 est,
1835 1823 1927 1854 quam
1941 1818 1998 1852 pro
2009 1821 2061 1844 ve-

1164 1865 1254 1893 ritate
1277 1858 1367 1903 ipsa,
1393 1873 1431 1894 ne
1447 1861 1479 1902 fi
1496 1861 1630 1904 depofitio
1651 1862 1737 1895 robur
1755 1867 1884 1903 accipiat
1896 1885 1907 1901 ,
1934 1862 2059 1893 valeant

1166 1911 1200 1943 ό·
1224 1909 1287 1942 alia
1299 1932 1309 1948 ,
1336 1921 1402 1951 quae
1422 1909 1534 1943 abillis
1554 1920 1658 1944 contra
1668 1914 1777 1945 multos
1791 1912 1962 1945 sacerdotes
1968 1910 2060 1952 fac‘t'a

1162 1957 1243 2002 sunt.
1275 1958 1327 1991 Ex
1338 1961 1384 1993 eis
1396 1960 1565 1994 discuntur
1578 1962 1654 1995 tria.
1685 1962 1836 1995 Primum
1850 1961 1894 1994 est
1910 1960 2059 1994 miranda

1167 2010 1303 2042 istorum
1329 2007 1567 2053 Episcoporum
1591 2021 1649 2053 pro
1683 2010 1841 2044 Nestorio
1874 2011 2059 2053 protervia:

1169 2058 1255 2090 Eum
1270 2057 1354 2092 tanti
1368 2059 1518 2100 faciunt,
1544 2071 1581 2094 ac
1593 2060 1695 2103 ipsam
1720 2060 1911 2094 veritatem.
1940 2061 2066 2094 Secun-

1166 2107 1247 2142 dum
1270 2106 1334 2146 est,
1362 2109 1451 2152 quod
1477 2109 1632 2153 Synodus
1656 2122 1724 2144 non
1740 2109 1951 2145 solummodo
1966 2109 2061 2145 illum

1167 2158 1375 2203 degradarit,
1403 2160 1456 2194 sed
1481 2161 1514 2194 δε
1538 2160 1646 2204 plures
1674 2160 1875 2205 Episcopos.
1905 2159 1986 2194 Acta
2011 2172 2064 2203 pe-

1168 2209 1291 2243 rierunt
1313 2218 1370 2243 aut
1393 2209 1519 2249 latent,
1546 2212 1682 2255 septima
1702 2222 1811 2246 tamen
1835 2210 1934 2245 Actio
1955 2221 2063 2253 reprae-

1169 2259 1274 2292 sentat
1288 2269 1401 2292 eorum
1428 2259 1949 2305 substantiam&compendium.
1978 2261 2062 2294 Ter-

1169 2309 1252 2342 tium
1265 2309 1309 2342 est
1322 2333 1334 2350 ,
1356 2310 1446 2353 quod
1459 2309 1493 2344 hi
1503 2321 1619 2345 omnes
1631 2311 1752 2346 suerint
1763 2311 1909 2346 damnati
1923 2320 2055 2354 propter

1170 2359 1361 2393 Nestorium
1373 2372 1410 2393 ac
1422 2360 1488 2403 ejus
1500 2361 1666 2406 dogmata.
1681 2363 1774 2397 Hinc
1787 2362 1855 2396 istis
1866 2371 1959 2395 tanta
1976 2361 2063 2394 solli·

1169 2408 1304 2447 citudo‚
1333 2419 1369 2442 ut
1390 2409 1594 2445 Nestorianae
1611 2410 1834 2447 damnationis
1849 2411 2061 2447 confirmatio

1169 2456 1428 2490 circumducatur
1456 2460 1473 2491 a
1487 2459 1640 2503 Principe
1652 2486 1659 2493 .

1220 2506 1325 2540 Hisce
1337 2506 1400 2540 suis
1411 2507 1526 2542 litteris
1538 2509 1649 2544 Faffio
1661 2510 1793 2545 tandem
1814 2509 1965 2554 adjunxit
1976 2510 2061 2545 fimi-

1172 2555 1216 2590 les
1226 2554 1266 2589 ad
1278 2555 1512 2599 Imperatorem
1524 2559 1665 2594 litteras.
1694 2560 1858 2603 Exposuit
1876 2562 1910 2595 &
1922 2561 2062 2603 postula-

1172 2605 1217 2639 vit
1238 2603 1351 2639 eadem
1374 2608 1488 2641 omnia
1501 2632 1511 2648 ,
1536 2609 1570 2641 δε
1594 2611 1758 2651 praefatam
1770 2612 1860 2644 suam
1874 2622 1932 2654 pro
1944 2610 2061 2646 Haere-

1170 2653 1291 2689 fiarcha
1305 2656 1499 2699 proterviam
1511 2657 1556 2691 est
1568 2659 1667 2692 nimis
1679 2660 1896 2694 inverecunde
1909 2662 2058 2704 professa:

1170 2708 1251 2749 ,ραις
1269 2715 1366 2739 autem
1386 2709 1614 2749 particulariter
1626 2707 1766 2751 secutura
1783 2708 1843 2751 sint
1855 2710 1894 2743 ab
1914 2712 1976 2744 illis
1988 2735 1999 2751 ,
2025 2713 2058 2745 Θ

1169 2764 1270 2789 contra
1283 2755 1490 2800 Ecclesiasticus
1501 2759 1751 2801 Constitutiones,
1778 2762 1812 2794 (⁴7
1835 2769 1937 2795 contra
1963 2764 2059 2795 Pien-

1169 2807 1271 2847 tifflma
1291 2806 1389 2846 vestra
1410 2809 1546 2851 Scripta,
1566 2812 1638 2851 jam
1659 2812 1680 2843 ὰ
1703 2812 1804 2844 multis
1826 2812 1931 2844 didicit
1957 2811 2057 2851 vestra

1170 2856 1309 2897 Majestas
1324 2880 1335 2897 ,
1358 2856 1387 2898 fi
1395 2864 1427 2890 in
1440 2860 1518 2892 nullo
1538 2859 1577 2893 ab
1589 2860 1657 2902 ipfis
1676 2861 1845 2901 offendatur
1861 2886 1871 2902 ‚
1895 2859 2057 2904 vestrisque

1169 2907 1289 2939 EdiHis
1301 2917 1357 2940 non
1367 2908 1548 2943 ablueremur
1558 2936 1568 2951 ,
1597 2914 1632 2945 <9⁰
1643 2911 1868 2953 Ecclefiasticam
1882 2911 1976 2952 fidem
1985 2919 2056 2953 pre-

1169 2958 1286 2990 dicent.
1315 2962 1401 2991 Nam
1422 2958 1475 3001 etfi
1492 2962 1600 2994 millies
1615 2962 1738 3005 fugiens
1760 2962 1904 2996 tumultus
1923 2971 2054 3001 caveat,

1169 3008 1203 3040 (θ’
1226 3006 1287 3050 ipse
1305 3013 1458 3050 privatim
1479 3023 1565 3054 agere
1588 3012 1696 3052 malit,
1723 3021 1793 3054 opus
1812 3021 1912 3044 tamen
1923 3023 1960 3045 ne
1975 3010 2051 3053 fides

1159 3057 1315 3098 jar‘luram
1329 3058 1415 3100 ferat
1428 3086 1438 3101 ‚
1465 3063 1496 3094 εό
1517 3063 1596 3103 quod
1613 3063 1770 3105 illegitima
1790 3062 1844 3102 ista
1867 3061 2001 3103 depositio
2010 3061 2049 3095 ab

1167 3108 1215 3141 his
1226 3133 1236 3149 ‚
1264 3115 1314 3151 qut·
1335 3109 1475 3145 haeretica
1498 3113 1642 3153 Capitula
1654 3115 1847 3146 introducunt
1859 3136 1869 3152 ,
1889 3112 1981 3154 sada
1992 3110 2027 3156 fit
2040 3136 2048 3143 .

1167 3158 1289 3192 Nullus
1299 3160 1343 3193 est
1357 3161 1500 3195 omnino
1513 3163 1620 3195 sensus
1633 3185 1641 3193 .
1669 3162 1863 3198 Caffinenfis
1878 3162 2049 3197 translatio

1165 3208 1210 3242 est
1234 3210 1361 3243 lucida:
1389 3213 1471 3254 ,Quae
1489 3214 1560 3245 vero
1580 3212 1620 3245 ab
1642 3218 1684 3245 eis
1708 3213 1798 3255 falla
1818 3212 1890 3256 sunt
1902 3214 2048 3247 &contra

1164 3262 1330 3293 Canonicas
1351 3261 1522 3295 sanctiones
1543 3286 1555 3302 ‚
1581 3263 1615 3296 (9
1637 3273 1740 3296 contra
1762 3265 1909 3304 Piiffimas
1932 3263 2047 3300 vestras

1162 3309 1304 3351 litteras,
1330 3313 1464 3345 cimultis
1469 3314 1541 3352 jam
1561 3312 1770 3355 particulatim
1789 3315 1895 3348 didicit
1918 3314 2046 3354 vestrum

1164 3363 1342 3403 Imperium,
1368 3362 1439 3394 dum
1458 3363 1511 3396 ille
1531 3385 1543 3402 ,
1569 3363 1680 3408 utique
1703 3363 1875 3401 Nestorius
1897 3390 1909 3408 ‚
1934 3369 1986 3405 qui
2007 3359 2046 3396 ab

1688 3414 1704 3449 Ι
1954 3417 1997 3447 tls
