2320 3730
600 171 912 225 Senorns,
957 175 1020 214 ετ
1053 159 1251 214 Nous
1288 159 1690 209 rtrum-Rara.

1910 178 1973 218 19

217 253 407 293 Nestoriani
429 249 597 298 dogmatis
615 277 626 293 ‚
661 252 864 297 Degradatio
892 251 1097 288 Nestorianae
1153 248 1229 291 Nec
1247 259 1316 282 non
1336 247 1371 282 δε
1385 255 1508 292 quanta
1516 256 1595 281 eura
1615 245 1655 280 fit
1666 245 1759 283 vobis
1779 257 1839 293 pro
1856 248 1967 294 quiete
1981 258 2034 285 to·

216 307 382 344 Personae,
405 304 443 339 .&
463 304 498 337 in
524 301 593 345 ejus
612 302 781 348 degradati
800 303 916 342 Sedem
926 302 1097 338 ordinatio
1157 300 1221 335 tius
1230 298 1419 334 universalis
1431 297 1602 337 Ecclefiae,
1630 308 1690 340 pro
1698 309 1760 341 qua
1778 299 1813 332 δε
1827 311 1888 335 nos
1911 297 2035 334 haben.

217 355 437 393 Maximiani.
465 353 546 389 Haec
555 354 618 390 tria
632 354 666 392 ,δε
691 354 848 398 Princeps
860 355 896 392 ,δε
906 355 937 391 S.
950 350 1098 395 Cyrillus
1159 361 1207 386 tes
1217 350 1410 396 praecipuam
1423 358 1535 382 curam
1549 372 1559 388 ‚
1586 348 1647 380 soli
1660 347 1758 387 nobis
1765 360 1879 385 contra
1891 351 2037 393 reliquos

216 405 460 451 postulaverant
471 428 483 445 ,
504 405 542 439 ,δε
560 404 703 450 ,loannes
722 405 894 444 admiserat
907 427 918 443 ,
944 401 1099 436 solemni—

217 466 266 490 ter
278 456 431 499 profeffus
441 479 449 487 .
477 453 526 491 At
534 453 611 490 vero
633 454 699 497 ipse
718 455 816 491 etiam
828 453 890 488 tria
902 450 1096 496 postularat:

218 503 358 540 Aboleri
368 505 482 540 omnia
493 504 577 539 Asta
590 504 706 549 Ephesi
713 516 763 546 na,
774 502 905 537 admitti
915 501 1024 539 solum
1036 500 1100 534 Ni-

218 566 344 590 caenum
356 554 544 599 symbolum
556 579 566 594 ,
584 555 617 590 δι
628 552 892 593 anathematizari
908 552 1029 594 Cyrilli
1038 550 1101 585 Ca-

219 606 340 650 pitula.
367 605 411 640 Et
428 603 510 642 nihil
521 604 726 645 obtinuerat.
753 603 852 638 Suam
866 601 906 637 de
917 601 1099 644 Dominica

220 657 454 691 lncarnatione
471 655 569 689 fidem
591 653 738 695 Cyrillus
759 652 976 695 solummodo
1002 662 1100 695 expo·

221 707 286 740 suit
300 731 312 747 ,
321 717 358 740 ac
368 704 602 740 demonstravit
612 704 728 739 restam
741 717 752 736 :
779 704 823 737 Er
835 704 976 747 Joannes
986 702 1100 742 debuit

218 756 286 791 este
297 765 474 795 contentus
483 779 490 787 .
504 754 552 788 At
562 753 685 787 veroin
700 753 844 799 praesenti
859 753 947 798 pacis
960 752 1101 796 publica·

221 805 311 841 torio
334 806 552 843 instrumento
564 802 655 843 nulla
666 804 712 840 est
724 805 881 844 memoria
892 804 933 838 de
945 802 1104 837 Nestorio

222 867 281 891 aut
297 856 365 900 ejus
384 854 562 898 dogmate,
590 853 680 887 nulla
697 852 738 887 de
749 854 960 889 Maximiano
977 877 989 894 ,
1015 851 1103 886 nulla

223 906 268 942 de
280 905 399 948 Cyrilli
409 903 592 947 Capitulis:
615 903 766 947 ,Cyrillus
778 903 988 939 solummodo
999 903 1106 939 lauda·

224 966 278 990 tur
287 949 370 988 reeta
381 954 447 997 jam
460 953 578 988 sentire
588 978 600 994 ,
611 965 648 988 ac
659 956 721 989 effe
731 953 939 989 orthodoxus
951 979 957 986 .
977 940 1106 997 Nempe

221 1005 366 1053 joannes
378 1006 439 1043 (ηε
450 1015 509 1047 pro
520 1003 674 1038 Nestorio
685 1029 696 1045 ,
722 1005 757 1039 ὄε
771 1005 922 1039 adversus
933 1004 1107 1038 Maximia-

223 1055 261 1089 ni
271 1053 532 1092 ordinationem
543 1078 555 1095 ,
581 1065 619 1088 ac
631 1054 800 1098 praesertim
811 1054 961 1090 adversus
973 1054 1109 1097 Capitu-

224 1105 258 1139 la
267 1103 485 1139 contumacia:
495 1114 622 1140 memor
630 1103 836 1143 erubescebat
848 1131 859 1147 ‚
884 1107 919 1140 &
938 1103 1110 1139 certiffime

225 1165 322 1190 norat
333 1153 392 1189 ista
412 1153 430 1187 a
448 1154 580 1193 suorum
594 1154 834 1200 Episcoporum
847 1155 960 1191 multis
973 1155 1109 1199 pertina-

225 1203 350 1240 ciffime
359 1203 544 1247 abjicienda
554 1206 590 1238 ὃς
602 1205 810 1248 conspuenda
822 1231 830 1239 .
858 1206 906 1241 At
917 1206 985 1249 ipsa
1007 1205 1110 1238 aliun-

225 1256 270 1290 de
279 1256 496 1288 innotuerunt
509 1277 517 1286 .
545 1253 640 1288 Hinc
660 1256 747 1298 pacis
761 1255 942 1298 publicatio
954 1254 1112 1298 plurimos

225 1304 464 1343 habuitobices
474 1328 485 1345 ‚
512 1303 663 1339 modicos
674 1305 830 1340 successus
841 1330 848 1338 .
877 1305 1026 1349 Epistola
1039 1304 1110 1338 scri-

227 1365 286 1400 pta
295 1354 341 1390 est
352 1355 411 1389 sub
421 1354 595 1397 exordium
607 1354 686 1389 anni
694 1355 851 1400 trigesimi
862 1356 960 1390 tertii.
978 1355 1112 1389 Etenim

229 1416 322 1440 anno
343 1405 510 1449 trigelimo
528 1405 672 1443 secundo
696 1430 707 1446 ,
733 1406 789 1439 die
815 1405 969 1450 vigefima
996 1406 1112 1450 quinta

229 1454 424 1492 Decembris
434 1478 446 1494 ,
457 1456 492 1488 in
508 1454 697 1491 Dominicae
710 1455 905 1498 Nativitatis
916 1455 1019 1497 festo,
1033 1455 1117 1489 Pau-

229 1505 283 1539 lus
290 1504 467 1538 Emesenus
478 1503 659 1546 Episcopus
670 1504 872 1540 Alexandria
882 1517 994 1540 coram
1005 1507 1035 1540 S.
1051 1506 1118 1549 Cy·

229 1553 308 1591 tillo
322 1554 369 1588 est
380 1553 422 1588 ad
440 1553 572 1596 plenum
596 1553 757 1598 populum
768 1554 810 1590 de
820 1555 884 1589 fide
897 1567 935 1590 ac
947 1567 1025 1600 pace
1039 1556 1117 1590 sole·

230 1605 353 1640 mniter
361 1604 579 1639 concionatus
589 1627 600 1644 ,
627 1604 769 1649 ideoque
782 1606 886 1640 redire
897 1617 969 1640 non
981 1606 1093 1650 potuit
1105 1630 1115 1645 ,

231 1655 296 1690 nifi
308 1654 344 1688 in
366 1652 504 1689 exordio
515 1655 682 1698 sequentis
695 1656 794 1691 anni.
821 1656 969 1701 Epistola
988 1655 1034 1691 est
1046 1656 1118 1700 scri-

232 1716 290 1756 pta
298 1703 370 1749 post
380 1703 448 1747 ejus
459 1704 600 1748 reditum
614 1730 621 1738 .

427 1864 622 1907 CAPUT
650 1865 925 1914 TERTIUM.
1001 1867 1120 1917 ...78

238 1960 402 2019 Epistola
413 1961 599 2015 Nestorii,
621 1974 735 2014 quam
750 1963 886 2001 direxit
906 1962 1046 2001 Sancto
1059 1963 1124 2008 Jo-

294 2019 382 2058 anni
393 2014 638 2057 Antiocheno
649 2015 838 2071 Episcopo
854 2017 904 2058 de
928 2016 1124 2058 Constan-

295 2073 546 2128 tinopolitana
555 2075 737 2122 Civitate,
750 2071 976 2129 respondens
990 2075 1038 2116 ad
1049 2077 1123 2122 ejus

294 2130 497 2186 Epistolam
506 2160 517 2179 ,
532 2145 644 2186 quam
655 2132 841 2173 direxerat
855 2134 913 2179 ei,
924 2145 1124 2187 antequam

298 2203 383 2230 curn
402 2192 518 2230 tertiis
538 2190 687 2239 Litteris
708 2191 813 2230 Beati
825 2188 968 2243 Cyrilli
980 2190 1126 2244 Episto-

301 2246 375 2287 lam
392 2247 517 2287 Sancti
530 2246 709 2297 Celestini
726 2248 837 2301 Papae
858 2247 1038 2288 Romanae
1052 2248 1125 2288 Ur-

301 2303 361 2344 bis
378 2305 558 2358 acciperet
578 2332 591 2351 ,
629 2304 668 2345 id
691 2303 743 2344 est
763 2333 775 2352 ,
806 2316 1004 2360 antequam
1022 2303 1125 2346 fieret

302 2361 438 2402 Sancta
458 2361 636 2416 Synodus
659 2360 869 2416 Ephefina.

246 2474 314 2514 Deo
332 2467 574 2520 ,Amanttffimo
595 2467 631 2505 ἐν
653 2467 861 2520 Sanfliffimo
877 2469 1130 2517 comministret-2

475 2528 540 2562 tori
557 2529 692 2581 joanni
707 2529 761 2564 Ne
788 2530 898 2565 orius.

342 2650 459 2683 Mnem
470 2660 537 2690 rem
548 2649 676 2685 facilius
687 2659 801 2693 contra
813 2662 866 2691 me
886 2649 928 2685 ab
939 2648 1128 2686 hominibus

368 2700 521 2744 putabam
543 2702 668 2740 moveri
689 2702 798 2745 posse,
825 2701 936 2745 potius
954 2713 1054 2744 quam
1080 2713 1129 2736 ca-

246 2750 410 2788 lumniam
419 2774 430 2789 ,
459 2751 561 2790 veluti
572 2751 612 2785 de
622 2750 749 2786 Pietate
760 2752 852 2793 Fidei
865 2754 947 2786 resta
961 2763 1032 2786 non
1045 2753 1129 2796 sape·

248 2812 318 2835 rem
330 2825 340 2841 ,
364 2802 420 2846 qui
432 2802 531 2845 usque
545 2801 698 2836 hactenus
709 2812 837 2848 propter
849 2813 996 2847 pugnam
1010 2825 1020 2842 ,
1029 2814 1127 2846 quam

247 2861 363 2884 eontra
374 2852 541 2891 universos
552 2850 718 2887 haereticos
739 2851 868 2892 babeo,
893 2852 998 2886 multa
1023 2853 1128 2888 millia

249 2898 470 2938 hostilitatum
492 2911 608 2938 contra
620 2914 674 2937 me
695 2902 838 2942 delector
848 2903 1035 2948 insurgere.
1063 2903 1130 2937 Ve-

249 2960 432 2986 rumtamen
454 2952 487 2988 δε
501 2951 586 2990 hanc
595 2952 811 2991 tentationem
822 2962 952 2997 oportet
963 2964 1040 2988 cum
1052 2964 1130 2999 gau-

250 3000 311 3036 dio
322 3001 493 3045 suffinae,
521 3002 598 3044 quia
607 3002 715 3046 &ipsa
729 3028 741 3045 ,
767 3004 789 3037 fi
801 3004 930 3047 optime
941 3003 1129 3049 vigilemus,

253 3050 295 3084 ad
304 3051 456 3093 pietatem
476 3051 575 3088 nobis
597 3054 735 3089 multam
756 3054 860 3097 potest
882 3055 1032 3089 conferre
1046 3054 1129 3088 fidu·

253 3099 357 3134 ciam.
384 3102 464 3140 Hoc
476 3101 649 3152 veroquod
673 3103 770 3143 nobis
792 3097 923 3145 even‘it,
948 3104 1035 3139 &ad
1045 3104 1127 3145 illud

254 3147 385 3192 proficit
412 3173 423 3190 ‚
448 3161 484 3189 ut
501 3152 634 3190 clareret
655 3178 666 3195 ‚
692 3165 853 3199 quantum
871 3166 930 3198 pro
954 3154 1050 3189 nobis
1072 3165 1127 3196 tua

254 3197 466 3243 Religiofitas
475 3203 615 3247 cogitet.
646 3204 691 3239 Ea
703 3205 814 3248 enim,
841 3216 912 3250 quae
934 3204 975 3239 ad
988 3216 1049 3240 nos
1070 3216 1128 3239 nu-

255 3260 313 3293 per
323 3248 486 3293 scripsxstis
496 3274 507 3291 ,
527 3252 559 3286 &
570 3251 609 3286 ad
620 3252 987 3298 Magnificentiffimum
1000 3254 1126 3296 Christi

253 3299 453 3335 Amatorem
465 3299 643 3344 Irenaeum,
666 3305 789 3344 Filium
804 3306 951 3343 nostrum
969 3330 980 3346 ,
997 3306 1127 3351 insuper

256 3350 293 3383 &
312 3348 352 3384 ad
373 3350 450 3385 Deo
474 3352 681 3390 Amiciffimo
703 3356 883 3401 Episcopos
907 3356 1069 3391 Musaeum
1093 3358 1126 3392 &

256 3399 472 3440 Helladium,
496 3401 649 3438 sinceram
659 3405 742 3439 circa
764 3418 823 3440 nos
846 3416 906 3441 tuae
919 3407 1128 3452 Religiosita·

254 3449 515 3488 tisdilestionem
528 3452 646 3489 clarius
655 3455 866 3501 praedicavere
879 3481 891 3500 ,
916 3468 1018 3500 quam
1029 3456 1106 3494 tuba
1126 3483 1132 3492 .

1161 401 1327 434 universos
1351 401 1508 434 assumere
1529 396 1763 432 authoritatem
1789 399 2039 448 quodammodo

1162 451 1249 485 circa
1265 449 1332 485 haec
1356 450 1447 492 ipsa,
1475 459 1547 492 quae
1573 458 1663 482 mota
1687 450 1762 487 sunt
1780 471 1792 488 ,
1815 459 1967 491 extremae
1985 449 2041 491 de·-

1163 500 1313 541 mentiar,
1343 499 1555 535 fraternitatis
1566 498 1636 533 odii
1650 499 1812 539 credimus
1824 509 1892 539 rem
1910 521 1919 532 .

1214 552 1359 586 Scientes
1378 549 1512 594 quidem
1527 572 1539 589 ,
1560 548 1651 592 quod
1674 549 1778 589 sermo
1797 574 1809 590 ,
1835 561 1904 594 quo
1923 547 2045 589 dicitur
2108 582 2114 585 t

1164 600 1316 633 Theotocos
1334 626 1344 640 ,
1370 601 1388 636 a
1401 600 1513 635 multis
1527 599 1687 639 haereticis
1697 600 1873 641 assumatur
1896 610 1933 636 ut
1945 602 2021 635 suus
2033 623 2043 632 .

1151 636 1360 689 lRetinentes
1374 651 1451 685 vero
1462 676 1473 692 ,
1493 651 1571 696 quia
1594 650 1770 692 nonnulli,
1798 651 1855 695 qui
1878 650 1934 685 hic
1947 651 2021 685 sunt
2034 674 2046 691 ,

1164 697 1250 742 hanc
1263 711 1380 739 vocem
1391 703 1554 741 sumentes
1572 700 1761 743 incautius,
1789 711 1844 745 per
1863 699 1927 735 hoc
1939 700 2047 744 ipsum

1165 751 1201 790 in
1214 749 1378 791 haereticas
1391 773 1402 789 ,
1428 750 1463 783 &
1474 750 1610 785 minime
1626 752 1696 796 pias
1719 751 1944 797 cogitationes
1964 749 2048 784 inci-

1164 801 1266 835 dunt:
1297 799 1342 832 Et
1372 798 1529 842 praecipue
1549 801 1621 835 Arii
1642 803 1678 836 ἀ
1700 801 1903 845 Apollinarii
1926 801 2051 844 impio·

1168 862 1241 885 rum
1260 875 1267 881 .
1297 849 1516 893 Cognoscens
1538 849 1639 892 igitur
1661 863 1702 886 ex
1728 850 1779 887 his
1801 877 1813 894 ,
1837 863 1909 895 quae
1930 850 2051 894 scripfi-

1170 901 1246 942 stis,
1273 909 1310 934 ut
1322 899 1490 938 dixeram,
1521 907 1590 932 tam
1620 898 1858 943 Religiofitatis
1879 913 1942 937 tuae
1953 902 2055 936 bene-

1151 951 1351 995 1v01entiam
1372 951 1456 984 circa
1467 958 1529 983 nos
1543 972 1555 989 ,
1581 959 1681 993 quam
1695 959 1807 983 curam
1829 963 1888 994 pro
1899 952 1968 986 Dei
1991 951 2054 985 Ec-

1169 1001 1271 1035 clefiis
1281 1009 1525 1044 competentem
1536 1023 1547 1039 ,
1576 1010 1631 1042 per
1642 998 1700 1032 has
1711 1009 1798 1032 meas
1809 999 1931 1035 litteras
1941 1002 2055 1041 causae,

1169 1062 1242 1098 qnae
1265 1061 1355 1086 mota
1377 1049 1444 1092 est,
1469 1059 1636 1090 certamen
1649 1049 1772 1084 solvere
1791 1049 1943 1083 festinavi
1966 1050 2055 1096 apud

1169 1102 1313 1138 amicam
1339 1102 1416 1136 Deo
1439 1099 1605 1139 Animam
1627 1098 1786 1140 vestram,
1812 1099 1979 1140 Domine.
2010 1102 2058 1135 Et

1172 1151 1239 1188 hoc
1262 1152 1465 1195 innotescere
1490 1150 1697 1185 intendimus
1719 1174 1731 1191 ,
1751 1150 1828 1194 quia
1850 1151 1973 1191 &ante
1994 1157 2058 1183 tuae

1173 1200 1413 1248 Religiofitatis
1442 1201 1590 1242 litteras,
1615 1211 1652 1236 ut
1674 1201 1721 1235 ita
1731 1198 1895 1241 dixerim,
1924 1199 2005 1233 solvi
2025 1200 2061 1233 ὅ(

1173 1253 1334 1297 egoipse,
1360 1253 1534 1297 respiciens
1562 1253 1641 1295 quia
1664 1251 1836 1296 oportebat
1854 1263 1896 1286 ex
1909 1248 2063 1285 delibera-

1174 1303 1267 1337 tione
1288 1303 1442 1337 0mnium
1464 1303 1611 1337 nostrum
1637 1300 1784 1343 consone
1806 1303 1839 1339 ἀ
1861 1300 2063 1341 unanimiter

1175 1363 1291 1388 vocem
1303 1377 1314 1394 ,
1341 1364 1406 1396 qua
1420 1357 1478 1387 Dei
1491 1356 1637 1389 ,Genirrix
1652 1353 1845 1387 nominatur
1856 1376 1867 1392 ,
1878 1361 2042 1395 exponere
2054 1376 2062 1382 .

1178 1403 1262 1438 Non
1283 1413 1320 1438 ut
1338 1403 1390 1438 vel
1411 1403 1452 1438 ad
1476 1403 1651 1438 modicum
1678 1403 1770 1440 vocis
1781 1402 1876 1446 hujus
1891 1401 2065 1436 Confeffio

1180 1452 1382 1495 differretur,
1408 1453 1462 1487 sed
1485 1464 1522 1488 ut
1534 1454 1619 1488 nulli
1631 1465 1746 1489 eorum
1757 1454 1998 1497 permitteretur
2012 1463 2071 1486 oc-

1181 1504 1267 1547 casio
1283 1527 1294 1543 ,
1318 1503 1377 1548 qui
1402 1514 1470 1549 quae
1484 1504 1550 1538 Dei
1574 1506 1651 1538 sunt
1665 1529 1675 1544 ,
1693 1504 1833 1537 minime
1855 1502 2004 1546 sapiunt,
2030 1511 2069 1535 ut

1182 1555 1269 1599 quast
1278 1566 1337 1598 pro
1348 1553 1414 1588 hoc
1424 1554 1561 1590 nostrafi
1573 1554 1706 1598 capiens
1717 1553 1813 1588 verba
1826 1550 1973 1595 Schisma
1986 1561 2071 1592 con-

1184 1615 1232 1648 tra
1248 1604 1430 1639 Ecclesiam
1443 1606 1566 1642 faceret
1577 1629 1584 1636 .
1615 1601 1620 1606 ”

1233 1653 1323 1695 Puto
1337 1655 1429 1690 enim
1451 1655 1487 1689 dc
1499 1664 1590 1688 tuam
1616 1653 1882 1698 Religiolitatem
1893 1650 2073 1697 cognovis-

1186 1705 1239 1743 se,
1263 1705 1341 1748 quia
1360 1715 1441 1738 mox
1462 1715 1498 1739 ut
1510 1704 1662 1739 venimus
1685 1703 1774 1744 huc,
1801 1702 1928 1747 aliquos
1948 1700 2002 1736 hic
2016 1700 2071 1735 ad÷

1186 1754 1317 1790 versum
1329 1755 1518 1798 semetipsos
1529 1766 1645 1790 eorum
1657 1778 1668 1794 ‚
1694 1755 1752 1799 qui
1761 1755 1802 1789 ad
1815 1754 1992 1788 Ecclesiam
2004 1762 2073 1796 per·

1186 1805 1295 1840 tinent
1317 1830 1328 1846 ,
1356 1805 1509 1840 seditiose
1531 1804 1719 1840 diffidentes
1742 1804 1931 1839 invenimus
1957 1828 1968 1843 ,
1992 1813 2072 1847 quo-

1187 1867 1259 1896 rum
1281 1855 1383 1898 aliqui
1405 1854 1540 1899 quidem
1552 1857 1702 1890 Sanstam
1716 1855 1892 1900 Virginem
1914 1853 2074 1887 Theotocon

1188 1903 1423 1938 tantummodo
1436 1904 1657 1939 nominabant
1668 1928 1680 1944 ,
1706 1904 1763 1938 alii
1778 1902 1852 1938 vero
1867 1908 2006 1939 Hominis
2018 1906 2078 1935 Ge-

1188 1958 1344 1985 nitricem.
1372 1946 1481 1986 Un'de
1499 1962 1676 1997 utramque
1699 1964 1824 1996 partem
1847 1963 1884 1986 ut
1897 1954 2075 1997 diligenter

1188 1998 1404 2046 colligerem,
1430 2000 1624 2049 nullamque
1642 2012 1741 2037 ovem
1753 2026 1764 2041 ,
1790 2001 1858 2045 quo
1881 2000 1985 2044 posset
1998 2000 2078 2046 peri-

1189 2061 1244 2092 re,
1269 2051 1467 2094 despicerem
1481 2076 1492 2092 ,
1522 2052 1605 2087 ficut
1627 2054 1733 2096 ipsum
1756 2051 1930 2087 hominem
1955 2051 2079 2090 Domi-

1190 2112 1270 2136 num
1282 2101 1393 2136 fecisse
1403 2102 1628 2146 conspicimus
1640 2126 1651 2143 ,
1677 2102 1788 2142 Christi
1797 2114 1871 2138 eam
1886 2103 2079 2136 vocavimus

1188 2155 1391 2192 Genitricem,
1418 2160 1454 2186 ut
1474 2151 1542 2194 haec
1567 2165 1634 2188 vox
1648 2164 1826 2199 utrumque
1850 2153 2022 2188 manifeste
2045 2153 2081 2186 st-

1188 2213 1303 2247 gnaret
1314 2226 1325 2242 ,
1338 2202 1372 2235 id
1383 2202 1428 2236 est
1442 2227 1453 2242 ,
1467 2203 1579 2238 Deum
1592 2205 1625 2238 &
1639 2204 1811 2239 hominem
1825 2230 1831 2237 .
1861 2204 1959 2239 Circa
1973 2204 2081 2237 Evan-

1188 2253 1268 2297 gelii
1283 2263 1380 2286 voces
1402 2253 1588 2288 volentibus
1616 2255 1784 2295 conceffi,
1811 2264 1848 2289 ut
1870 2253 1923 2298 pie
1946 2258 2080 2287 Genitri-

1188 2315 1250 2337 cem
1269 2328 1281 2344 ‚
1308 2303 1360 2336 vel
1385 2305 1529 2343 Partica-n
1558 2308 1617 2339 Del
1639 2304 1820 2351 Virginem
1842 2305 2079 2343 nominarent,

1188 2352 1222 2387 id
1246 2353 1317 2394 est,
1344 2364 1449 2397 neque
1477 2355 1563 2389 eirca
1583 2355 1813 2399 Apollinarii,
1838 2365 1946 2400 neque
1967 2357 2081 2388 secun-

1189 2403 1270 2439 dum
1294 2402 1370 2438 Arii
1394 2405 1548 2446 sensum,
1575 2405 1629 2440 sed
1655 2417 1714 2441 nec
1736 2414 1895 2450 tanquam
1907 2405 2079 2440 Divinitas

1193 2453 1379 2498 Unigeniti
1390 2464 1434 2485 ex
1446 2455 1477 2486 S.
1489 2454 1633 2498 Virgine
1648 2456 1826 2498 sumpfisset
1837 2455 1973 2489 initium
1988 2479 1998 2494 ,
2024 2453 2080 2488 sed

1191 2510 1322 2544 propter
1332 2500 1496 2535 unitionis
1509 2502 1673 2537 rationem
1684 2527 1695 2543 ,
1717 2514 1788 2547 quae
1799 2503 1883 2538 facta
1894 2503 1941 2538 est
1953 2515 1995 2537 ex
2009 2503 2081 2546 ipso

1193 2550 1317 2594 Angeli
1330 2560 1452 2585 vocum
1476 2551 1660 2597 principio,
1687 2563 1768 2595 quas
1790 2553 1832 2587 de
1845 2553 2080 2596 Conceptioue

1192 2601 1351 2644 loquutus
1376 2600 1423 2634 est
1438 2625 1446 2634 .
1587 2600 1589 2602 ’
1701 2601 1706 2604 “
1972 2602 1975 2603 ’

1240 2650 1358 2697 Qaeso
1378 2649 1480 2695 igitur
1506 2675 1517 2695 ‚
1543 2660 1581 2686 ut
1599 2651 1803 2697 quiescentes
1825 2652 1867 2687 ab
1888 2651 2080 2695 hujusmodi

1191 2702 1277 2740 curis
1290 2700 1332 2735 de
1344 2701 1439 2737 causa
1451 2702 1596 2745 praesenti
1608 2727 1618 2743 ,
1645 2703 1680 2738 ὅ(
1692 2704 1830 2738 scientes
1842 2703 1920 2748 quia
1942 2714 1996 2745 per
2007 2714 2080 2747 gra·

1193 2750 1274 2791 tiam
1284 2751 1351 2785 Dei
1363 2750 1477 2786 eadem
1497 2752 1531 2786 δε
1544 2752 1708 2796 sapuimus
1720 2754 1842 2797 semper
1855 2778 1865 2794 ,
1891 2753 1925 2787 δε
1938 2753 2079 2797 sapimus

1193 2802 1229 2842 in
1250 2800 1302 2835 his
1319 2811 1388 2848 quae
1410 2800 1616 2846 adpictatem
1639 2803 1734 2839 Fidei
1756 2805 1924 2848 pertinent
1947 2829 1957 2843 ‚
1985 2814 2079 2838 orate

1193 2851 1368 2891 consuete,
1395 2860 1432 2886 ut
1457 2851 1539 2887 &in
1555 2851 1711 2897 hisiplis,
1727 2855 1811 2896 &in
1837 2853 1996 2888 omnibus
2008 2854 2083 2888 reli-

1194 2902 1267 2946 quis
1286 2902 1305 2936 a
1327 2903 1481 2937 Domino
1503 2902 1638 2938 Christo
1663 2905 1873 2948 impetremus
1891 2905 2054 2939 auxilium
2069 2928 2082 2945 ,

1194 2952 1333 2997 &digni
1351 2952 1531 2987 efficiamur
1545 2963 1581 2988 ut
1604 2953 1647 2990 ad
1668 2954 1829 2989 invicem.
1857 2954 2079 2989 Manifestum

1194 3002 1361 3044 estenim,
1387 3004 1465 3048 quia
1486 3003 1582 3038 finos
1605 3005 1746 3040 invicem
1770 3005 1970 3045 viderimus,
1996 3004 2078 3039 dum

1196 3052 1291 3087 nobis
1311 3052 1397 3088 hanc
1422 3055 1523 3098 ipsam
1545 3055 1719 3099 Synodum
1741 3055 1917 3097 donaverit
1937 3080 1949 3096 ,
1976 3065 2079 3098 quam

1195 3105 1357 3148 speramus
1374 3129 1385 3146 ,
1413 3105 1447 3139 δε
1470 3105 1556 3139 istud
1572 3106 1605 3141 &z
1626 3106 1750 3152 reliqua
1774 3116 1986 3152 quaecumque
2011 3105 2081 3139 fieri

1192 3164 1325 3199 oportet
1338 3179 1349 3195 ,
1376 3153 1416 3195 ad
1426 3156 1662 3196 correstionem
1674 3158 1896 3201 generalitatis
1916 3166 2016 3201 atque
2035 3155 2082 3198 ju-

1195 3216 1333 3247 vamen,
1359 3205 1648 3250 absquescandalo
1669 3207 1703 3248 ὃς
1716 3219 1792 3242 cum
1816 3206 1994 3243 concordia
2017 3205 2082 3247 dis-

1196 3267 1377 3305 ponemus,
1403 3267 1439 3291 ut
1462 3257 1577 3291 omnia
1599 3269 1669 3302 quae
1688 3258 1811 3297 fuerint
1836 3257 2012 3299 ordinata,
2038 3266 2081 3293 ex

1194 3306 1366 3341 communi
1386 3307 1420 3341 δε
1433 3306 1606 3342 universali
1623 3309 1766 3343 Decreto
1789 3307 1990 3355 dignitatem
2016 3316 2081 3341 cre-

1195 3357 1343 3396 dulitatis
1354 3356 1535 3401 accipiant,
1560 3358 1594 3392 &
1616 3358 1699 3392 nulli
1718 3360 1926 3394 occasionem
1949 3366 2084 3392 contra-

1197 3407 1351 3442 dictionis
1374 3408 1540 3449 efficiant,
1567 3408 1618 3444 vel
1641 3403 1716 3444 fiad
1729 3408 1815 3445 hanc
1824 3408 1968 3457 omnino
1981 3408 2019 3440 fic
2036 3406 2082 3442 fa·

1198 3457 1270 3494 cilis
1285 3484 1292 3491 .
1319 3458 1373 3494 De
1384 3459 1539 3496 consueta
1550 3459 1627 3496 vero
1643 3458 1804 3507 AEgyptii
1826 3456 2079 3512 praesumptione

1928 3516 2033 3544 maxx-
