2320 3730
608 173 912 224 Senottrs‚
960 186 1021 214 ετ
1058 168 1247 214 Norts
1284 179 1674 213 ILLUSTRATAE.

229 258 434 296 conclusam,
461 264 528 288 non
540 254 559 288 a
570 256 627 288 suo
639 255 808 288 dumtaxat
822 256 921 288 Sacro
936 256 1098 293 Decrem,

232 311 286 346 sed
297 309 394 343 etiam
408 303 448 339 ab
458 306 645 339 executoris
657 306 773 339 Forma
788 305 929 339 Praefeni
941 330 949 337 .

278 356 377 399 Apud
389 355 567 398 Synodalia
590 355 671 389 Asta
694 355 796 388 exstat
818 355 987 398 Imperiale
1006 351 1096 387 exilii

229 408 408 443 Decretum
429 418 437 438 :
466 409 550 439 Licet
569 405 693 446 nostrum
714 417 785 449 erga
803 405 1027 446 Rempublicam
1041 402 1099 442 ,siu-

227 458 313 490 dium
331 454 513 499 conspicuum
528 455 566 496 sit
588 480 598 495 ‚
626 467 684 488 non
703 460 809 491 minori
828 464 931 486 tamen
952 454 1033 486 nobis
1062 450 1099 489 est

226 518 326 546 tum,
352 517 386 540 ut
409 506 615 539 sacro-santia
636 507 746 548 Religio
766 512 834 538 tuta
856 503 983 544 consistat
1003 527 1014 543 ,
1040 512 1100 543 qua

226 558 367 590 videlicet
388 559 408 588 ii
431 556 512 589 nohis
536 554 672 594 custodita
691 563 725 587 in
746 553 873 594 publicis
891 564 1002 595 quoque
1014 550 1097 584 rebus

227 619 279 640 nos
306 608 452 646 adjuvare
479 605 676 647 confidimus.
704 606 811 647 ,Quare
834 613 898 634 cum
925 601 1096 642 Nestorius.

227 657 388 690 Catholicae
412 656 548 697 Ecclesia
568 655 714 698 quondam
737 653 874 686 sacerdos
896 676 906 691 ,
930 663 1006 685 nunc
1028 653 1100 686 verb

225 706 296 749 fidei
322 707 459 739 Proditor
480 731 490 746 ‚
515 713 666 739 tantorum
685 701 828 746 scelerum
855 703 928 735 mole
953 702 1097 745 oppressus

228 766 368 791 teneatur
378 781 387 795 ‚
415 755 597 800 neceffarium
608 752 645 794 est
656 777 667 792 ,
694 762 727 785 ut
738 752 840 792 nostrae
851 754 1026 786 serenitatis
1033 749 1099 795 sen-

229 812 335 841 tentiae
357 805 533 849 subjiciatur
553 828 563 844 ‚
589 805 844 844 calamitatemque
869 802 997 836 moribus
1020 803 1099 834 illius

227 859 323 900 digna
333 862 531 898 opprimatur,
558 862 592 886 ut
603 859 654 896 qui
678 854 860 886 venerandae
884 851 1017 894 Ecclefiae
1033 853 1097 894 Iegi-

227 907 285 940 hus
296 906 420 947 abjectis
432 902 585 946 Haereft’os
598 903 706 936 author
716 902 863 943 exstiterit
873 915 883 944 ;
911 905 945 936 (θ’
956 904 1027 935 dum
1039 902 1098 933 illo-

226 968 315 996 rum,
340 966 411 997 quos
427 955 605 998 proditionis
619 951 686 997 suae
702 951 791 996 socios
806 952 861 994 sibi
871 954 1016 993 adjunxit
1030 976 1040 990 ,
1063 950 1097 992 fi·

225 1007 295 1039 dem
314 1010 441 1046 corrupit
454 1029 465 1045 ,
490 1005 600 1038 alienae
619 1008 814 1044 corruptionis
840 1008 950 1036 crimen
969 1000 1099 1044 insuam

226 1054 313 1098 ipfius
318 1053 476 1097 personam
486 1058 602 1094 recepit.
621 1056 685 1085 Tua
693 1054 821 1093 proinde
829 1052 947 1086 celebris
960 1056 1099 1085 Domina·

224 1112 287 1144 tio,
313 1103 368 1136 bac
395 1105 590 1147 Pragmatica
605 1101 782 1146 sanc‘lione,
802 1102 866 1144 five
883 1104 1027 1145 peculiari
1049 1113 1097 1134 au·

223 1153 368 1188 thoritate
377 1151 486 1199 ostensa
496 1177 507 1193 ,
529 1153 708 1195 praedieium
719 1151 886 1192 Nestorium
905 1153 939 1185 ob
950 1154 1103 1195 admiffirm

224 1205 247 1236 ἃ
256 1202 293 1248 se
311 1208 498 1245 impietatem
510 1209 726 1245 inperpetuum
737 1204 858 1236 exilium
873 1205 982 1236 Petras
997 1204 1101 1243 depor-

224 1260 288 1288 tari
290 1254 401 1295 jubeat
412 1278 423 1296 ,
451 1259 607 1295 omniaque
621 1254 702 1285 illius
725 1252 802 1285 bona
813 1251 947 1294 Eccleffle
960 1251 1099 1291 constan-

223 1305 431 1346 tinopolitanae
461 1303 587 1335 addicat
609 1326 620 1342 ,
645 1313 702 1343 quo
725 1301 911 1345 Augustifflmi
931 1303 1010 1334 illius
1031 1304 1099 1334 Loci

224 1362 314 1397 opes,
341 1356 423 1394 cujus
447 1354 496 1386 ille
507 1354 596 1385 Sacra
614 1352 746 1392 Mysteria
762 1360 856 1393 nuper
862 1353 1020 1393 prodidit,
1047 1363 1098 1386 au-

225 1405 334 1438 c‘liores
354 1404 510 1438 evadant.
536 1405 598 1434 Hac
620 1407 699 1437 enim
722 1407 836 1434 ratione
845 1403 958 1444 Religio
968 1402 1108 1441 Sanc‘liffi·

226 1466 286 1487 mae
299 1454 390 1486 Fidei
411 1457 443 1485 in
465 1451 612 1486 mentibus
635 1450 786 1485 hominum
805 1452 921 1487 intadia
937 1451 1110 1495 persevera-

226 1504 298 1543 bit,
323 1505 467 1545 &Regni
484 1501 572 1541 nostri
583 1501 723 1542 felicitas
745 1503 897 1545 Religione
922 1508 1041 1536 munita
1059 1501 1110 1542 flo-

223 1551 320 1587 rebit.
348 1552 527 1585 Decretum
539 1549 634 1584 habet
657 1549 746 1584 hunc
761 1551 919 1585 Titulum
935 1565 941 1583 :
973 1558 1109 1595 Antigra·

222 1588 324 1646 Pham,
344 1607 600 1644 interpretationis
621 1602 736 1635 Decreti
760 1605 946 1644 Imperatorii
971 1627 982 1643 ,
1003 1601 1109 1644 scripti

225 1654 273 1696 ad
279 1651 419 1695 Ifidorum
429 1676 440 1692 ‚
468 1650 648 1693 PraefeeYum
659 1653 869 1685 Praetoriorum
881 1654 915 1686 (5
928 1650 1083 1694 Consulem
1098 1677 1109 1692 ‚

227 1705 267 1738 de
277 1702 367 1737 exilio
377 1701 525 1742 Nestorii.
554 1702 606 1736 Ex
621 1700 685 1735 hoc
697 1702 820 1736 Titulo
834 1702 967 1746 quidam
979 1702 1110 1736 censent

226 1751 294 1788 hoc
305 1753 488 1787 Decretum
510 1751 573 1785 effe
584 1763 653 1786 non
678 1753 817 1794 primum
829 1778 839 1793 ‚
867 1753 920 1786 sed
933 1752 1109 1797 secundum

226 1814 266 1838 ac
276 1803 433 1838 ultimum
446 1802 487 1836 de
497 1801 644 1836 Nestorii
657 1802 762 1836 exilio
773 1826 780 1834 .
810 1802 943 1846 Utpote
956 1804 1111 1846 scripturn

226 1853 270 1887 ad
291 1853 452 1888 Isidorum
479 1877 490 1892 ,
515 1851 697 1886 Orientalis
728 1852 878 1886 Praetorii
904 1853 1112 1892 Praefesturn,

228 1913 362 1944 unaque
380 1901 561 1935 Consulem
577 1926 584 1932 .
612 1901 692 1933 Hoc
704 1901 748 1933 est
761 1913 851 1934 anno
870 1902 1035 1945 trigesimo
1047 1903 1114 1936 sex-

229 1963 268 1986 to
289 1951 382 1986 istius
401 1950 527 1984 saeculi.
556 1950 623 1985 Isto
645 1950 735 1983 enim
752 1962 842 1984 anno
863 1951 1000 1985 Isidorus
1022 1951 1113 1985 simul

228 2012 306 2035 curn
334 2002 492 2036 senatore
526 2000 591 2034 fuit
628 1998 755 2034 Consul
783 2023 794 2042 ,
821 2000 978 2046 simulque
1004 2001 1115 2036 Praefe-

228 2053 316 2086 Cius.

281 2102 359 2145 Ego
368 2109 478 2134 tamen
488 2099 642 2135 existimo
654 2101 716 2133 esse
739 2099 881 2143 primum
900 2124 910 2139 ‚
934 2111 973 2135 ac
985 2101 1118 2144 praesen-

226 2159 297 2186 tem
309 2150 493 2194 Epistolam
516 2150 609 2185 fuiffe
623 2150 717 2193 ipsius
726 2151 969 2185 executoriam.
996 2150 1053 2186 Ob
1067 2151 1116 2185 di-

227 2202 333 2236 versas
356 2201 521 2235 rationes.
549 2200 659 2234 Prima
681 2200 765 2235 ratio
784 2201 859 2235 sunt
882 2201 969 2235 vatia
983 2201 1132 2235 Decreti-

229 2250 327 2285 verba
348 2253 492 2293 :.,Quare
516 2261 581 2283 cum
609 2249 762 2289 Nestorius
788 2250 949 2284 Catholicae
984 2236 1133 2292 Ecclesiae!

229 2301 380 2344 quondam
402 2300 560 2346 Sacerdos,
586 2310 663 2332 nunc
684 2301 754 2334 vero
771 2300 845 2342 fidei
867 2302 1024 2342 proditor.
1051 2306 1114 2334 Ne·

228 2352 376 2394 cessarium
400 2350 459 2391 est,
485 2360 518 2383 ut
546 2349 647 2390 nostrae
674 2353 850 2389 Serenitatis
872 2350 1030 2394 sententiae
1038 2350 1116 2395 sub-

223 2403 380 2442 jiciciatur
403 2425 409 2432 .
438 2402 501 2443 ,Qui
528 2401 710 2433 venerandis
732 2399 864 2441 Ecclesiae
887 2400 1015 2445 Legibus
1038 2401 1120 2442 abje-

230 2451 307 2488 elis,
338 2448 482 2488 nefandae
507 2447 660 2488 Haereseos
681 2448 791 2486 Autbor
812 2448 920 2486 exstitit
933 2474 940 2480 .
972 2451 1121 2482 Proditio-

231 2503 280 2530 nis
297 2494 352 2538 fibi
368 2495 462 2538 [σεῖο]
485 2496 631 2536 adiunxit
651 2520 658 2528 .
690 2497 799 2529 Fidem
824 2503 952 2539 corrupit
975 2523 982 2531 .
1011 2502 1121 2531 Omnia

230 2549 312 2580 illius
346 2546 423 2578 hona
444 2544 577 2586 Ecclefiae
601 2545 935 2588 Constantinopolitanae
970 2549 1094 2581 addicat
1113 2573 1120 2580 .

220 2596 318 2644 ,Qis
348 2606 416 2629 non
439 2594 549 2631 videat
575 2593 641 2628 haec
663 2596 776 2629 omnia
788 2594 933 2640 dirigiin
947 2598 1117 2631 novellum

228 2658 268 2680 nc
289 2644 474 2679 hesternum
496 2642 771 2686 Haeresiarcham,
799 2645 942 2689 ideoque
964 2647 1027 2680 esse
1049 2647 1119 2689 pri—

228 2706 321 2730 mum
330 2695 509 2729 Decretum
524 2695 540 2726 ἓ
570 2694 614 2728 Et
634 2694 720 2728 certe
743 2695 811 2738 post
824 2695 965 2738 primum
980 2696 1118 2731 exilium

229 2745 403 2780 Nestorius
414 2744 503 2778 nulla
514 2743 629 2779 habuit
638 2744 776 2788 amplius
786 2744 887 2779 bona.
915 2746 1063 2781 Secunda
1075 2758 1119 2782 ra-

231 2796 281 2829 tio
293 2795 337 2828 est
349 2794 566 2829 discordantia
577 2796 731 2838 temporis
745 2821 751 2828 .
780 2795 941 2841 Evagrius
960 2797 1046 2831 inter
1057 2798 1119 2841 pri·

233 2856 324 2880 mum
334 2846 368 2879 &
377 2844 702 2879 secundumNestorii
711 2845 845 2880 exilium
856 2845 972 2881 diserte
981 2847 1118 2882 affirmat

233 2906 373 2939 quatuor
384 2895 555 2929 dumtaxat
566 2905 670 2928 annos
682 2894 891 2930 intercessisse.
900 2896 1000 2944 Qiod
1014 2898 1118 2940 ipsum

231 2945 404 2980 confirmat
415 2944 621 2988 Nicephorus
630 2944 931 2981 Calixtus.Proinde
942 2946 1116 2981 secundum

234 2996 302 3037 ejus
312 2995 448 3029 exilium
462 3006 532 3029 non
559 2994 725 3040 trigesimo
737 2997 847 3038 sexto,
877 2998 930 3031 sed
952 2997 1117 3042 trigesimo

234 3045 350 3086 quinto
375 3045 467 3078 istius
488 3044 592 3078 saeculi
620 3056 709 3080 anno
734 3047 844 3082 evenit
864 3069 874 3086 ‚
903 3047 960 3082 sub
984 3049 1116 3083 decimo

233 3095 351 3137 quinto
372 3093 578 3135 Theodosii,
603 3095 637 3129 &
659 3107 776 3140 quarto
796 3097 977 3132 Consulatu
992 3098 1116 3133 Valen-

234 3143 352 3178 tiniani
375 3144 480 3177 tertii.
508 3145 636 3187 Nempe
655 3156 695 3179 eo
715 3146 785 3189 ipso
797 3159 910 3188 anno,
936 3149 1068 3182 forsitan
1082 3149 1115 3184 &

234 3194 358 3236 eoipso
379 3193 454 3233 die,
483 3205 549 3236 quo
569 3194 668 3229 iidem
692 3196 857 3241 Principes
871 3197 938 3240 ejus
952 3199 1052 3233 libros
1063 3198 1115 3233 da-

234 3252 430 3277 mnaverunt
441 3243 625 3287 adignem-
651 3246 735 3294 Qae
756 3248 870 3282 omnia
891 3250 972 3283 fasta
986 3250 1061 3283 sunt
1076 3247 1115 3283 ad

233 3304 341 3336 preces
362 3293 496 3335 Joannis
523 3293 710 3329 Patriarchae
734 3296 937 3333 Antiocheni
961 3325 967 3332 .
997 3299 1112 3334 Tertia

232 3343 318 3377 ratio
331 3344 375 3377 est
388 3342 605 3377 discordantia
617 3344 783 3381 locorum'.
815 3347 949 3383 Etenim
970 3349 1036 3385 haec
1049 3350 1113 3384 sen-

232 3394 335 3428 tentia
350 3394 384 3428 in
397 3392 508 3429 Petras
523 3419 534 3435 ‚
560 3395 671 3436 utique
692 3395 819 3432 desertae
830 3397 957 3433 Arabiae
969 3425 980 3441 ,
1007 3401 1113 3436 secun-

1906 169 1962 226 83

1165 250 1206 285 da
1227 260 1336 285 autem
1358 250 1518 284 sententia
1540 250 1731 286 Nestorium
1753 250 1907 298 relegavit
1927 252 2039 287 Oafim

1164 302 1196 334 in
1210 300 1364 337 desertam
1378 300 1522 344 Lybiam
1544 323 1555 339 ‚
1580 300 1721 346 ideoque
1741 313 1864 337 certum
1889 303 2017 336 videtur
2030 327 2041 343 ,

1162 352 1250 395 quod
1263 350 1330 388 haec
1350 352 1510 386 sententia
1529 351 1566 384 sit
1578 352 1729 384 omnium
1744 353 1863 396 prima.
1892 352 1966 389 Nec
1984 352 2043 388 ob-

1161 401 1205 434 est
1227 402 1380 436 adductus
1400 402 1468 445 ejus
1492 400 1645 435 Titulus.
1675 401 1744 434 Hic
1769 401 1857 434 enim
1868 403 2042 443 postmodo

1162 452 1205 484 est
1231 451 1396 494 adjundius
1417 453 1435 486 ὲ
1457 451 1676 494 synodalium
1695 450 1855 487 Actorum
1867 451 2043 494 Compila-

1162 512 1232 535 tore
1244 527 1254 543 ,
1280 502 1336 546 qui
1356 502 1515 537 Isidorum
1537 501 1698 537 honorare
1711 501 1824 536 volens
1838 524 1848 540 ‚
1875 501 1909 534 &
1922 500 1988 544 ejus
1996 503 2044 535 di-

1161 553 1302 595 gnitates
1323 553 1476 587 omnibus
1496 553 1601 587 facere
1625 562 1740 592 notas,
1765 553 1796 585 ei
1827 550 1990 593 adscripfit
2011 552 2044 586 δε

1164 601 1317 635 Consulis
1336 603 1512 645 Timlum,
1539 614 1577 638 ac
1586 601 1743 636 Praefeffl.
1771 601 1863 635 Hinc
1876 600 1980 643 plures
1993 613 2047 644 pu-

1163 660 1273 684 tarunt
1294 653 1472 687 Decretum
1493 652 1556 687 hoc
1582 654 1644 687 effe
1667 652 1746 686 anni
1764 651 1920 696 trigesimi
1945 651 2047 684 sexti.

1214 700 1358 748 Qaestio
1370 705 1413 737 est
1428 727 1438 742 ‚
1463 703 1648 751 Qomodo
1659 703 1838 740 Decretum
1849 701 1970 746 releget
1984 701 2050 734 Ne-

1163 750 1298 784 storium
1310 751 1344 783 in
1358 749 1488 792 Petras,
1514 765 1614 796 quem
1640 752 1728 787 certo
1742 751 1870 786 constat
1883 751 1978 785 fuiffe
1989 750 2050 786 ab·

1162 800 1293 835 duetum
1319 800 1353 833 in
1378 801 1471 833 suum
1491 803 1597 836 Sancti
1616 801 2049 846 EuprepiiMonastet-sium?

1164 851 1242 884 Hoc
1263 850 1354 884 enim
1365 861 1434 883 non
1449 850 1534 883 solus
1546 863 1587 883 ex
1609 853 1677 894 ipso
1694 852 1850 887 Nestorio
1863 852 2025 896 Evagrius
2038 875 2050 890 ,

1162 900 1213 934 sed
1229 901 1263 934 ὃς
1278 901 1312 934 in
1324 899 1464 938 laudatis
1491 899 1535 933 adr
1545 898 1740 943 Ephefinam
1753 900 1924 945 Synodum
1936 901 2049 935 litteris

1163 951 1296 985 testatur
1307 952 1440 984 Sanctus
1454 949 1639 984 Celestinus
1662 950 1835 985 Pontifex.
1863 951 2050 999 Qomodo

1163 999 1231 1036 haec
1244 999 1406 1034 cohaerent
1420 1000 1436 1031 ἓ
1463 1000 1663 1043 Respondeo
1687 1001 1811 1042 exponi
1830 999 2051 1045 aNicephoro

1164 1050 1304 1086 Calixto
1331 1065 1341 1085 .-
1369 1050 1521 1090 Nestorius
1549 1049 1742 1092 blasphemiae
1757 1047 1824 1091 suae
1862 1050 2053 1091 defenfionem

1160 1100 1293 1145 firipfit.
1322 1105 1358 1134 tn
1382 1112 1419 1135 ea
1441 1099 1537 1142 refert
1558 1099 1743 1140 Theodosium
1762 1106 1884 1141 propter
1907 1100 2056 1143 commise-

1167 1158 1312 1185 rationem
1336 1152 1467 1193 primi'cm
1501 1151 1687 1193 rejet‘lionem
1709 1153 1776 1192 ejus
1805 1147 1986 1182 authoritate
2002 1148 2058 1191 sua

1168 1212 1225 1234 non
1235 1201 1429 1244 confirmasse.
1453 1200 1508 1234 Ubi
1529 1203 1600 1235 vero
1611 1199 1750 1243 Episcopi
1775 1201 1899 1242 quidam
1910 1198 2058 1239 Constan-

1169 1254 1322 1294 tinopolim
1346 1252 1488 1294 venissent
1502 1276 1512 1292 ,
1538 1261 1572 1285 ut
1595 1258 1626 1288 in
1640 1251 1847 1291 monasterium
1854 1248 1920 1292 sum
1931 1258 2061 1282 reverte-

1166 1310 1271 1341 retur3
1290 1302 1460 1345 permissum
1480 1307 1508 1335 ei
1531 1303 1583 1344 effe
1615 1327 1622 1333 .
1650 1301 1753 1346 Igitur
1780 1299 1993 1335 Theodosius
2019 1298 2061 1333 ad

1169 1351 1349 1390 multorum
1377 1377 1388 1393 ,
1414 1351 1532 1396 quibus
1561 1349 1781 1387 Haerefiarcha
1808 1363 1878 1385 non
1909 1348 2058 1389 carebat,

1170 1402 1366 1436 Amicorum
1377 1413 1488 1446 preces
1501 1402 1667 1447 mitigavit
1680 1403 1872 1436 sententiam
1889 1426 1898 1441 ‚
1925 1402 1959 1435 ὅ(
1983 1398 2064 1433 Ara-

1170 1451 1231 1489 biae
1245 1452 1358 1487 Petras
1369 1454 1507 1487 mutavit
1530 1454 1564 1486 in
1585 1453 1653 1496 ejus
1666 1452 1907 1487 Monasterium
1920 1477 1927 1487 ‚
1957 1450 2064 1483 Nice-

1171 1500 1293 1546 phorus
1311 1514 1352 1537 ex
1376 1503 1520 1547 Evagrio
1534 1527 1545 1542 ,
1573 1503 1731 1547 Evagrius
1745 1504 1803 1536 ista
1815 1501 1926 1535 scribit
1938 1513 1979 1534 ex
1995 1500 2065 1542 ipso

1175 1552 1350 1586 Nestorio.
1377 1553 1421 1587 Et
1445 1552 1523 1586 hinc
1548 1552 1697 1587 videmus
1719 1554 1852 1586 cunstos
1875 1550 1943 1593 ejus
1961 1549 2064 1583 libros

1171 1603 1279 1636 statim
1291 1612 1359 1637 non
1373 1604 1466 1640 fuisse
1480 1602 1613 1636 exustos
1627 1627 1637 1642 ,
1663 1602 1717 1636 sed
1733 1602 1895 1645 quosdam
1920 1609 2066 1642 perman-

1171 1653 1236 1687 siffe
1258 1654 1358 1697 usque
1380 1653 1421 1687 ad
1442 1661 1569 1686 aetatem
1600 1650 1750 1696 Evagrii.
1779 1650 1873 1698 Qin
1901 1648 2007 1682 imm&
2029 1648 2066 1680 in

1171 1702 1339 1746 Spirituali
1351 1703 1450 1739 Prato
1464 1702 1606 1744 Joannes
1619 1701 1756 1735 Moscus
1780 1701 1876 1734 refert
1889 1701 1945 1732 suo
1958 1695 2066 1732 adhuc

1174 1752 1488 1797 temporequosdam
1518 1751 1722 1795 superfuisse.
1755 1751 1798 1785 Et
1810 1749 1960 1784 adversus
1973 1748 2067 1782 istam

1173 1803 1336 1838 sententiae
1370 1803 1615 1848 mitigationem
1642 1800 1865 1845 potentissime
1892 1798 2068 1834 intercedit

1174 1865 1229 1896 per
1250 1855 1342 1896 supra
1370 1852 1523 1886 adductas
1544 1853 1668 1886 litteras
1688 1853 1822 1885 sanstus
1834 1851 1921 1892 Papa
1933 1849 2070 1884 Celesti-

1175 1912 1236 1935 nus
1248 1927 1256 1934 .
1287 1903 1381 1936 Datae
1393 1903 1467 1935 sunt
1479 1900 1591 1935 Idibus
1605 1901 1736 1934 Martiis
1748 1924 1759 1940 ,
1773 1900 1832 1944 suh
1845 1899 1936 1933 AEtii
1949 1912 1987 1933 ac
2000 1898 2069 1933 Va-

1175 1951 1246 1986 lerii
1257 1951 1463 1990 Consulatu,
1490 1962 1580 1985 anno
1602 1950 1693 1985 istius
1720 1950 1826 1985 saeculi
1839 1950 2004 1994 trigesimo
2017 1949 2067 1982 se-

1174 2000 1286 2037 cundo
1306 2024 1318 2040 ‚
1342 2000 1468 2035 dudum
1499 2001 1571 2043 post
1612 2000 1755 2033 solutam
1777 2001 1951 2043 Synodum
1972 2022 1981 2030 .
2013 1998 2069 2031 Et-

1174 2051 1267 2086 enim
1287 2062 1329 2084 ex
1349 2051 1418 2094 ipsa
1431 2049 1534 2084 redux
1546 2051 1680 2084 Sanetus
1702 2048 1850 2091 Cyrillus
1860 2049 1906 2083 est
1921 2048 2068 2082 Alexan-

1174 2101 1280 2135 driam
1302 2101 1460 2145 ingressus
1484 2100 1538 2134 die
1561 2100 1725 2144 trigesima
1761 2099 1916 2135 Ostobris
1938 2124 1944 2131 .
1973 2099 2067 2132 Hinc

1175 2151 1311 2193 quaestio
1330 2151 1376 2184 est
1414 2175 1425 2191 ,
1452 2150 1640 2198 Qomodo
1661 2149 1820 2184 Pontifex
1847 2158 1947 2184 ‘tunc
1986 2149 2065 2182 scri-

1177 2202 1273 2245 pserit
1312 2200 1354 2235 ad
1393 2201 1567 2244 Synodum
1609 2202 1622 2238 .)
1659 2201 1861 2244 Respondeo
1898 2199 2070 2243 rescripfis-

1176 2253 1209 2287 se
1237 2251 1279 2285 ad
1302 2251 1504 2285 Maximiani
1527 2251 1605 2284 novi
1627 2250 1714 2294 apud
1736 2250 2065 2293 Constantinopolim

1179 2301 1333 2346 Episcopi
1355 2301 1539 2345 Synodicas
1551 2326 1563 2343 ‚
1589 2301 1696 2335 miffas
1714 2312 1770 2344 per
1792 2301 1954 2344 Ioannem
1973 2299 2067 2334 Pres-

1177 2352 1332 2395 byterum
1355 2362 1392 2386 ac
1406 2351 1591 2398 Epidietum
1613 2352 1826 2387 Diaconum.
1854 2352 1930 2385 Hos
1943 2349 2068 2384 Domi-

1179 2403 1259 2436 nicae
1279 2402 1472 2437 Nativitatis
1500 2402 1615 2436 diebus
1634 2402 1780 2437 Romam
1802 2401 1955 2436 advectos
1967 2401 2067 2434 remi-

1179 2451 1214 2481 fit
1227 2450 1414 2482 Dominicae
1425 2451 1683 2484 Resurrectionis
1693 2462 1846 2494 tempore.
1876 2451 1980 2484 Porro
1995 2450 2065 2484 Ma·

1179 2497 1342 2531 ximianus
1352 2499 1445 2534 suita
1466 2500 1586 2542 septem
1601 2497 1769 2543 Ephesinae
1792 2499 2069 2543 SynodiLegatis

1180 2548 1385 2583 consecratus
1397 2572 1408 2588 ,
1435 2548 1522 2582 inter
1532 2560 1615 2591 quos
1626 2559 1693 2583 erat
1704 2560 1781 2585 cum
1802 2548 1959 2592 Philippo
1974 2550 2069 2583 Pres-

1182 2598 1298 2641 bytero
1323 2597 1423 2631 etiam
1456 2598 1616 2632 Arcadius
1640 2598 1820 2642 Episcopus
1845 2623 1856 2639 ,
1882 2599 2012 2642 Papalis
2033 2599 2069 2633 in

1147 978 1151 1020 l

1181 2647 1320 2690 Synodo
1342 2646 1512 2683 Vicarius.
1539 2647 1684 2682 Proinde
1704 2649 1737 2682 &
1760 2649 1810 2682 isti
1827 2650 1915 2683 suam
1927 2649 2068 2692 Synodi·
2100 2661 2102 2665 ’

1178 2708 1249 2732 cam
1263 2697 1414 2732 miserant
1427 2722 1438 2738 ,
1464 2698 1497 2733 &
1508 2696 1594 2732 haud
1617 2696 1716 2732 dubie
1730 2698 1994 2742 praestolabantur
2006 2699 2069 2733 Pa-

1179 2748 1251 2791 pale
1274 2748 1500 2792 Rescriptum.
1530 2747 1587 2782 An
1615 2747 1780 2792 Projetstus
1802 2749 2005 2793 Episcopus,
2032 2750 2066 2783 &

1180 2799 1245 2842 ipse
1259 2797 1472 2842 Apostolicus
1491 2799 1526 2832 in
1550 2799 1691 2844 Synodo
1702 2798 1878 2839 Vicarius,
1905 2808 1985 2833 tunc
1998 2800 2068 2833 Ro·

1179 2860 1267 2882 mam
1292 2848 1454 2889 rediisset,
1481 2849 1620 2894 ignoro.
1651 2849 1825 2896 Qidquid
1850 2850 1906 2889 sit,
1936 2859 2064 2883 certum

1177 2898 1221 2932 est
1235 2899 1361 2940 Synodi
1373 2897 1620 2934 dissolutionem
1631 2911 1712 2935 tunc
1724 2910 1792 2934 non
1806 2899 1899 2933 fuisse
1911 2899 2063 2943 ignotam

1177 2947 1353 2983 Pontifici.
1379 2948 1523 2984 Proinde
1542 2950 1576 2984 in
1597 2950 1659 2984 suis
1673 2950 1786 2984 litteris
1799 2961 1852 2994 per
1865 2948 2062 2991 Ephesinam

1177 2998 1349 3042 Synodum
1371 2999 1528 3044 intelligit
1547 3003 1623 3035 osto
1636 3000 1703 3043 ejus
1715 3000 1855 3045 Legatos
1869 3023 1876 3030 .
1904 2999 1978 3032 Nec
1997 2999 2062 3033 sine

1179 3050 1396 3084 fundamento
1410 3075 1417 3083 .
1446 3050 1581 3085 Etenim
1602 3050 1758 3094 synodus
1779 3051 1849 3094 ipfis
1862 3049 1977 3091 utpote²
1990 3048 2063 3086 Ple-

1178 3100 1420 3143 nipotentiariis
1430 3100 1596 3145 delegarat
1607 3110 1741 3135 omnem
1765 3101 1855 3134 suam
1875 3098 2060 3134 authorita-

1176 3159 1261 3184 tem.
1291 3150 1328 3183 ln
1351 3150 1438 3185 hisce
1451 3150 1736 3187 Celestinilitteris
1749 3149 1892 3187 nutando
1911 3149 2059 3183 suntista

1178 3200 1272 3234 verba
1294 3201 1334 3234 de
1361 3200 1575 3236 Antiochena
1595 3201 1754 3236 Ecclesia:
1786 3199 1989 3244 Adspiciamus
2004 3201 2059 3232 di-

1175 3251 1334 3294 ligentius,
1361 3253 1436 3293 quid
1455 3253 1514 3284 illle
1532 3252 1635 3295 poffint
1655 3260 1764 3293 parere
1778 3252 1881 3292 ‚'quae
1907 3250 1966 3283 illic
1985 3248 2057 3292 sunt

1177 3310 1248 3334 ante
1267 3309 1423 3343 concepta.
1452 3301 1628 3336 Affirmant
1652 3302 1842 3336 Nestorium
1865 3300 1965 3335 etiam
1982 3299 2056 3332 An-

1177 3350 1326 3391 tiochiae,
1356 3361 1531 3395 antequam
1558 3351 1680 3390 veniret
1702 3350 2029 3393 Constantinopolim
2044 3371 2055 3386 ³

1177 3400 1266 3436 fuisse
1302 3401 1499 3437 Haereticum
1533 3427 1541 3436 .
1579 3402 1714 3448 Utpote
1749 3402 1822 3438 istic
1858 3399 2056 3480 dissiffulum

1427 3453 1430 3459 .
1953 3457 2006 3481 eo,
