2320 3730
644 217 1061 273 ScHoL11s‚er
1096 212 1290 260 Nor1s
1327 224 1730 259 irtusriza'rffl.

232 301 408 337 tribulatio,
434 304 487 331 aut
507 297 640 342 angustia
664 301 720 333 (vc.
750 297 802 330 Ex
814 296 933 340 quibus
945 295 1034 330 vides
1046 294 1119 330 istas

233 350 341 385 Sancti
364 345 546 392 Augustini
568 347 699 381 Phrases
722 347 814 381 fuiss‘e
834 348 955 396 semper
974 355 1121 383 commu-

234 410 293 434 nes
302 424 314 440 ,
339 398 439 433 etiam
457 398 621 433 Orientali
633 397 779 433 Ecclesiae
791 422 800 434 2

389 612 430 656 c
444 612 489 657 A
502 611 538 655 P
553 609 601 655 u
613 606 655 654 T
690 609 939 657 CLXXIX.
975 615 1118 667 --267

234 749 518 815 hiterpretatz'o,
553 747 700 815 inquit
724 783 736 806 ,
771 748 952 814 Praeceptz'
976 748 1119 812 Magi-

308 817 380 864 stri
405 817 587 866 Militum
609 817 776 881 Diorytsti
786 853 799 877 ,
835 835 949 883 quam
962 814 1120 883 scripsit

295 886 362 933 -ad
384 884 649 952 Clarffmum
673 886 847 942 Judicem
863 885 1034 957 ficundae
1052 886 1119 930 Ci-

309 955 401 1004 Iiciae
415 993 426 1006 .

238 1118 241 1121 «
336 1092 427 1127 Ivina
448 1091 629 1130 authoritas
646 1107 704 1140 per
727 1095 978 1130 annotationem
999 1092 1127 1128 terribi-

360 1142 424 1177 lem
447 1143 622 1179 Meletium
644 1170 654 1186 ,
690 1145 861 1188 quondam
883 1145 1121 1188 Mopsuestenae

237 1193 381 1227 civitatis
395 1193 615 1237 Episcopum,
643 1196 677 1229 in
701 1194 858 1229 Melitina
870 1195 988 1239 degere
1010 1193 1124 1228 Arme·

238 1244 305 1277 niae
315 1242 498 1277 Provinciae
509 1244 642 1279 civitate
653 1245 800 1289 praecepit
810 1270 817 1277 .
847 1244 1007 1287 Susceptis
1022 1244 1123 1289 igitur

238 1292 511 1336 praeceptionibus
535 1294 652 1329 nostris
672 1320 684 1336 ,
721 1294 810 1329 lestis
832 1293 909 1329 veto
935 1296 969 1329 ἀ
990 1290 1124 1328 Divinis

239 1343 435 1384 Respoufis,
463 1355 534 1387 quae
547 1345 581 1377 in
601 1345 702 1379 miffis
713 1344 930 1390 praefulgent,
956 1343 1125 1379 obseruare

238 1392 340 1426 debes
363 1404 431 1435 quae
452 1394 494 1428 ab
516 1394 701 1429 Immortali
722 1394 844 1429 sancita
867 1395 942 1428 sunt
970 1394 1124 1435 Vettice,

241 1451 339 1475 utens
352 1443 483 1476 militari
505 1443 623 1479 solatio
645 1445 686 1480 ad
710 1445 771 1480 iter
781 1444 869 1479 idem
881 1469 893 1486 ‚
919 1445 942 1478 fi
963 1444 1028 1479 tale
1040 1444 1125 1478 sola-

241 1492 330 1525 tium
341 1494 549 1527 neceffatium
563 1493 646 1529 forte
670 1495 864 1539 perspexeris
877 1519 889 1535 ,
915 1493 1126 1529 admonendo

241 1542 359 1589 utique
381 1541 526 1577 nostrum
553 1542 747 1584 vicarium,
775 1555 812 1578 ut
834 1554 1025 1587 competens
1048 1544 1127 1578 sola-

238 1591 327 1628 tinn
337 1591 530 1633 deputetur,
545 1591 586 1626 ad
600 1604 698 1635 quem
710 1593 752 1626 de
762 1590 825 1626 hac
838 1602 927 1635 parte
940 1592 1129 1636 scripsimus.

242 1640 405 1724 (anmvis
424 1648 647 1689 competenter
669 1643 812 1679 sufficere
831 1642 958 1678 Civiles
984 1643 1128 1679 Ordines

242 1700 281 1724 ar
305 1701 462 1726 itremur.

435 1848 908 1895 ScHoL1oN.

357 1991 427 2027 AEc
447 1992 611 2037 Epistola,
638 1995 692 2028 seu
710 2005 901 2039 praeceptum
912 1994 1055 2030 ostendit
1065 2005 1130 2039 pre·

380 2055 432 2077 ces
443 2068 453 2083 ‚
480 2055 559 2087 quas
569 2042 718 2078 adversus
728 2046 910 2080 latitantem
931 2047 965 2079 in
976 2046 1133 2087 Mopsue·

240 2091 351 2124 :stienfi
378 2092 536 2126 Parochia
554 2117 565 2132 ,
586 2105 625 2126 ac
651 2093 746 2127 isthic
773 2093 902 2127 turbida
939 2094 1129 2127 molientem

242 2141 420 2175 Meletium
442 2141 627 2176 Patriarcha
651 2142 792 2184 Joannes
809 2144 948 2182 fecerat,
974 2144 1067 2177 fuiffe
1079 2154 1131 2176 ex·

241 2191 372 2225 auditas
394 2191 435 2223 ab
458 2191 609 2234 Augusto
629 2189 842 2224 Theodosio.
871 2192 1041 2226 Porroille
1053 2193 1127 2225 rele·

241 2250 340 2284 gatus
359 2240 404 2272 est
427 2238 623 2272 Meletinarn
645 2262 655 2277 ‚
683 2239 915 2273 custodiendus
942 2241 984 2273 ab
1003 2241 1129 2273 Acacio

241 2288 341 2323 isthic
366 2289 554 2332 Episcopo,
579 2287 839 2322 constantissimo
861 2289 1027 2323 defensore
1044 2289 1130 2322 initae

243 2339 335 2383 pacis
355 2351 392 2373 ac
416 2336 570 2381 Ephesini
593 2338 754 2372 Concilii.
786 2339 910 2372 Divina
923 2340 956 2373 id
970 2339 1046 2373 fecit
1060 2351 1128 2381 pro·

243 2388 413 2428 videntia,
438 2387 528 2430 quod
550 2388 706 2421 Meletius
728 2387 796 2420 illic
817 2390 952 2431 propriis
976 2388 1080 2423 oculis
1093 2400 1130 2422 ac

244 2437 375 2471 autibus
395 2438 520 2471 audiret
541 2437 706 2471 &videret
718 2437 810 2471 suum
828 2438 1130 2472 Theodorumana·

245 2486 469 2522 thematizari.
497 2486 544 2520 At
565 2499 605 2520 an
632 2488 699 2530 ipse
713 2485 868 2529 quosdam
883 2486 979 2522 isthic
992 2487 1132 2522 anathe-

244 2537 327 2570 mati
348 2537 587 2571 recalcitrantes
600 2537 780 2580 Episcopos
799 2549 867 2571 non
879 2538 1062 2572 accenderit
1074 2548 1130 2572 aut

243 2587 384 2627 foverit,
411 2588 505 2620 novit
529 2586 652 2620 Divina
680 2587 846 2629 Sapientia
865 2611 872 2619 .
905 2587 1009 2622 Porto
1028 2594 1131 2630 prima

245 2635 436 2676 authoritas,
461 2639 580 2668 Divina
602 2634 751 2678 Responsa
768 2661 778 2676 ,
803 2640 978 2670 immortalis
1001 2643 1108 2671 Vertex
1121 2663 1131 2678 ,

243 2686 371 2729 aliaque
394 2684 428 2719 id
445 2696 548 2729 genus
568 2686 642 2718 sunt
656 2685 801 2719 Romani
815 2685 971 2731 Augusiae
983 2687 1132 2731 Maiesta-

244 2735 289 2768 tis
308 2734 397 2768 tituli
418 2759 428 2774 ,
455 2734 604 2769 adversus
627 2746 711 2777 quos
733 2735 908 2779 aliquando
931 2749 1000 2772 non
1026 2738 1131 2772 defuit

245 2784 481 2819 murmuratio.
509 2784 583 2817 Nec
605 2783 672 2817 sine
692 2786 892 2820 rationibus.
920 2787 1023 2823 Olent
1040 2789 1129 2822 enim

246 2845 408 2879 paganam
433 2832 612 2877 superbiam
636 2856 647 2872 ‚
672 2844 742 2876 quae
772 2834 939 2881 Augustos
965 2836 1129 2881 Principes

245 2882 456 2918 dementabat
477 2884 512 2918 in
535 2884 645 2917 Deos.
674 2888 830 2918 Annotatio
841 2888 982 2921 terribilis
1003 2888 1047 2922 est
1060 2899 1128 2921 mo-

243 2934 319 2968 dica
342 2946 397 2978 per
421 2933 580 2977 propriam
590 2933 750 2977 Principis
761 2946 893 2971 manum
905 2938 1026 2982 signata
1036 2938 1129 2972 Sche-

244 2983 310 3024 da,
337 2983 465 3026 qualem
489 2982 707 3018 Theodoteto
729 2985 891 3030 mifitipse
901 2988 1129 3027 Theodofius,

245 3031 327 3066 dum
338 3032 441 3075 ipsum
453 3034 537 3069 intra
549 3034 727 3076 Cyrensetn
745 3035 921 3072 Civitatem
934 3039 1128 3073 circumscri-

247 3082 308 3126 psit
332 3083 450 3117 exilio.
480 3083 790 3120 Eratexecutorium
802 3085 914 3130 prioris
931 3089 1030 3125 Sacrae
1041 3099 1127 3123 com-

248 3142 467 3169 monitorium
478 3157 487 3166 .

560 3285 594 3310 a·
783 3286 817 3314 a·

546 3309 611 3369 ³⁶5
766 3310 833 3370 ‘³63'

342 3428 544 3474 §bruhliupi
555 3434 654 3474 opera
665 3435 698 3465 T.
707 3437 774 3468 VH.

1892 232 1987 279 ‚341

1357 370 1399 416 C
1411 371 1455 418 A
1468 368 1558 413 Pu
1570 365 1612 414 T
1647 368 1868 417 CLXXX.
1902 373 2059 418 ---268

1186 509 1344 553 Domino
1375 525 1451 556 meo
1478 512 1558 553 Deo
1583 503 1845 570 Amiciffimo‚
1880 510 1937 551 Θ*
1965 512 2060 554 San-

1286 573 1471 641 Hiffinw,
1506 577 1653 643 inquit
1678 613 1692 636 ‚
1729 579 1846 622 Patri
1871 574 1963 624 Ale-

1437 647 1586 694 xandro
1629 643 1811 714 Epifiopo

1559 720 1678 764 Titus
1687 750 1700 762 .

1281 836 1554 878 Uemadmodum
1574 842 1783 879 Sanaitatem
1817 851 1908 878 tuam
1942 842 2065 885 semper

1304 892 1459 931 peculiari
1483 905 1594 928 amore
1620 894 1848 935 dilexerimus,
1873 894 1908 928 δε
1930 902 2067 936 magno·

1332 952 1406 983 pere
1416 942 1549 987 obsequi
1571 943 1601 978 ei
1614 944 1846 988 sategerimus,
1871 941 2067 977 arbitramur

1184 988 1332 1032 &ipsam
1343 990 1428 1024 clare
1439 992 1529 1026 nosse
1540 994 1634 1028 rebus
1645 1005 1686 1027 ex
1698 993 1769 1037 ipsis
1782 1018 1788 1025 .
1818 995 1909 1041 Qia
1921 992 2022 1036 igitur
2032 990 2068 1024 δε

1188 1050 1274 1073 nunc
1294 1051 1336 1073 ex
1347 1039 1461 1075 eadem
1489 1042 1661 1075 voluntate
1674 1043 1876 1084 detinemur,
1902 1044 1936 1076 ὅ(
1957 1042 2068 1075 secun-

1187 1088 1266 1122 dum
1276 1089 1445 1124 Christum
1457 1091 1720 1135 Religiositatem
1730 1101 1820 1125 tuam
1832 1093 1999 1135 egregiam
2010 1089 2071 1123 de*

1186 1138 1356 1173 sideramus
1372 1139 1529 1180 existere,
1555 1141 1715 1185 dignare,
1741 1139 1932 1175 sanctissime
1953 1140 2078 1179 Domi-,

1188 1199 1254 1229 rie,
1280 1189 1332 1223 vel
1354 1201 1462 1232 nunc,
1489 1202 1566 1224 cum
1586 1189 1759 1233 susceperis
1781 1189 1902 1224 litteras
1927 1188 2072 1227 nostras,

1189 1239 1436 1274 communicare
1464 1242 1584 1276 San-{io
1610 1239 1854 1284 Catholicoque
1880 1239 2039 1273 Concilio
2062 1262 2074 1277 ‚

1191 1287 1368 1323 secundum
1388 1290 1529 1326 Divinas
1552 1291 1588 1325 δε
1609 1290 1788 1327 adorabiles
1810 1290 1928 1324 litteras
1947 1315 1953 1321 .
1983 1288 2075 1323 Nam

1190 1338 1224 1372 ὅ(
1235 1340 1440 1374 sanffiffimus
1448 1340 1681 1376 Theodoretus
1690 1364 1702 1380 ,
1726 1341 1760 1375 ὅ(
1770 1339 1982 1375 sanffiffimus
1994 1338 2077 1373 Hel·

1192 1388 1296 1423 ladius
1308 1413 1318 1429 ‚
1340 1390 1375 1424 ὅ(
1387 1392 1464 1432 alii,
1491 1393 1547 1435 qui
1560 1391 1600 1426 ad
1610 1391 1781 1427 modicum
1793 1391 1967 1425 voluerunt
1989 1390 2076 1432 sepa-

1192 1449 1259 1473 rare
1273 1441 1393 1483 seipsos
1403 1441 1444 1476 ab
1454 1440 1519 1476 hoc
1531 1442 1648 1477 Sandto
1661 1441 1817 1476 Concilio
1829 1467 1839 1482 ‚
1861 1441 2074 1486 agnoscentes

1193 1487 1282 1531 quod
1302 1490 1348 1524 est
1370 1491 1604 1533 inrecusabile‚
1630 1493 1665 1527 δε
1680 1491 1772 1536 quod
1798 1492 1844 1525 est
1858 1490 2076 1534 impoffibile‚

1193 1539 1227 1572 ὅ(
1242 1540 1332 1583 quod
1347 1541 1504 1584 placitum
1517 1544 1593 1577 Deo
1605 1565 1614 1581 ‚
1642 1543 1675 1576 &
1686 1544 1762 1586 quia
1782 1541 1955 1575 universali
1976 1541 2080 1582 Syno-

1194 1589 1239 1623 do
1250 1600 1400 1633 oporteat
1422 1590 1553 1626 obedire
1565 1618 1575 1633 ,
1600 1592 1635 1625 δε
1646 1591 1872 1635 Imperialibus
1894 1590 2077 1623 Sanstioni-

1196 1639 1254 1673 bus
1266 1664 1276 1680 ,
1302 1640 1320 1673 ὲ
1333 1640 1494 1676 discordia
1507 1641 1643 1684 quidem
1655 1641 1847 1676 recesserunt
1857 1664 1868 1680 ,
1896 1639 2080 1674 communi-

1196 1700 1311 1724 carunt
1322 1701 1431 1725 autem
1442 1693 1559 1725 Sanctae
1574 1692 1608 1725 ἀ
1621 1690 1803 1725 Catholicae
1813 1690 1951 1734 Synodo
1962 1715 1969 1722 .
1997 1689 2076 1723 Hoc

1196 1748 1306 1774 autem
1317 1741 1420 1775 facere
1432 1750 1524 1776 tuam
1533 1741 1741 1776 Sanstitatem
1754 1739 1977 1784 praeomnibus
1986 1750 2081 1783 opor-

1197 1789 1308 1829 tebat,
1335 1802 1403 1834 quae
1415 1792 1586 1825 manifeste
1606 1791 1701 1825 novit
1711 1801 1780 1831 res,
1806 1791 1841 1824 ὅ(
1861 1799 2008 1833 tempore
2031 1789 2077 1824 est

1199 1841 1365 1883 provesta.
1395 1841 1705 1885 Rogamusigitur,
1731 1851 1774 1874 ne
1793 1839 1952 1883 despicias
1974 1850 2080 1883 preca-

1201 1889 1299 1923 torias
1321 1891 1620 1933 praesenteslitteras
1632 1892 1776 1931 nostras,
1801 1901 1863 1924 nec
1887 1888 1942 1924 des
1964 1890 2078 1924 locum

1200 1938 1364 1981 Diabolo,
1391 1940 1699 1976 volentidiscordias
1713 1950 1828 1975 contra
1840 1941 1977 1975 sanctam
2001 1951 2081 1974 con-

1198 1989 1504 2034 substantialemque
1523 1991 1701 2025 immittere
1712 1990 1936 2031 Trinitatem3
1965 1990 2019 2023 sed
2044 1999 2081 2023 ut:

1199 2039 1371 2073 conculces
1390 2041 1521 2074 aculeos
1541 2041 1609 2084 ejus
1625 2065 1635 2080 ,
1662 2041 1695 2074 δε
1718 2038 1930 2073 concordiam
1949 2038 2078 2081 synodi

1199 2088 1320 2122 Sanctae
1342 2089 1494 2132 recipias.
1524 2090 1611 2124 Nam
1633 2090 1655 2122 fi
1675 2089 1745 2132 post
1769 2088 1826 2122 has
1847 2088 1969 2122 litteras
1992 2099 2078 2122 meas

1198 2139 1356 2172 Sanctitas
1367 2147 1420 2173 tua
1434 2140 1467 2171 in
1479 2138 1639 2172 dilatione
1650 2138 1818 2182 perstiterit
1829 2161 1840 2177 ,
1867 2139 1979 2182 eisque
1991 2150 2081 2172 com-

1197 2188 1364 2219 municare
1374 2188 1518 2219 noluerit
1528 2211 1538 2225 ‚
1566 2187 1665 2219 claret
1674 2187 1762 2229 quod
1777 2198 1844 2219 non
1857 2188 1893 2219 sit
1911 2189 1950 2220 de
1962 2198 2078 2224 caetero

1196 2235 1404 2268 necessatium
1416 2235 1552 2267 Divinis
1573 2234 1689 2267 litteris
1702 2259 1709 2266 .
1740 2234 1871 2279 Utique
1883 2235 2079 2279 apertepraeq

1196 2284 1347 2326 cipiunt,
1373 2294 1407 2317 ut
1419 2283 1453 2316 hi
1465 2283 1520 2327 qui
1542 2284 1662 2317 Sanstae
1672 2284 1807 2327 Synodo
1830 2286 2077 2320 communicare

1196 2333 1382 2376 noluerint,
1409 2333 1443 2367 in
1454 2334 1589 2368 exilium
1600 2335 1617 2370 a
1632 2335 1743 2370 sanetis
1759 2335 1908 2373 Ecclesiis
1922 2336 2079 2380 repellan-

1196 2394 1247 2419 tur
1259 2409 1265 2416 .

1397 2489 1877 2540 SCHOLION.

1195 2630 1371 2715 HAEc
1383 2634 1527 2677 Epistola
1539 2637 1584 2670 est
1598 2637 1691 2682 plena
1704 2643 1887 2675 reverentiae
1911 2652 1986 2685 erga
1999 2640 2075 2676 Ale-

1325 2684 1499 2719 xandrum.
1529 2687 1606 2721 Erat
1622 2688 1710 2722 enim
1724 2689 1902 2734 Episcopus
1913 2692 2009 2725 senex
2020 2690 2077 2725 do-

1192 2733 1259 2765 &us
1272 2757 1283 2771 ‚
1309 2733 1343 2765 δ(
1363 2745 1418 2777 per
1436 2737 1548 2771 omnia
1567 2738 1773 2772 venerabilis.
1801 2739 2008 2784 Hincipsum
2023 2742 2075 2784 Jo-

1191 2792 1291 2815 annes
1314 2782 1498 2820 Patriarcha
1520 2798 1589 2820 non
1604 2789 1764 2831 primum,
1791 2790 1937 2824 sedinter
1951 2792 2073 2832 postre-

1191 2843 1262 2866 mos
1282 2831 1368 2874 ,iuffit
1390 2834 1485 2877 ejici.
1516 2837 1660 2880 Speravit
1681 2839 1821 2872 aliorum
1843 2840 1993 2882 exemplo
2011 2850 2073 2873 ter-

1190 2882 1328 2917 rendum
1349 2883 1639 2930 &corrigendum.
1666 2889 1759 2921 Hinc
1770 2888 1810 2921 ad
1832 2888 1937 2931 ipsum
1949 2890 2071 2924 Comes

1189 2932 1274 2966 misit
1287 2931 1343 2966 has
1365 2934 1435 2968 suas
1444 2933 1707 2977 humanissimas,
1733 2948 1770 2971 ac
1790 2938 2021 2973 fimuldivinas
2031 2952 2069 2974 ac

1188 2982 1370 3017 adorabiles
1389 2985 1528 3019 litteras.
1555 2986 1664 3020 Credo
1685 2988 1778 3022 fuisse
1803 2987 1893 3028 illas,
1920 3000 1999 3032 quas
2011 2990 2068 3032 Jo-

1188 3043 1287 3066 annes
1298 3033 1461 3075 speciatim
1472 3044 1584 3069 contra
1599 3036 1823 3071 Alexandrum
1835 3063 1845 3078 ,
1873 3039 2069 3074 Helladium

1188 3094 1225 3116 ac
1235 3082 1486 3118 Theodotetum
1499 3085 1696 3127 impetrarat.
1729 3087 1821 3121 Hinc
1837 3087 1935 3123 Titus
1946 3087 2065 3124 horum

1187 3133 1335 3177 exemplo
1357 3145 1494 3168 conatur
1515 3134 1610 3168 istum
1623 3137 1800 3171 inflectere.
1828 3137 1968 3173 Praesens
1986 3140 2066 3174 item

1188 3182 1332 3224 Epistola
1354 3185 1496 3218 ostendit
1517 3183 1639 3219 Titum
1657 3186 1826 3223 Comitem
1848 3188 1942 3224 fuiffe
1963 3188 2067 3224 virum

1186 3243 1256 3267 non
1279 3244 1377 3278 parvo
1399 3235 1499 3269 fluctu
1522 3235 1768 3272 Christianum.

1608 3418 1805 3486 Ff3'
1941 3435 2018 3476 CA.-
