2320 3730
599 167 912 219 sonorus,
958 176 1023 211 ετ
1057 160 1252 209 Nous
1291 171 1684 210 ntusrnarnt.

204 254 274 298 jure
295 251 428 289 merito.
456 249 525 282 Hic
552 248 643 282 enim
657 248 813 285 articulus
822 257 892 286 erat
903 246 1005 285 totius
1016 257 1095 280 con-

206 303 366 339 tentionis
387 299 640 336 fundamentum
650 312 666 346 ,-
692 299 736 338 Et
757 299 799 333 ad
824 300 931 343 ipsum
951 296 1096 337 Aeacius

206 352 323 399 Ephesi
336 348 564 388 instantiffime
574 347 812 395 acaelofissrme
821 348 1006 391 contulerat
1022 357 1094 392 orn-

206 414 264 443 nes
274 403 346 435 suas
358 400 440 434 vires
462 410 560 446 atque
570 400 694 445 auxilia
703 425 711 436 ‚

253 449 403 495 Epistola
413 462 476 487 nos
487 451 584 495 docet
596 451 722 496 aliquid
734 449 913 495 singulare.
940 447 1072 492 Nempe
1083 472 1095 488 ,

203 501 295 547 quod
317 501 496 546 Imperator
512 498 725 545 Theodosius
747 510 862 544 pacem
875 497 983 541 statim
995 499 1095 532 fuerit

204 561 361 588 executus
371 576 382 591 ,
408 551 548 595 ideoque
558 552 684 586 reverso
695 551 736 596 ad
749 552 780 585 se
790 548 951 584 Tribuno
965 547 1096 583 Aristo?

201 602 260 637 lao
281 602 405 643 dederit
425 602 462 635 in
486 602 652 637 mandatis
665 625 676 641 ,
701 609 738 636 ut
758 601 895 634 cunctos
905 597 1095 634 Orientales

205 646 390 702 Episcopos
409 651 620 695 compelleret
640 651 681 685 ad
693 650 794 694 ipsam
820 650 856 683 in
868 648 933 683 suis
946 647 1096 688 Ecclefiis

205 701 439 747 publipandam
465 700 493 744 ,“
511 702 546 737 &
572 700 760 745 solemniter
791 696 1095 743 anathematizanda

182 790 184 793 ,
199 752 354 796 'Nestorii
367 753 522 798 dogmata
533 776 541 785 .
567 751 751 797 Aristolaus
762 748 839 785 vero
851 749 982 784 videtur
1000 748 1098 792 cespi-

206 805 285 839 taffe
301 827 314 845 ,
339 813 396 838 aut
417 803 549 846 tardasse
570 827 578 838 .
607 802 703 850 Qin
727 799 832 835 immo
858 800 987 835 videtur
1007 798 1096 842 quas·

206 854 284 895 dam
302 846 464 896 ‘Ecclesias
484 852 663 896 praeteriiffe
688 876 696 895 e
722 851 803 886 Hoc
825 850 932 895 palam
960 848 1093 895 edicunt

204 899 276 941 haec
291 902 386 938 verba
398 916 405 936 :
433 906 513 947 ¹Rogo
524 904 619 946 zelum
630 911 715 938 tuum
725 909 759 935 ut
764 910 822 944 pro
833 900 947 936 cunHis
969 898 1095 942 aequali-

205 961 254 989 ,ter
266 955 295 985 E
297 951 399 995 celestis
430 959 535 1001 cogites
546 977 557 994 ‚
583 955 617 999 ab·
631 963 682 987 nec
691 951 851 997 quamlibet
863 948 1020 998 Ecclefiqm
1033 946 1095 992 des-

201 1007 303 1047 picias
324 1028 331 1036 .
346 1005 349 1007 ’
363 1003 437 1046 Nec
458 1003 543 1046 istud
570 1004 607 1041 {it
628 1003 748 1035 mirum
762 1026 769 1033 .
797 998 984 1046 Aristolaus
1006 1000 1095 1035 enim

203 1052 399 1096 quibusdam
421 1053 457 1094 in
483 1050 633 1095 Ecclefiis
642 1049 858 1094 praevidebat,
888 1061 927 1085 ac
939 1048 1027 1093 haud
1041 1047 1097 1093 du-

190 1099 260 1136 'bie
282 1102 385 1142 fuerat
407 1109 557 1146 expertus
583 1101 762 1146 pertinaces
775 1112 812 1135 ac
825 1099 952 1146 validos
965 1098 1095 1143 obices.

204 1150 251 1185 Et
261 1149 330 1194 ipso
343 1149 483 1195 suoloco
495 1149 681 1193 videbimus
695 1161 733 1184 ac
745 1160 953 1197 exponemus
967 1174 974 1182 .
1001 1149 1096 1194 Hinc

204 1200 309 1247 igitur
331 1199 474 1246 Aeacius
492 1201 598 1246 Sane‘ci
622 1200 876 1246 Cyrilli‘zelum
895 1199 1097 1240 obtestatur,

205 1261 244 1286 ut
267 1249 354 1297 hane
374 1262 441 1286 rem
454 1262 523 1296 non
546 1248 758 1301 negligataut
769 1249 967 1297 dissimulet:
996 1249 1096 1289 Nem-

206 1300 247 1346 pe
258 1311 294 1336 ut
307 1301 475 1347 Aristolao
486 1300 645 1346 adjungat
659 1300 818 1345 quosdam
829 1299 847 1341 ἐ
859 1300 922 1336 suis
936 1299 1075 1344 Clericis
1086 1323 1098 1340 ,

207 1352 266 1397 qui
278 1352 381 1396 ipsum
393 1352 539 1397 animent
550 1353 585 1386 &
596 1351 753 1395 adjuvent
764 1375 775 1391 ,
785 1350 951 1386 deducant
963 1360 1016 1394 per
1028 1361 1095 1385 om·

207 1413 266 1437 nes
289 1402 439 1445 Orientis
459 1401 758 1447 Ecclefias‚'atque
780 1400 827 1435 ita
840 1402 976 1435 cunctos
987 1411 1096 1434 earum

207 1453 391 1496 Episcopos
410 1451 639 1496 constringant
666 1452 707 1493 ad
719 1450 883 1498 publicam
899 1450 1098 1499 praedicatio-

207 1514 286 1542 nem
310 1503 431 1546 praefati
458 1500 696 1537 anathematis.
724 1503 726 1507 '

258 1554 408 1600 Qaestio
422 1552 489 1592 est,
516 1551 701 1599 Qomodd
719 1551 861 1587 Aeacius
882 1550 994 1593 dicat,
1020 1553 1102 1590 Sane·

208 1603 297 1642 stum
323 1603 490 1645 Cyrillum
512 1601 596 1636 inter
606 1602 695 1646 pacis
705 1603 859 1637 articulos
870 1602 1044 1645 postulaffe
1055 1610 1101 1637 ate

207 1651 477 1698 queobtinuiffe‚
502 1662 539 1686 ut
563 1663 678 1686 omnes
689 1651 876 1687 Orientales
888 1651 1042 1696 Episcopi
1053 1652 1100 1684 so·

208 1703 363 1745 lemniter
385 1701 698 1744 anathematizarent
721 1714 844 1738 nomen
871 1703 906 1738 &
926 1702 1100 1747 dogmata,

208 1765 280 1787 non
303 1752 403 1795 solius
423 1752 572 1787 Nestorii
594 1778 605 1795 ‚
631 1753 687 1788 sed
708 1754 810 1796 etiam
833 1751 1099 1797 Mopsuestienfis

209 1801 387 1845 Theodori
399 1804 416 1836 ἒ
440 1802 623 1851 Qomodo
635 1804 723 1846 dicat
734 1803 854 1846 horum
866 1804 1019 1845 omniurn
1029 1814 1099 1837 exe-

210 1853 382 1892 cutionem
407 1855 501 1894 suifle
523 1854 692 1888 Aristolao
703 1853 934 1888 demandatam
946 1853 964 1885 ὲ
976 1852 1100 1889 Princi÷

210 1905 275 1948 pe?
301 1903 437 1938 Etenim
450 1913 576 1939 certum
587 1904 632 1937 est
643 1928 654 1944 ‚
683 1904 771 1948 quod
783 1905 818 1938 in
840 1904 927 1945 pacis
939 1895 1097 1946 'Ilragtatu

210 1953 302 1988 nulla
320 1952 359 1994 fit
382 1954 464 1987 facta
476 1952 810 1994 Theodorimentim
838 1954 973 1990 Sanetus
991 1953 1099 1998 Cyril-

209 2003 262 2042 lus
284 2004 319 2037 in
332 2002 493 2046 Ephefina
513 2002 650 2047 synodo
673 2005 736 2039 fuit
747 2002 830 2039 adeo
840 2003 966 2046 alienus
979 2004 997 2045 a
1010 2004 1097 2044 dam-

209 2053 324 2094 nando
333 2051 509 2096 Theodori
525 2054 682 2095 nomine,
712 2062 748 2090 ut
759 2053 892 2099 quidem
914 2053 983 2096 ejus
997 2053 1099 2087 scele-

209 2114 315 2138 ratum
327 2102 522 2147 Symbolum
535 2102 740 2142 damnaverit
749 2125 761 2142 ‚
775 2099 822 2137 'at
833 2101 876 2136 de
899 2101 968 2145 ejus
992 2100 1098 2135 nomi-

207 2165 252 2189 ne
261 2152 386 2195 nullam
398 2152 574 2198 permiserit
590 2152 659 2187 fieri
674 2151 867 2193 memoriam
882 2175 891 2184 .
918 2152 962 2186 Et
985 2151 1026 2185 ab
1037 2148 1098 2186 hac

209 2200 442 2247 dispensatoria
463 2202 602 2246 Epikeja
623 2202 724 2236 etiam
739 2199 916 2245 postmodo
927 2200 1007 2239 dum
1022 2212 1098 2244 prae-

208 2257 282 2288 sens
295 2253 437 2292 Aeacius
446 2262 483 2286 ac
497 2251 674 2293 Edessenus
686 2251 855 2292 Rabbulas
866 2248 1095 2291 solemnisfime

208 2302 528 2345 anathematizarant
539 2299 783 2343 Theodorum,
805 2301 864 2335 diu
887 2299 1012 2342 censuit
1028 2298 1098 2332 nul-

210 2353 376 2388 laratione
389 2350 628 2392 recedendum.
655 2351 735 2393 Dici
748 2350 873 2399 posset,
899 2349 990 2395 quod
1013 2348 1099 2384 Aca-

210 2404 281 2437 cius
296 2402 474 2442 Theodori
485 2401 659 2442 anathema
679 2412 722 2436 ex
733 2399 813 2435 tunc
824 2402 859 2434 in
880 2409 990 2439 rnente
1003 2398 1099 2433 habe-

210 2462 260 2486 ret
274 2476 285 2492 ,
310 2451 453 2502 ideoque
473 2449 514 2484 ad
538 2450 778 2494 praeparandam
798 2450 850 2485 illi
873 2450 961 2488 viam
974 2448 1099 2483 fitusus

211 2511 281 2536 arte
292 2514 304 2535 .·
330 2501 435 2549 Qod
447 2500 644 2536 fimulaverit
660 2501 691 2534 se
701 2499 748 2540 ita
758 2499 916 2534 audivisse
927 2521 938 2538 ,
963 2499 997 2535 δε
1011 2497 1097 2533 hauc

210 2553 334 2586 famam
344 2550 459 2591 Sancto
472 2550 604 2594 Cyrillo
613 2550 758 2584 retulerit
769 2563 781 2582 :
808 2547 1007 2593 Respondeo
1017 2547 1100 2583 Aca·

210 2602 301 2635 cium
315 2600 408 2641 fuiffi:
429 2600 533 2639 virum
555 2597 656 2645 longe
667 2598 906 2638 Sanstiffimum
918 2622 929 2639 ,
955 2597 1098 2641 ideoque

210 2659 373 2685 remotum
393 2648 435 2690 ab
457 2648 641 2690 istiusmodi
663 2648 804 2686 artibus.
832 2647 978 2684 Proinde
998 2649 1099 2689 credo

210 2712 316 2735 veram
341 2700 405 2742 effe
429 2697 516 2741 hanc
550 2699 661 2740 nescio
685 2698 778 2743 cujus
804 2698 1097 2740 subnotationem,

211 2763 283 2796 quae
306 2751 446 2788 affirmat
465 2749 642 2791 Theodori
664 2761 788 2784 nomen
812 2749 907 2784 fuisse
917 2748 1095 2792 postmodo

211 2801 373 2845 adjectum
389 2800 408 2835 ὲ
431 2798 650 2841 δεξὶαιοκὶδιιε
673 2798 835 2844 Eutychis
857 2811 895 2834 ac
921 2799 1096 2834 Dioscori.

211 2850 283 2885 Aut
293 2851 393 2885 etiam
415 2849 456 2889 ab
473 2850 548 2886 aliis
559 2873 571 2890 ‚
596 2849 710 2891 multis
721 2862 758 2892 ac
769 2849 863 2886 variis
879 2873 891 2897 ³.
915 2848 1095 2892 Theodori

210 2901 390 2939 osoribus.

264 2951 343 2986 Alia
356 2951 490 2996 quaestio
510 2950 557 2991 est
569 2974 579 2990 ,
608 2948 791 2997 Qomodo
804 2949 946 2987 Aeacius
965 2951 1098 2986 damna·

212 3001 238 3035 ri
254 3025 265 3041 ,
290 3001 325 3039 ἀ
337 3002 499 3045 compesci
512 3000 652 3046 postulet
662 3011 718 3035 eos
727 3025 738 3043 ,
764 3002 868 3048 quiin
881 3001 1016 3037 Christo
1028 3003 1098 3036 Do-

212 3051 308 3085 mino
322 3051 391 3095 post
412 3052 596 3090 unitionem
617 3050 830 3095 praedicabant
849 3050 929 3089 duas
952 3062 1096 3092 naturas.

212 3100 395 3137 Praesertim
408 3100 712 3143 Germanicienses,
737 3113 814 3137 cum
835 3102 960 3139 duabus
972 3103 1094 3137 naturis

213 3150 424 3195 praedicantes
443 3151 580 3190 unicum
602 3150 733 3188 filium?
759 3152 808 3187 Ea
821 3153 912 3193 enim
923 3153 969 3192 est
984 3152 1097 3187 ortho-

213 3200 303 3234 doxa
315 3212 352 3234 ac
365 3201 473 3235 lucida
487 3202 601 3239 veritas
614 3224 621 3233 .
649 3202 844 3246 Respondet)
868 3202 954 3242 banc
968 3202 1094 3247 Episto—

213 3249 279 3284 lam
290 3250 431 3285 omnino
441 3252 503 3286 effe
520 3251 612 3289 illam
634 3250 735 3301 ipsam
747 3276 759 3293 ,
784 3253 826 3294 ad
844 3264 943 3298 quam
961 3254 1094 3294 Sanetus

214 3299 362 3344 Cyrillus
385 3300 538 3346 rescripsit
559 3301 678 3347 longas
698 3302 771 3343 istas
791 3314 829 3338 ac
845 3304 988 3342 eruditas
1009 3304 1095 3339 litte-.

213 3361 264 3391 ras
273 3374 284 3392 ‚
310 3350 472 3388 exstantes
501 3352 538 3388 in
549 3351 644 3388 tertia
655 3361 744 3398 parte
756 3351 912 3399 Ephefini
922 3354 1070 3391 Concilii
1081 3379 1094 3396 ,

1867 182 1967 231 227

1152 257 1192 286 ac
1203 246 1382 288 refutantes
1393 244 1510 280 omnia
1522 256 1714 290 argumenta
1726 274 1737 290 ‚
1761 251 1941 297 omniaque
1957 266 2038 290 con-

1154 296 1257 338 vitia,
1283 295 1433 340 adversus
1453 306 1566 343 pacem
1588 296 1691 340 sparsa
1714 298 1755 337 ab
1775 304 1842 346 ejus
1854 304 2038 340 osor-ibus.

1156 347 1280 391 Unum
1302 346 1489 391 convitium
1507 343 1606 395 terat,⁴
1628 345 1719 390 quod
1738 349 1880 394 Joannes
1903 355 2042 393 Patriar-

1156 395 1239 438 cha,
1267 409 1305 432 ac
1323 396 1382 442 ipsi
1405 396 1597 441 obedientes
1617 395 1806 441 Orientales
1830 401 1984 449 Episcopi
2001 406 2040 440 iu

1156 447 1214 481 suo
1225 447 1301 491 fidei
1314 447 1430 483 libello
1442 473 1455 490 ,
1479 459 1549 490 non
1570 447 1683 493 minus
1703 448 1802 493 quarn
1814 448 1989 496 Nestorius
2002 456 2040 496 in

1159 497 1312 533 Domino
1324 499 1554 542 profiterentur
1563 498 1645 541 duas
1656 499 1726 544 post
1739 499 1976 544 adunationem
1987 515 2041 539 na-

1157 558 1243 582 turas
1253 572 1265 588 ‚
1293 547 1433 594 ideoque
1444 550 1575 584 Sanetus
1586 549 1734 593 Cyrillus
1755 550 1844 595 pacis
1864 562 1975 594 amore
1986 552 2045 588 de-

1159 598 1326 633 scendisset
1340 600 1374 634 in
1388 599 1619 636 Nestorianam
1632 599 1868 645 blasphemiam
1880 626 1888 635 .
1915 602 2043 638 Eadem

1157 647 1244 689 sama
1256 650 1390 691 pervasit
1413 661 1548 685 omnem
1569 650 1900 695 Constantinopolim
1913 677 1921 685 .
1951 652 2045 688 Hinc

1159 697 1226 739 ipsa
1253 698 1396 735 offensus
1419 700 1605 746 Eulogius,
1620 702 1740 736 Sanffi
1764 702 1886 745 Cyrilli
1907 702 2045 746 Presby-

1160 757 1207 787 ter
1218 757 1257 780 ac
1269 746 1495 791 Apocrisarius
1511 775 1522 790 ,
1547 751 1588 795 ad
1602 752 1696 794 illum
1710 751 1852 796 scripsit:
1880 752 2046 796 Expofitto-

1159 808 1227 830 nem
1237 820 1248 836 ,
1275 808 1365 839 quam
1378 801 1548 841 orientales
1551 802 1692 843 fecerunt
1703 826 1714 844 ‚
1740 801 1962 844 reprehendunt
1973 815 2047 837 non-

1159 846 1255 886 nulli,
1280 858 1315 880 αι·
1336 849 1438 884 ,dicunt
1450 873 1461 889 ,
1489 851 1693 892 ‚Quamobrem
1708 848 1941 895 'Aleaandrinus
1964 856 2047 896 Epi·

1154 895 1258 945 scopus
1272 899 1415 932 toleravit
1438 900 1503 943 illos
1514 924 1525 940 ‚
1551 911 1586 933 ac
1597 902 1737 936 laudavit
1748 908 1839 937 etiam
1852 928 1864 944 ,
1889 915 1954 939 cum
1966 904 2048 941 duas

1161 955 1289 986 naturas
1311 950 1526 984 nominarunt?
1553 953 1619 995 ,Qui
1637 960 1736 984 autem
1746 953 1914 992 Nestorium
1930 952 2048 998 sellan·

1160 1005 1232 1038 tur,
1258 999 1363 1032 eadem
1385 998 1528 1042 &ipsum
1549 999 1660 1042 sentire
1669 1002 1848 1042 contradunt
1861 1027 1872 1042 ,
1896 1015 1988 1048 eaque
1998 1016 2050 1039 ra-

1160 1053 1236 1089 rione
1244 1049 1310 1081 illos
1323 1073 1334 1088 ,
1359 1054 1410 1093 qui
1421 1051 1522 1093 mmi'u
1533 1053 1669 1092 acc-urata2
1680 1062 1742 1085 rem
1749 1057 1918 1093 percipiunt
1931 1078 1942 1093 ,
1967 1055 2050 1088 abri-

1156 1103 1247 1142 pium
1269 1103 1302 1142 in
1315 1096 1404 1141 sacrm
1421 1097 1620 1144 sententiam.
1650 1100 1878 1143 Clamitabant
1900 1102 2051 1138 Nestorii

1161 1148 1284 1193 dogma
1295 1147 1360 1192 jam
1372 1148 1413 1183 ab
1424 1149 1494 1193 ipso
1506 1149 1640 1193 Cyrillo
1665 1152 1728 1188 effe
1739 1149 1913 1186 admistum
1934 1153 1968 1186 <St
1981 1164 2052 1196 pur-

1160 1209 1293 1242 gatum.
1321 1198 1428 1233 Porro
1452 1199 1567 1235 Aeacii
1598 1200 1746 1245 Epistola
1767 1199 1814 1242 est
1835 1201 1952 1245 scripta
1974 1212 2054 1237 ante

1160 1247 1221 1291 bos
1231 1260 1377 1284 rumores
1387 1273 1395 1281 .
1425 1250 1559 1285 Etenim
1570 1250 1593 1296 s!
1606 1251 1746 1296 scivisset
1753 1251 1806 1285 vel
1818 1250 1967 1287 audiisset
1979 1252 2055 1288 istas

1161 1308 1258 1339 voces
1282 1301 1346 1334 effe
1365 1298 1518 1344 probatas
1538 1301 1574 1336 in
1597 1302 1686 1346 pacis
1710 1301 1870 1344 TraCtatu
1895 1326 1907 1343 ,
1934 1313 2056 1348 nequa-

1160 1348 1257 1392 quam
1279 1349 1456 1393 postularet
1479 1352 1562 1396 ipsas
1584 1351 1856 1395 anathematizari
1868 1363 1924 1400 per
1935 1363 2053 1393 omnes

1162 1398 1328 1441 Ecclefias.
1356 1400 1612 1438 Sanstustamen
1631 1402 1779 1450 Cyrillus
1789 1401 1870 1446 dum
1882 1402 1931 1444 illi
1943 1403 2057 1438 rescri-

1161 1450 1219 1499 plit
1243 1474 1254 1489 ,
1280 1450 1359 1486 istos
1379 1461 1527 1497 rumores
1548 1451 1692 1493 omnino
1713 1463 1846 1497 noverat
1870 1478 1882 1495 ,
1910 1452 2054 1498 ideoque

1162 1510 1237 1534 eum
1248 1499 1343 1543 plene
1365 1501 1494 1537 instruit
1506 1527 1513 1535 .
1541 1502 1756 1545 Demonstrat
1777 1504 1866 1548 quod
1879 1503 2055 1538 Nestorius

1163 1549 1405 1593 hypostaticam
1425 1552 1587 1587 unionem
1608 1563 1766 1598 negaret,
1791 1552 1935 1596 duasque
1948 1552 2057 1597 hypo-

1163 1601 1257 1640 stases
1272 1611 1311 1634 ac
1323 1601 1411 1645 filios
1430 1601 1537 1645 aperte
1551 1602 1788 1654 dogmatizaret
1800 1626 1810 1642 ,
1835 1604 1870 1636 δε
1881 1601 2055 1647 adjungit:

1162 1649 1231 1693 Etsi
1247 1652 1377 1695 duarum
1398 1661 1579 1686 naturarum
1601 1659 1739 1695 unionem
1765 1651 1888 1698 fac‘Jam
1909 1652 2060 1694 praedice-

1162 1712 1229 1743 mus
1241 1725 1253 1741 ‚
1279 1713 1372 1734 unum
1385 1710 1489 1745 regmen
1501 1701 1652 1744 cbsistum
1666 1727 1677 1743 ‚
1704 1704 1738 1741 β·
1747 1712 1841 1746 unum
1854 1702 1969 1742 filium
1979 1727 1991 1744 ,
2019 1704 2057 1738 ὁ·

1161 1763 1252 1785 unum
1263 1754 1423 1787 Dominum
1443 1753 1767 1798 proprieprofitemur.
1798 1752 1947 1795 Exponit
1957 1752 2058 1788 ιιιιίο-

1161 1801 1212 1836 nis
1225 1802 1483 1842 sublimitatem,
1508 1803 1749 1838 &concludm
1777 1805 1972 1846 ,Quapropter
1995 1815 2058 1849 ea,

1160 1864 1198 1885 ex
1209 1853 1316 1895 quibus
1339 1852 1379 1892 est
1388 1864 1465 1885 unus
1485 1864 1520 1886 ac
1536 1851 1618 1895 filus
1632 1854 1733 1886 Filius
1755 1863 1790 1886 ac
1801 1854 1948 1886 Dominus
1953 1855 1987 1897 J
1988 1851 2058 1896 esus

1160 1901 1318 1946 Christus,
1343 1902 1570 1946 cogitationibus
1582 1904 1731 1946 complexi
1741 1925 1752 1941 ,
1777 1902 1853 1935 duas
1866 1903 1986 1945 quidem
2001 1914 2060 1937 na-

1158 1961 1243 1994 turas
1251 1957 1354 1992 unitas
1374 1952 1426 1995 effi’
1438 1954 1565 1986 dicimus
1580 1976 1591 1992 ,
1617 1954 1724 1986 vert'cm
1736 1952 1800 1994 post
1811 1953 2028 1986 adunanonem
2040 1976 2058 1994 ,

1159 2004 1241 2041 velut
1249 2001 1375 2048 sublata
1377 2003 1449 2044 jam
1460 2008 1494 2035 in
1507 2003 1585 2036 duat
1590 1999 1735 2045 stellione,
1744 2012 1836 2034 unam
1847 2001 1897 2043 effe
1905 2002 2059 2036 credimur

1155 2053 1214 2094 filu
1225 2062 1387 2096 naturam,
1414 2061 1572 2095 tamquam
1582 2057 1672 2086 unlus
1686 2052 1793 2087 veram
1815 2055 1990 2094 incarnati,
2016 2063 2054 2088 ac

1159 2099 1354 2144 inhumanati
1369 2098 1388 2133 .’

1209 2150 1364 2191 Affirmat
1375 2150 1486 2196 plura.
1516 2150 1655 2193 Primo,
1682 2154 1773 2195 quod
1787 2154 1977 2190 Dominicae
1997 2154 2055 2190 na&

1159 2211 1237 2243 turae
1250 2211 1459 2244 nequaquam
1474 2212 1530 2241 re,
1555 2202 1609 2236 sed
1621 2201 1698 2236 solis
1714 2204 1833 2246 poffint
1853 2204 2057 2246 separarico-

1159 2249 1395 2295 gitationibus.,
1422 2250 1558 2284 Etenim
1583 2261 1695 2284 earum
1718 2252 1801 2286 unio
1812 2251 1858 2286 est
1871 2252 2054 2287 secundum

1159 2298 1357 2342 hypostasim
1371 2323 1383 2340 ‚
1408 2298 1551 2344 ideoque
1571 2299 1652 2341 fasta
1674 2301 1721 2336 est
1744 2302 1781 2337 in
1801 2303 1908 2346 primo
1928 2304 2055 2346 puncto

1159 2348 1350 2391 Dominicae
1367 2350 1599 2397 conceptionis
1622 2363 1630 2383 :
1666 2363 1705 2386 ac
1728 2351 1866 2396 proinde
1891 2354 2055 2397 assumpta.

1158 2399 1386 2442 naturaipsam
1407 2411 1478 2441 non
1501 2401 1677 2444 praevenit,
1702 2402 1808 2439 nisiin
1829 2402 2054 2437 nostrointel-

1159 2449 1257 2488 lestu-
1286 2447 1461 2490 Secundo,
1489 2450 1580 2494 quod
1603 2449 1811 2495 hypostatica
1836 2451 1995 2488 adunatio
2006 2463 2053 2487 ex

1157 2498 1283 2536 duabus
1311 2499 1437 2541 naturis
1465 2500 1713 2542 quodammodo
1748 2503 1861 2537 fecerit
1892 2502 2050 2537 unicam:

1159 2550 1378 2593 Nequaquam
1398 2548 1586 2593 fimpliciter
1600 2575 1612 2591 ,
1638 2550 1691 2592 sed
1703 2562 1803 2586 unam
1815 2552 1976 2587 Divinam
1998 2552 2051 2586 in-

1158 2610 1325 2638 carnatam
1336 2609 1373 2633 ac
1386 2597 1654 2634 inhumanatam.
1683 2602 1763 2643 Haec
1776 2602 1899 2646 Cyrilli
1917 2602 2051 2637 locutio

1157 2650 1280 2684 multos
1298 2648 1461 2690 offendit,
1486 2650 1521 2687 ἀ
1533 2649 1596 2684 ίὶιίε
1614 2649 1764 2687 obnoxia
1775 2652 1906 2698 magnis
1919 2653 1955 2687 dc
1965 2652 2050 2687 mul-

1157 2701 1200 2741 tis
1219 2698 1492 2740 contentionibus
1505 2725 1517 2742 ‚
1546 2699 1687 2744 ideoque
1711 2703 1770 2736 suo
1791 2703 1868 2740 loco
1878 2702 1941 2736 erit
1954 2713 2052 2737 accu-

1157 2750 1224 2785 rate
1252 2747 1471 2794 exponenda.>
1496 2749 1618 2793 Tertio
1644 2751 1805 2794 affirmat,
1832 2752 1924 2795 quod
1948 2754 2050 2788 unica

1157 2801 1223 2836 Dei
1237 2800 1340 2842 Verbi
1353 2801 1520 2840 incarnata
1532 2812 1647 2839 natura
1660 2802 1807 2840 involvat
1820 2802 1904 2837 duas
1914 2825 1927 2842 ,
1955 2802 2050 2837 ideo-

1156 2862 1219 2893 que
1230 2850 1314 2885 redte
1334 2850 1465 2892 admitti
1476 2852 1621 2894 potuerit
1642 2852 1709 2887 baec
1729 2852 1953 2892 Orientalium
1967 2850 2047 2895 Epi-

1157 2902 1331 2945 scoporum
1355 2900 1506 2945 profeffio
1531 2915 1539 2935 :
1566 2902 1702 2941 Christus
1734 2906 1880 2944 pominus
1903 2900 1943 2942 est
1964 2911 2045 2936 unus

1150 2950 1236 2994 filius
1247 2975 1259 2991 ,
1284 2963 1403 2996 unaque
1413 2950 1561 2995 hypostafis
1572 2976 1583 2992 ,
1611 2954 1645 2993 Q·
1660 2953 1731 2987 duae
1749 2963 1888 2994 naturae.

1157 2998 1162 3001 ⁴
1203 2996 1364 3037 Attamen
1386 3013 1442 3048 per
1464 3001 1532 3043 haec
1551 3002 1755 3047 nequaquam
1775 3001 1927 3048 purgavit
1947 3026 1959 3043 ‚
1984 3011 2045 3039 aue

1156 3051 1303 3098 probavit
1321 3063 1464 3088 errorem
1494 3051 1665 3095 &phrasin
1678 3077 1691 3094 ‚
1718 3052 1760 3093 de
1770 3052 1891 3097 quibus
1901 3052 2043 3088 Germa·-

1155 3102 1314 3140 nicienses
1333 3115 1372 3138 ac
1391 3102 1474 3140 alios
1493 3102 1678 3144 Orientales
1688 3104 1851 3143 accusavit
1873 3101 2040 3138 Aeacius.-

1155 3153 1374 3192 Eosomnino
1393 3152 1562 3190 damnavit
1574 3177 1581 3184 .
1604 3153 1740 3195 Etenim
1765 3165 1835 3188 non
1850 3153 2041 3199 simplicitet

1153 3203 1233 3245 duas
1255 3211 1387 3238 naturas
1404 3201 1608 3238 affirmabant
1632 3227 1644 3244 ,
1671 3204 1724 3244 sed
1747 3203 1913 3246 addebant
1927 3215 2041 3239 uuam-

1152 3265 1315 3302 quamque
1326 3253 1454 3298 proprie
1463 3262 1677 3296 operantemz
1703 3254 1797 3302 Qia
1819 3255 1937 3299 nempe
1961 3265 2039 3288 una·

1151 3315 1284 3350 quaeque
1306 3316 1362 3349 per
1385 3302 1585 3347 semetipsam
1608 3314 1793 3349 operaretur
1811 3330 1820 3338 .
1849 3304 2037 3340 Censebam:

1151 3364 1414 3405 unamquamque
1436 3363 1491 3399 per
1511 3353 1717 3400 semetipsam
1739 3355 1866 3403 operari
1885 3352 2036 3437 prgprie,

1945 3412 1986 3437 oc
