2320 3730
609 187 919 240 Seruatus,
966 198 1028 229 ετ
1065 180 1256 228 Nous
1291 193 1682 229 utusrRArAE.

242 275 344 317 xistis,
366 281 437 314 qua
445 263 655 310 continebant,
681 273 751 312 quia
762 277 872 312 oportet
882 279 945 302 cum
956 267 1105 303 charitate

228 323 371 370 fraterna
392 318 550 362 &pacifice
560 331 633 359 eas,
660 332 728 363 quae
734 321 963 363 pullulaverant
975 342 987 359 ‚
1012 315 1106 359 discu-

233 382 260 411 n
285 369 456 415 quaestiones
476 393 487 409 ,
508 370 751 404 convenientibus
772 370 820 403 his
843 393 854 409 ‚
878 375 934 411 qui
953 370 1105 402 convocati

224 423 299 468 sunt
310 445 322 462 ,
344 424 406 455 Deo
424 422 599 461 amiciffimis
619 419 754 455 omnibus
777 417 933 463 Episcopis
948 443 960 461 ,
986 419 1021 455 (ν
1032 414 1111 449 nibil

228 473 314 507 ledia
336 479 427 504 tanta
441 469 582 513 profecit.
806 475 809 479 ’

282 521 370 555 Ecce
381 521 575 565 &quartum
588 520 700 556 locum
712 534 723 554 .-
747 523 794 558 Et
823 519 1046 555 communionem
1055 514 1108 548 ha-

232 571 318 605 buere
335 581 399 604 cum
420 569 556 612 depofitis
578 572 611 605 Θ
628 574 819 605 meminerunt
839 578 938 601 eorum
954 575 1110 609 tamquam

231 620 444 665 Episcoporum
454 645 466 661 ‚
488 631 546 654 non
560 626 763 663 permittentes
775 621 818 652 uti
828 617 974 659 Capitula
986 616 1040 657 ista
1060 627 1110 649 ex·

230 673 442 715 ploderentur,
468 670 587 712 tametfi
603 673 626 705 a*
645 669 728 703 nobis
750 669 796 705 ad
815 668 982 710 colloquium
996 665 1111 710 saepius

231 720 359 763 accersiti
370 721 506 763 fuerint.
531 720 615 755 Non
637 719 702 753 fuit
724 718 971 762 qualiscumque
989 726 1111 751 memo-

230 773 278 807 ria
291 796 303 812 ,
328 782 388 804 nec
398 771 632 815 qualecumque
642 769 848 813 colloquium
861 793 869 801 .
897 769 946 802 Ea
959 767 1112 811 explanat

230 821 430 857 Caffinenfis
449 818 659 854 Translatio:
686 823 733 854 Et
757 823 1004 853 communicantes
1030 818 1113 858 depo-

227 871 316 913 fitis,
341 873 376 906 ά*
393 880 492 905 eorum
511 874 655 910 nomina,
680 868 762 912 quast
779 870 866 914 essent
877 867 1040 912 Episcopi,
1065 877 1112 899 no-

232 927 400 955 minantes.
428 924 494 954 Nec
515 922 587 954 vero
602 921 677 962 paffi
695 918 769 963 fient
792 920 930 954 abdicare
947 917 1092 960 capitula
1105 940 1112 947 .

232 974 280 1004 Et
301 969 364 1004 hac
381 971 454 1003 dum
471 969 587 1014 saepius
607 971 650 1005 ad
658 969 900 1013 disceptationem
907 975 1084 1002 vocarentur
1095 966 1115 997 a

233 1019 333 1055 nobis.
353 1019 573 1056 orthodoxos
595 1017 761 1062 Ephefinae
780 1018 909 1062 synodi
935 1017 1116 1063 Episcopos

231 1070 386 1105 accusant
398 1091 410 1108 ,
435 1067 524 1111 quod
546 1066 730 1112 degradatis
743 1069 916 1114 Episcopis
929 1079 999 1103 non
1010 1067 1117 1101 solum

229 1117 333 1153 modo
346 1118 380 1151 in
390 1116 563 1158 humanis,
589 1117 645 1152 sed
658 1119 758 1153 etiam
769 1119 804 1153 in
818 1119 955 1153 Divinis
973 1127 1119 1152 commu-

229 1167 391 1202 nicarint:
412 1167 521 1216 'Qod
532 1179 647 1202 eorum
659 1169 797 1202 nomina
808 1167 826 1202 ὲ
837 1168 944 1204 Sacris
968 1166 1119 1202 Ecclefiae

219 1217 351 1256 ‚tabulis
370 1217 538 1252 recitarint
557 1216 599 1252 ad
619 1218 829 1253 Sacrificium
841 1244 849 1252 .
876 1218 923 1251 Et
953 1216 1042 1260 quod
1064 1227 1117 1249 co·

231 1268 438 1322 raoedoanne
456 1267 623 1301 Sacrorum
643 1266 880 1312 Largitionum
891 1266 1028 1301 Comite
1038 1276 1116 1309 pro·-

231 1317 342 1353 vocati
361 1316 403 1351 ad
425 1315 676 1361 disceptandum
696 1328 756 1360 pro
774 1317 837 1351 suis
860 1315 1024 1360 Capitulis
1037 1326 1115 1350 con-

232 1368 294 1403 fusi
313 1367 554 1402 detrestaffent.
584 1366 638 1400 Ex
659 1366 780 1408 quibus
789 1366 1115 1411 discimusinfignem

233 1416 445 1461 antiquarum
480 1415 692 1459 Synodorum
731 1417 887 1460 pietatem
926 1427 965 1451 ac
1003 1417 1122 1450 ritum:

232 1466 340 1515 Qod
350 1477 471 1510 nempe
483 1466 627 1500 solerent
648 1467 805 1501 omnium
827 1467 1030 1511 praesentium
1049 1466 1123 1509 Epi-

234 1517 411 1560 scoporum
432 1516 570 1550 nomina
592 1515 828 1560 singularibus,
851 1516 887 1550 &
911 1516 999 1552 adid
1016 1514 1128 1550 confe-

233 1565 296 1601 stis
307 1565 427 1600 tabulis
438 1564 615 1600 inscribere
624 1589 637 1607 ‚
662 1565 696 1599 δε
708 1564 845 1600 recitare
855 1566 897 1600 ad
910 1565 1123 1602 Sacrificium.

235 1615 332 1650 Hinc
350 1614 731 1660 'Constantinopolitana
764 1616 901 1650 Mennae
930 1614 1126 1651 Patriarchae

235 1664 392 1710 Synodus
414 1665 450 1701 in
473 1665 551 1701 data
571 1674 687 1700 contra
712 1666 892 1700 Antimum
905 1665 1125 1710 Trapezuntis

235 1715 440 1760 Episcopum
461 1716 623 1751 sententia
641 1716 784 1751 affirmat
804 1715 1032 1762 MaguiPapae
1043 1716 1126 1751 Leo-

235 1765 290 1800 nis
312 1777 435 1801 nomen
455 1766 550 1801 fuisse
573 1766 731 1801 insertum
741 1777 778 1799 ac
792 1767 965 1801 recitatum
978 1767 1015 1801 in
1028 1765 1124 1801 Chal-

235 1814 412 1852 cedonenfi
432 1814 590 1860 synodo.
619 1815 722 1863 Qod
750 1828 869 1859 nempe
893 1829 948 1861 per
975 1818 1050 1850 suos
1064 1816 1126 1849 Vi-

236 1867 342 1900 carios
378 1866 456 1900 esset
490 1876 575 1900 unus
604 1865 622 1899 ὲ
650 1864 898 1899 confidentibus
933 1865 1103 1910 Episcopis
1118 1889 1125 1895 .

240 1915 336 1962 Qin
358 1915 459 1950 etiam
482 1915 620 1950 Nicaena
640 1916 669 1948 S.
686 1914 905 1958 Sylvestrum‚
933 1914 1127 1950 Sardicenfis

239 1966 271 1999 S.
301 1964 445 2008 Iulium,
470 1966 506 1999 ὅ(
528 1965 690 2008 Ephefina
714 1964 963 1998 SsCelestinum
975 1965 1128 1998 recitave-

237 2015 307 2055 rit,
331 2024 401 2048 non
429 2013 474 2048 est
495 2013 717 2049 dubitandum
738 2039 747 2047 .
776 2014 866 2049 Nam
890 2015 924 2048 &
948 2015 1126 2057 Imperator

237 2063 452 2099 Theodofius
467 2065 501 2098 in
515 2065 615 2099 Sacrae
627 2089 637 2104 ‚
663 2075 761 2106 quam
783 2075 839 2108 per
854 2063 1019 2107 ptaefatum
1031 2063 1125 2106 Joan·

238 2126 316 2150 nem
343 2115 514 2149 Comitem
538 2115 627 2149 mifit
647 2114 832 2156 Ephesum,
858 2113 958 2150 titulo
982 2113 1126 2157 primum

237 2163 347 2209 posuit
359 2163 529 2199 laudatum
539 2164 746 2200 Celestinum
757 2189 765 2196 .
794 2164 838 2198 Et
851 2164 931 2198 dum
944 2164 1127 2207 Imperato-

237 2225 287 2249 res
300 2213 444 2257 Iustinus
466 2226 504 2248 ac
519 2215 719 2257 Iustinianus
743 2223 883 2259 quatuor
893 2212 1048 2258 Synodos
1066 2213 1128 2257 jus-

239 2264 350 2298 serunt
374 2263 540 2306 praedicari
559 2263 577 2298 ὲ
603 2263 807 2308 Dypcicffis,
835 2276 904 2299 non
927 2264 1128 2309 generatim,

240 2313 294 2348 sed
305 2313 466 2357 praedicari
479 2314 635 2357 jusserunt
658 2314 864 2359 singulorum
886 2315 1127 2358 Episcoporum

240 2364 378 2398 nomina
392 2389 399 2395 .
428 2364 523 2398 Hinc
534 2364 624 2399 enim
636 2364 677 2399 ad
691 2365 883 2399 Severianos
896 2389 907 2405 ‚
934 2364 994 2399 ista
1009 2363 1128 2398 recita-

245 2413 338 2447 tione
347 2414 490 2446 offensos
506 2436 517 2452 ‚
544 2414 726 2455 Episcopos
741 2415 775 2446 in
789 2413 1131 2455 Constantinopolita-

246 2472 289 2494 na
310 2461 488 2494 collatione
509 2461 594 2494 dixit
615 2461 783 2503 Hypatius
797 2459 981 2503 Ephefinus
996 2460 1130 2504 Episco-

247 2522 324 2554 pus:
353 2512 443 2552 ,Quid
450 2517 549 2543 autem
573 2512 607 2543 &⁶
620 2519 781 2552 antequam
790 2513 922 2544 concilia
951 2515 1130 2544 nominatim

247 2557 442 2602 insererentur
464 2558 641 2600 Dyptichis,
667 2561 807 2600 nunquid
829 2564 863 2591 in
886 2560 1019 2592 omnibus
1029 2561 1128 2593 Eccle-

241 2608 295 2651 fiis
305 2634 316 2650 ‚
344 2620 412 2652 quae
419 2607 474 2651 sub
484 2606 629 2651 coelosunt
640 2630 650 2646 ,
675 2619 732 2640 non
747 2607 952 2641 recitabantur
966 2607 1104 2651 Episcopi
1115 2590 1144 2642 ἒι

246 2658 317 2701 Etfi
347 2661 525 2692 nominatim
550 2659 682 2691 Concilia
707 2656 774 2700 ipsa
811 2669 870 2691 non
906 2663 1102 2692 recitarentur
1117 2682 1128 2698 ,

247 2718 350 2743 tamen
373 2715 405 2742 in
419 2714 551 2751 propriis
574 2708 751 2752 Regionibus
771 2709 804 2741 δ’
827 2708 1003 2742 civitatibus
1020 2707 1129 2752 finguli

247 2765 354 2802 quique
364 2759 602 2792 annotabantur.
633 2760 664 2790 53
679 2761 745 2802 ergo
765 2763 797 2791 in
805 2764 940 2800 propriu
954 2759 1128 2792 civitatibus

243 2808 349 2852 finguli
359 2815 465 2851 quique
484 2807 707 2840 annotabantur
719 2833 730 2848 ‚
755 2810 790 2842 (ν
801 2807 996 2852 unusquisque
1019 2813 1050 2841 in
1062 2819 1128 2851 quo-

247 2870 368 2900 cumque
383 2857 550 2902 subsiripfit
564 2858 690 2890 Concilio
713 2858 914 2899 recitabatur,
942 2862 1051 2902 quanto
1065 2870 1131 2891 ma-

243 2914 293 2952 gis
304 2908 519 2942 rationabiliter
542 2917 607 2941 erat
616 2919 661 2940 eos
675 2932 686 2948 ,
712 2914 763 2950 qui
784 2919 848 2942 cum
861 2908 960 2942 labore
979 2911 1013 2944 <9⁶
1018 2908 1128 2952 sudore

247 2964 281 2991 in
291 2970 382 2992 unum
391 2968 589 2993 convenerunt
599 2959 763 2991 adversum
776 2964 940 2994 Haereticos
951 2985 962 3000 ‚
992 2963 1053 2994 Deo
1062 2961 1129 3001 pia-

248 3013 339 3040 titum
357 3011 496 3050 praelium
514 3006 727 3051 fi¹sceperunt‚
757 3009 909 3043 &bonam
931 3011 1015 3043 illam
1040 3010 1129 3043 vic‘lo-

249 3061 328 3090 riam
334 3065 391 3098 per
405 3063 461 3092 Dei
471 3064 610 3102 gratiam
627 3065 762 3092 vicerunt
776 3083 787 3099 ,
812 3070 870 3092 uno
891 3058 1027 3104 consensu
1039 3058 1130 3102 inseri

249 3108 295 3139 ad
299 3106 425 3148 gloriam
440 3111 494 3141 Dei
504 3133 515 3148 ,
542 3109 576 3141 (9
586 3109 702 3142 laudem
712 3117 890 3142 certantium
901 3135 912 3150 ‚
939 3112 974 3144 ζ’]
986 3113 1128 3151 majorem

249 3156 484 3190 adhortationem
495 3169 590 3191 eorum
601 3182 612 3198 ‚
639 3157 753 3200 quipost
765 3165 904 3193 certaturi
909 3158 933 3203 s
929 3162 1007 3194 unt?
1034 3160 1131 3194 Affir-

1171 264 1334 309 Synodis,
1361 264 1479 308 quibus
1491 263 1937 304 aderant&subscribebant.
1963 270 2047 305 Ter-

1170 315 1218 350 tio
1225 340 1236 356 ,
1264 314 1353 360 quod
1365 313 1433 349 haec
1444 315 1595 350 recitatio
1606 315 1750 349 similiter
1761 318 1875 352 servari
1889 321 1960 364 post
1973 320 2051 355 isto-

1170 377 1242 399 rum
1257 366 1494 410 Episcopotum
1506 376 1647 400 mortem
1660 364 1756 409 possit
1772 366 1806 399 in
1827 370 1979 405 omnibus
1990 370 2048 405 sub

1169 415 1256 450 coelo
1268 415 1417 464 Ecclefiis
1430 440 1437 447 .
1465 415 1511 449 Et
1521 414 1655 451 adducit
1668 426 1732 451 tres
1742 414 1837 459 hujus
1849 420 2048 454 recitationis

1169 466 1328 501 utilitates
1339 491 1346 499 .
1374 465 1479 501 Porro
1490 467 1701 501 Contestatio
1713 477 1782 500 non
1793 465 1860 501 fine
1871 467 1939 501 alto
1952 470 2049 512 scopo

1171 514 1255 550 istud
1290 517 1414 551 crimen
1441 516 1583 560 imponit
1609 518 1723 551 Sancta
1748 516 1885 559 Synodo
1911 542 1919 550 .
1956 517 2051 552 Hinc

1171 566 1261 599 enim
1275 565 1444 601 concludit
1465 567 1567 611 ipsam
1588 566 1756 613 impegiss'e
1776 567 1810 600 in
1822 566 1977 609 quintum
1989 567 2055 602 Ni-

1172 626 1296 649 caenum
1320 616 1519 657 Canonem,
1547 628 1662 652 omnes
1681 618 1751 660 ejus
1769 617 1951 662 Episcopos
1972 618 2053 652 inci-

1173 664 1252 699 diffe
1292 664 1327 698 in
1362 667 1613 702 communicatae
1645 667 1860 712 depositionis
1894 665 2055 707 scabiem,

1142 753 1144 756 ,
1175 714 1316 758 ideoque
1337 716 1450 749 omnia
1476 718 1620 760 ipsorum
1632 718 1715 753 Acta
1733 718 1798 753 effe
1807 715 1928 753 caduca
1940 716 2057 753 Atten-

1175 774 1243 799 tata
1259 790 1265 796 .

1223 813 1373 861 Qintus
1385 813 1478 848 locus
1487 814 1533 847 est
1546 815 1600 850 hic
1614 832 1624 851 .-
1653 820 1803 861 Praecepit
1815 827 1849 853 ut
1861 823 1894 852 in
1903 823 2058 853 civitatem

1176 870 1338 904 venirent,
1365 865 1531 898 sacerdotio
1548 864 1749 908 fungerentur
1771 893 1782 910 ‚
1808 870 1842 902 6
1865 870 2056 903 ordinarent.

1177 914 1369 949 Caffinenfis
1379 914 1499 949 Codex
1519 915 1691 958 explanat:
1719 921 1769 950 Ad
1788 922 1944 953 civitatem
1954 924 2060 954 venire

1173 970 1319 1007 pracepit
1327 990 1338 1006 ,
1366 966 1400 998 et
1411 966 1431 997 5
1432 965 1572 999 acerdotit·
1582 964 1780 1004 Ministerium
1787 978 1887 1008 gerere
1897 994 1907 1009 ‚
1932 971 1967 1004 et
1977 973 2054 1011 Epi-

1173 1013 1291 1059 scopum
1311 1013 1491 1057 consecrare.
1519 1014 1646 1049 Eadem
1657 1014 1702 1049 est
1715 1014 1799 1049 ratio
1817 1013 1936 1052 horum
1949 1018 2063 1053 verbo·

1179 1077 1252 1100 rum
1275 1078 1283 1098 :
1309 1065 1403 1109 ‚Quod
1424 1065 1455 1106 fi
1470 1070 1539 1108 quis
1563 1066 1724 1098 ordinatus
1744 1064 1844 1106 fuerit
1866 1088 1876 1103 ,
1902 1076 2064 1110 antequam

1181 1116 1376 1159 discutiantur
1390 1115 1472 1149 recia
1491 1115 1651 1159 dogmata,
1681 1116 1782 1159 neceffe
1798 1113 1838 1156 fit
1848 1123 1882 1147 ut
1892 1123 1956 1148 tota
1971 1119 2067 1150 Eccle-

1179 1164 1222 1207 fia
1238 1164 1415 1209 scindatur.
1444 1165 1579 1199 Reitius
1603 1165 1798 1199 Caffinenfis
1821 1162 1958 1200 Codex:
1985 1168 2068 1209 ‚Quia

1179 1214 1280 1257 siquis
1293 1224 1365 1249 ante
1390 1214 1601 1256 restitutionem
1622 1216 1767 1250 rec‘lorum
1779 1219 1959 1259 Dogmatum
1973 1215 2069 1257 fucrit

1185 1266 1343 1298 ordinatus
1366 1288 1378 1305 ,
1406 1276 1520 1299 omnem
1542 1267 1647 1310 necesse
1671 1266 1710 1308 est
1736 1264 1891 1308 Ecclefiam
1909 1265 2066 1310 ftparari'.

1187 1314 1239 1349 Re
1250 1325 1322 1349 vera
1333 1314 1422 1348 enirn
1433 1340 1444 1356 ,
1470 1323 1647 1359 antequam
1668 1317 1749 1351 novi
1760 1317 1915 1361 Episcopi
1926 1315 2070 1351 Ordina-

1186 1365 1236 1399 tio
1251 1363 1407 1409 procedat
1416 1364 1434 1398 a
1447 1365 1598 1408 suspeecis
1608 1366 1649 1401 de
1661 1365 1766 1401 haerefi
1778 1391 1789 1408 ,
1816 1368 1935 1402 testum
1948 1366 2072 1412 dogma

1186 1414 1284 1449 debet
1306 1426 1375 1449 non
1397 1413 1607 1449 solummodo
1631 1416 1775 1458 discuti,
1801 1417 1857 1452 sed
1879 1416 2049 1451 &restitui
2064 1442 2071 1448 .

1187 1464 1291 1499 Porro
1307 1476 1375 1509 quae
1399 1464 1440 1499 de
1452 1467 1571 1500 Sancto
1595 1466 1770 1501 Ambrofio
1792 1465 1849 1510 hic
1869 1467 2072 1506 scribuntur,

1187 1525 1328 1559 tangunt
1352 1515 1572 1549 venerabilem
1602 1515 1787 1551 Martinum
1823 1518 1880 1550 seu
1899 1516 2076 1550 Martinia-

1187 1577 1267 1599 num
1295 1590 1306 1606 ,
1332 1564 1616 1599 Mediolanensem
1636 1564 1955 1609 Archi-Episcopum
1977 1591 1988 1606 ,
2017 1565 2075 1609 qui

1186 1615 1426 1659 SanstiCyrilli
1441 1614 1598 1658 Capitula
1620 1614 1759 1649 credidit
1781 1616 1893 1649 foetere
1915 1626 1955 1648 ex
1970 1615 2075 1658 Apol·

1187 1664 1307 1700 linario
1322 1689 1334 1706 ,
1359 1665 1394 1698 &
1407 1665 1524 1699 Sancto
1537 1662 1713 1699 Ambrofio
1724 1664 1882 1699 adversari
1896 1689 1907 1704 ,
1935 1664 2075 1707 ideoque

1188 1715 1281 1758 hujus
1292 1714 1414 1748 librum
1424 1714 1597 1748 transmifit
1613 1714 1654 1749 ad
1667 1715 1902 1760 Imperatorem
1913 1712 2076 1749 Theodo-

1186 1766 1284 1802 fium·
1311 1763 1379 1801 Res
1394 1764 1481 1800 infra
1493 1764 1714 1801 elucidabitur
1728 1791 1735 1799 .

1385 2064 1655 2112 CAPUT
1691 2068 1876 2118 XXXV.
1915 2084 2071 2130 ---123

1223 2253 1445 2319 Contqstatt'o
1479 2258 1591 2302 tertia
1625 2289 1640 2313 ,
1687 2271 1803 2319 quam
1837 2254 2045 2321 Theodosio

1363 2326 1584 2392 Imperatori
1618 2323 1731 2372 eidem
1755 2322 1905 2394 septem

1468 2393 1645 2460 Episcopi
1680 2452 1683 2453 ⁷
1704 2394 1799 2443 dire-

1296 2607 1353 2640 On
1381 2605 1423 2641 ad
1454 2605 1523 2642 haec
1541 2607 1775 2644 evocationem
1807 2609 1914 2645 vestrae
1936 2611 2075 2647 Pietatis

1320 2657 1517 2700 speravimus
1539 2667 1763 2702 perventuram
1788 2685 1795 2692 .
1832 2660 1952 2695 Vocati
1988 2663 2080 2696 enim

1190 2710 1301 2742 sumus
1322 2705 1507 2743 honorifice
1527 2732 1539 2749 ,
1563 2707 1644 2743 ficut
1666 2710 1796 2744 evocari
1821 2709 1862 2744 ab
1883 2711 2081 2755 Imperatore

1190 2757 1348 2793 convenit
1370 2758 1559 2793 Sacerdotes
1577 2784 1585 2791 .
1614 2760 1658 2794 Et
1680 2761 1807 2795 evocati
1831 2760 1872 2795 ad
1895 2762 2016 2802 fidem,
2044 2763 2080 2797 &

1189 2807 1476 2844 confirmationem
1498 2808 1575 2843 fidei
1599 2810 1792 2845 Sanstorum
1813 2810 1946 2845 Pati-um
1961 2836 1972 2850 ,
1997 2811 2079 2853 juste

1191 2859 1246 2903 pio
1267 2858 1459 2901 Imperatori
1479 2857 1671 2895 obedientes
1693 2859 1902 2896 advenimus.
1931 2862 1976 2895 Et
1998 2859 2079 2896 dum

1190 2907 1382 2943 venissemus
1401 2932 1412 2948 ‚
1451 2919 1557 2950 neque
1578 2909 1619 2945 ab
1646 2910 1868 2945 Ecclefiastica
1893 2910 2076 2946 receffimus

1190 2959 1456 3002 Consequentia,
1482 2970 1588 3003 neque
1600 2960 1700 2995 vestra
1720 2960 1910 2996 Constituta
1931 2971 2081 2996 contem·

1190 3010 1327 3052 pfimus:
1356 3010 1410 3044 Sic
1425 3011 1608 3045 conversati
1633 3012 1742 3044 sumus
1759 3011 1861 3052 adie,
1887 3022 1950 3055 qua
1974 3011 2010 3045 in
2031 3010 2079 3045 E-

1191 3058 1324 3102 phesum
1350 3060 1501 3095 venimus
1520 3086 1530 3102 ‚
1558 3061 1658 3105 usque
1686 3059 1788 3095 hodie
1810 3061 1990 3096 vestrorum
2013 3072 2080 3096 nu-

1191 3120 1284 3143 tuum
1297 3111 1483 3147 Secutores.
1513 3111 1637 3146 Verum
1651 3109 1737 3145 nihil
1761 3121 1822 3145 nos
1842 3112 1927 3146 circa
1940 3113 2078 3156 praesen-

1191 3168 1258 3194 tem
1269 3160 1391 3200 vitam,
1417 3162 1498 3196 ficut
1511 3169 1640 3204 apparet
1654 3185 1665 3201 ,
1690 3159 1814 3204 adjuvit
1823 3161 1970 3197 custodia
1988 3160 2079 3197 >ordi-

248 3217 320 3242 mat
340 3207 421 3241 tria.
448 3206 581 3246 Primo,
611 3207 861 3250 quodomnium
882 3210 966 3245 intra
983 3209 1132 3245 Ecclefiae
1194 3209 1244 3244 nis
1254 3208 1334 3245 boni
1350 3235 1357 3243 .
1383 3211 1496 3255 Magis
1508 3209 1584 3244 vero
1596 3234 1606 3251 ‚
1636 3218 1672 3245 ut
1682 3209 1828 3246 videmus
1841 3237 1853 3254 ‚
1879 3213 1979 3247 etiam
1992 3205 2078 3247 vali·

249 3268 363 3300 pacem
384 3257 614 3291 defunctorum
638 3257 871 3302 Episcoporum
896 3262 1033 3295 nomina
1056 3260 1133 3294 reci-

248 3316 360 3341 tentur
379 3307 413 3341 in
439 3306 522 3347 fuis,
551 3318 630 3351 quas
642 3308 707 3341 vivi
728 3309 933 3351 docuerunt,
960 3310 1133 3345 Ecclefiis.

1194 3259 1318 3296 dissime
1330 3261 1464 3295 nocuit.
1494 3261 1582 3295 Nam
1593 3271 1654 3295 nos
1667 3261 1801 3303 quidem
1812 3285 1824 3302 ,
1847 3262 1903 3306 qui
1915 3273 1953 3297 ea
1973 3263 2020 3301 ufi
2032 3262 2077 3295 su-

1195 3322 1266 3345 mus
1278 3335 1289 3352 ,
1315 3313 1414 3354 usque
1425 3312 1558 3354 praesens
1569 3311 1604 3345 in
1615 3310 1826 3347 Chalcedone
1838 3312 1965 3348 detenti
1981 3311 2077 3355 degi·

249 3355 400 3393 Secundo
419 3381 431 3397 ,
456 3356 545 3398 quod
575 3357 708 3391 recitata
743 3360 843 3394 etiam
865 3360 986 3396 fuetInt
1011 3362 1048 3397 in
1070 3361 1135 3396 illis
1198 3370 1288 3402 mus,
1313 3361 1367 3397 vix
1388 3361 1521 3397 tandem
1545 3362 1621 3398 vero
1645 3373 1734 3397 nunc
1744 3362 1863 3402 dimiffi
1882 3365 2012 3400 sumus,
2039 3366 2077 3396 ut

345 3406 453 3448 Christ.
466 3405 548 3451 Lupi
559 3412 637 3450 oper
644 3420 663 3440 a
677 3410 780 3441 T.VII.

1683 3411 1786 3461 K3
1987 3408 2030 3445 ad
