2320 3730
346 160 442 207 350
617 181 620 184 -
690 146 1025 191 VARxoRUM
1063 142 1315 186 PATRUM
1351 137 1685 196 Ευιετοωῐ,

460 308 504 369 C
518 309 561 356 A
575 308 667 370 PU
682 307 724 368 T
758 304 967 354 CXCIII.
1014 301 1158 349 --282

266 447 363 497 Has
378 448 564 499 Irenaeus
590 446 757 494 litteras
788 439 1050 508 multiloque
1077 441 1159 490 im-

333 533 486 589 petens
521 515 579 562 fic
606 512 766 579 adjecit
795 533 807 564 :
845 512 1065 583 Epistola,
1101 515 1158 557 in-

333 593 438 656 quit,
475 582 671 636 Helladii
694 621 708 645 ,
744 599 878 651 quarn
905 582 1024 653 prius
1054 579 1157 631 scri-

330 657 497 728 pserat,
532 653 715 722 quando
739 658 866 703 Sacra
891 669 1050 703 contra
1080 670 1155 704 eos

329 727 630 797 promulgata,
666 743 721 775 ex
751 724 997 777 necessitate
1018 728 1155 772 Com-

263 825 265 829 ⁴
329 795 676 848 municatoribus
712 797 922 864 AEgyptii
958 812 1154 846 commu-

328 868 462 919 nione
497 868 718 938 conjuncti
747 865 872 920 sunt·

255 1005 420 1053 Domino
452 1020 530 1051 meo
565 1005 646 1050 Deo
680 997 919 1065 Amiciffi'mo
964 1004 1026 1047 (φ
1051 1006 1152 1049 San—

324 1069 489 1142 Hffmo
522 1068 709 1140 Epssopo
746 1071 933 1135 Nestorio
967 1070 1067 1118 Hel-

492 1139 617 1190 ladius
664 1142 702 1186 in
747 1143 908 1187 Domino

597 1206 769 1278 salutem
783 1244 797 1261 .

332 1331 392 1367 Tfi
406 1330 449 1366 ab
474 1329 576 1367 initio
588 1331 688 1378 usque
711 1330 752 1366 ad
766 1331 867 1367 finem
879 1330 1063 1366 multitudo
1078 1342 1146 1375 pec-

357 1393 508 1418 catorum
545 1382 709 1425 praevaluit
731 1406 742 1423 .
779 1392 816 1417 ut
836 1382 953 1417 omnia
989 1381 1087 1419 nobis
1111 1382 1145 1415 in

248 1434 451 1469 contrarium
464 1458 474 1475 ,
502 1431 601 1478 quam
621 1432 818 1473 orabamus,
835 1442 1045 1468 ·verterentur
1058 1456 1069 1472 ‚
1097 1443 1149 1465 ve-

253 1494 442 1518 rumtamen
467 1493 528 1518 nos
556 1483 589 1516 in
615 1493 704 1526 aequa
716 1483 803 1517 eirca
818 1492 909 1517 tuam
921 1507 931 1523 ,
959 1482 1145 1527 Religiofis-

246 1534 327 1568 fime
338 1559 347 1574 ,
376 1533 587 1569 Sanctitatem
611 1533 784 1567 voluntate
800 1532 1012 1577 persistimus,
1042 1533 1075 1568 δε
1087 1545 1146 1576 pro

247 1585 371 1628 pietate
396 1594 518 1617 certare
541 1592 634 1619 tuam
657 1584 813 1618 novimus
827 1584 1040 1618 Sanctionem
1054 1608 1061 1616 .
1093 1583 1146 1617 Ac

249 1644 384 1678 propter
406 1634 510 1677 ipsam
523 1644 560 1668 ea
574 1658 584 1674 ,
607 1645 677 1680 quae
700 1634 787 1677 apud
808 1643 897 1668 tuam
909 1635 1122 1668 Sandiitatem
1136 1658 1146 1673 ‚

245 1684 361 1720 festiva
377 1685 547 1729 voluptate
558 1683 599 1718 ab
613 1685 678 1727 ipsa
694 1684 859 1719 credimus
874 1683 1020 1718 sustineri
1034 1709 1040 1716 .
1071 1684 1145 1718 Un·

249 1734 292 1770 de
307 1735 532 1770 beatificantes
555 1734 701 1770 animam
715 1743 806 1769 tuam
819 1759 830 1775 ‚
857 1745 926 1779 quae
938 1735 1040 1769 tantis
1051 1746 1088 1769 ac
1102 1745 1143 1769 ta·

245 1785 333 1818 libus
348 1783 593 1820 tentationibus
605 1785 739 1827 probata
752 1785 926 1828 perclaruit
939 1809 950 1826 ,
962 1786 1038 1820 Deo
1054 1785 1146 1819 Ami·

245 1834 371 1869 ciffirne
383 1860 393 1878 ‚
405 1844 537 1870 oramus
551 1834 635 1868 circa
651 1845 797 1870 amorem
813 1834 979 1868 Divinum
997 1836 1042 1868 tui
1058 1835 1145 1868 inve-

244 1886 309 1919 niri
323 1885 495 1930 participes
511 1885 544 1919 in
560 1883 681 1928 Judicii
705 1885 780 1919 die.
807 1885 861 1919 De
872 1884 945 1919 aliis
969 1885 1044 1919 vero
1056 1885 1143 1919 audi·

244 1935 284 1970 sti
300 1937 416 1981 utique
428 1962 438 1978 ‚
465 1936 688 1970 Sanffiffime.
714 1935 780 1969 His
790 1936 847 1982 qui
862 1935 947 1970 circa
959 1935 1037 1970 Deo
1051 1935 1144 1970 Ami·

244 1987 409 2032 ciffimum
424 1985 684 2020 Theodoretum
708 1986 784 2020 sunt
803 2010 813 2026 ,
840 1996 902 2019 nos
918 1996 1052 2030 quoque
1066 1997 1144 2020 con—

234 2046 384 2070 ·numera
396 2059 407 2076 ‚
433 2034 511 2069 ideo
524 2036 628 2078 magis
640 2047 712 2076 quae
725 2036 882 2079 eligimus
893 2036 1055 2078 eligentes
1065 2059 1075 2075 ,
1105 2034 1145 2067 ne

245 2085 410 2121 deteriora
427 2084 628 2131 proficiant.-
657 2082 811 2117 Maxime
824 2085 901 2126 quia
914 2083 962 2117 hae
971 2107 982 2124 ‚
1013 2094 1082 2127 quae
1095 2083 1143 2117 di-

245 2138 337 2171 reflae
361 2137 459 2176 sunt,
485 2134 597 2169 litterae
620 2144 755 2168 omnem
781 2134 891 2167 ferunt
903 2133 937 2166 in
959 2133 1146 2175 semet-ipsis

247 2185 441 2221 traditionis
452 2182 654 2228 Apostolicae
669 2182 828 2216 acribiam
841 2205 849 2215 .
878 2181 944 2216 Pro
958 2181 1055 2215 nobis
1067 2182 1144 2216 vero

247 2246 305 2271 ora
324 2233 476 2270 Domine
486 2257 494 2266 .
933 2264 957 2284 ἢ

253 2339 350 2408 Qi
379 2351 593 2402 tanquam
618 2331 674 2382 de
701 2330 922 2400 hypocrisi
944 2329 1147 2380 accusant

324 2404 662 2458 Theodoretum
688 2418 873 2471 propter
899 2403 974 2451 illa
1003 2439 1016 2463 ,
1052 2419 1150 2468 quae

322 2497 376 2530 ex
390 2483 480 2546 eJus
495 2478 673 2526 nomine
686 2472 828 2543 posuit
843 2477 1028 2522 Irenaeus
1038 2509 1051 2533 ,
1089 2470 1149 2521 sa-

327 2553 387 2600 tis
417 2549 566 2599 terreri
590 2545 778 2605 debent,
815 2561 870 2592 ne
895 2543 973 2611 ipsi
1003 2542 1149 2611 potius

325 2637 377 2670 ut
405 2616 553 2668 revera
582 2617 825 2684 hypocritae
851 2612 924 2661 suo
948 2615 993 2662 in
1010 2612 1151 2681 supre-

270 2709 271 2712 ’
327 2707 449 2738 mum
463 2687 579 2736 diem
598 2685 766 2751 judicio
779 2683 1123 2734 condemnentur
1137 2720 1149 2732 .

327 2763 452 2811 Nam
477 2756 534 2807 de
565 2757 652 2805 illis
685 2754 868 2822 quidem
899 2753 1151 2822 Per-scriptis

332 2832 524 2896 graviter
545 2825 685 2894 questi
712 2862 725 2886 ‚
760 2824 815 2874 de
840 2824 928 2874 istis
957 2824 1153 2875 Helladii

271 2904 277 2962 ᾗ
333 2904 514 2953 nomine
532 2897 682 2967 positis
696 2896 897 2945 ha&enus
913 2898 1088 2945 interim
1103 2895 1154 2945 fi-

335 2975 428 3023 lent
455 3008 469 3034 ,
505 2987 585 3020 nec
613 2964 948 3018 condemnanda
973 2982 1154 3034 praeten-

335 3044 447 3093 dunt
482 3077 495 3089 .
543 3038 674 3091 Unde
722 3035 1045 3086 benedicendus
1092 3036 1154 3086 est

338 3119 461 3163 Deus
473 3148 486 3171 ‚
522 3112 601 3179 qui
617 3112 663 3159 in
677 3109 760 3158 hoc
772 3123 952 3176 quoque
963 3104 1153 3156 secundo

341 3201 429 3232 non
445 3181 559 3230 celat
574 3182 805 3229 veritatem
822 3215 835 3240 ‚
851 3175 1009 3227 clarius
1023 3179 1068 3224 in
1080 3176 1152 3227 die

339 3252 494 3319 judicii
507 3248 851 3318 propalandam.
888 3252 1005 3296 Ecce
1034 3249 1152 3297 enim

334 3321 422 3390 ‚suae
437 3320 714 3371 damnationi
730 3318 992 3370 accumbunt
1003 3354 1017 3380 ‚
1049 3336 1154 3386 *ecce

1293 228 1383 277 Dei
1396 225 1644 279 Adversarii
1654 229 1737 280 effe
1748 228 1990 300 produntur
2002 265 2016 277 .
2030 231 2110 279 Vi-

1289 296 1393 347 dete
1405 297 1618 349 attentius
1628 334 1643 358 ,
1657 303 1660 305 ’
1674 299 1916 366 quaesumus
1929 326 1941 348 .·
1977 303 2109 349 Non-

1291 385 1346 418 ne
1375 386 1455 438 per
1473 372 2078 438 ImperatoremJustinianum
2092 408 2108 434 ,

1289 442 1413 490 omni
1439 438 1688 506 conspirata
1702 442 1841 489 totius
1872 439 2109 491 saeculiPoss

1289 512 1467 572 testate,
1501 526 1601 561 toto
1625 511 1856 561 tricennali
1882 510 1971 560 fere
1995 525 2106 561 tem-

1252 621 1255 624 .
1288 600 1395 650 pore
1411 580 1457 631 id
1468 596 1675 644 egerunt,
1711 598 1760 631 ut
1774 579 2026 641 Theodori,
2062 585 2105 631 δε

1288 653 1376 703 lbae
1399 650 1727 704 &Theodoreti
1754 654 1923 720 Scripta
1951 655 2105 700 acerri-

1287 723 1359 773 me
1375 722 1718 775 condemnarent
1732 723 1750 772 ἒ
1791 729 1942 794 Quare
1954 721 2010 772 de
2023 723 2107 772 hac

1287 793 1486 847 Helladii
1510 795 1708 864 Epistola
1749 794 1931 844 omnino
1957 808 2105 842 tacue-

1285 881 1387 916 runt
1398 902 1412 927 ,
1448 865 1526 915 nis1
1541 868 1647 934 quia
1665 864 1895 916 Helladius
1907 864 2107 913 nomina-

1284 938 1368 985 tim
1412 952 1615 1006 receptus
1663 938 1710 986 in
1759 932 2109 985 Chalcedonenfi

1284 1008 1498 1058 Concilio
1508 1005 1691 1057 omnino
1706 1024 1794 1055 non
1807 1007 1968 1069 legitur
1978 1041 1992 1066 ‚
2026 1020 2108 1054 nec

1284 1075 1455 1143 aliquid
1490 1077 1581 1124 illic
1607 1081 1750 1126 astum
1792 1075 1849 1125 de
1892 1092 1946 1125 eo
1970 1110 1983 1135 ‚
2028 1090 2106 1142 per

1283 1143 1406 1212 quod
1429 1182 1443 1206 ‚
1479 1144 1511 1194 fi
1530 1144 1846 1194 condemnetur
1869 1181 1882 1204 ,
1919 1144 2106 1213 praefatae

1285 1214 1456 1285 Synodi
1470 1213 1694 1264 subruatur
1719 1214 1987 1274 authoritas,
2026 1231 2105 1283 per

1283 1303 1418 1353 quam
1455 1286 1710 1336 Nestoriani
1747 1286 2001 1354 Complices
2026 1283 2104 1334 ad-

1284 1357 1503 1407 struuntur
1514 1354 1701 1406 erroris?
1731 1359 1855 1405 Nam
1869 1355 1898 1404 si
1912 1360 2074 1404 Irenaeo
2089 1390 2103 1415 ,

1282 1429 1362 1496 qui
1393 1432 1436 1476 &
1451 1428 1548 1477 illas
1561 1445 1613 1476 ex
1628 1425 1897 1477 Theodoreti
1922 1427 2103 1475 nomine

1283 1496 1427 1565 posuit
1455 1535 1468 1559 ,
1508 1496 1702 1548 creditur
1728 1535 1742 1559 ‚
1779 1515 1881 1547 ecce
1908 1495 2105 1565 Epistola

1283 1568 1479 1618 Helladii
1488 1605 1503 1630 ,
1518 1570 1593 1617 illa
1608 1570 1840 1617 continens
1852 1603 1865 1627 ‚
1902 1584 2000 1633 quae
2013 1582 2106 1615 ma-

1283 1657 1372 1702 gno
1387 1639 1563 1706 strepitu
1577 1641 1624 1687 in
1636 1639 1732 1687 aliis
1746 1635 1998 1687 accusantur
2012 1672 2026 1696 ,
2060 1639 2105 1685 &

1284 1726 1399 1759 nunc
1414 1707 1547 1775 usque
1564 1706 1590 1756 a
1610 1708 1731 1757 nullo
1762 1707 1847 1756 fuit
1861 1704 2103 1775 specialiter

1281 1782 1511 1850 impetita.
1549 1777 1632 1828 Sed
1663 1776 1741 1827 soli
1771 1777 1857 1827 hoc
1884 1792 2102 1826 merentur

1281 1850 1338 1900 ab
1364 1851 1551 1911 aemulis,
1588 1867 1668 1919 per
1687 1866 1799 1917 quos
1830 1848 2004 1902 illorum
2025 1845 2103 1896 dess-

1283 1921 1385 1971 strui
1399 1919 1515 1991 posse
1527 1936 1708 1991 putatur
1722 1919 1965 1970 authoritas
1979 1955 1992 1980 ‚
2021 1919 2102 1985 qui

1285 1995 1534 2042 Dominum
1577 1990 1768 2040 nostrum
1794 1988 1944 2056 Jesum
1970 1988 2110 2051 Chri<

1281 2062 1391 2109 stum
1409 2065 1455 2108 in
1470 2061 1638 2108 duabus
1663 2063 1888 2126 perpetuis
1913 2058 2110 2107 substan--

1280 2132 1356 2179 tiis
1384 2127 1705 2192 agnoscendum
1729 2165 1743 2188 ‚
1795 2131 1841 2176 in
1878 2145 1964 2176 una
1992 2126 2101 2176 vero

1281 2197 1463 2267 persona
1488 2234 1501 2258 ,
1537 2196 1777 2263 eademque
1812 2195 2101 2259 subsistentia,

1285 2266 1514 2337 Synodica
1539 2266 1793 2317 definitione
1832 2265 2110 2316 docuerunt.-

1281 2337 1363 2388 Sed
1395 2337 1595 2406 nunquid
1611 2355 1758 2387 eorum
1774 2335 1968 2397 fraudes,
2004 2353 2109 2403 quaess

1281 2412 1421 2459 etiam
1450 2408 1778 2477 peccatoribus,
1815 2411 1856 2456 &
1872 2406 2034 2475 pusillis
2060 2411 2103 2455 &

1283 2479 1419 2529 tardis
1437 2479 1713 2541 hominibus,
1751 2477 1890 2527 immo
1923 2478 2112 2526 &omni

1283 2550 1399 2600 Orbi
1415 2566 1571 2618 patent
1583 2587 1596 2611 ‚
1617 2550 1800 2599 occultae
1817 2564 1944 2598 erunt
1958 2544 2111 2597 eidem

1284 2625 1484 2670 Domino
1503 2619 1607 2686 Jesu
1623 2619 1800 2667 Christo
1811 2655 1824 2678 ,
1861 2619 1938 2684 qui
1952 2619 2102 2666 omnia

1282 2693 1407 2741 novit
1426 2727 1440 2751 ‚
1475 2693 1518 2739 &
1536 2687 1803 2756 judicaturus
1833 2688 1894 2736 est
1916 2686 2100 2736 omnes3

1283 2767 1335 2812 In
1365 2778 1456 2829 quo
1485 2797 1499 2820 ‚
1534 2757 1707 2826 quaeso⁷
1746 2763 1836 2825 jam
1870 2759 1968 2826 puri
1992 2756 2101 2817 sint,

1282 2834 1361 2900 qui
1376 2828 1748 2881 fraudulentiffimi
1763 2827 1857 2877 sunt
1883 2831 2034 2895 inquo
2058 2826 2102 2877 se

1282 2917 1437 2973 putant
1453 2900 1670 2967 adjutores
1685 2899 1780 2949 Dei
1796 2935 1809 2959 ‚
1846 2903 1888 2947 &
1904 2896 2100 2946 vindices
2114 2943 2116 2945 .

1280 2975 1479 3024 veritatis
1497 2973 1513 3021 ἓ
1553 2977 1659 3022 Duo
1671 2967 1848 3020 adversa
1877 2966 1973 3017 sunt
1986 2969 2106 3034 veri--

1284 3060 1351 3094 tas
1376 3048 1418 3093 &
1433 3043 1619 3104 falsitas,
1655 3041 1762 3091 ficut
1774 3039 1901 3088 dolus
1927 3042 1970 3088 &
1983 3040 2109 3107 puri-1

1284 3131 1351 3165 tas
1367 3151 1380 3162 .
1417 3118 1458 3163 Si
1484 3113 1609 3163 dolus
1634 3111 1812 3178 adjuvat
1839 3111 2071 3161 veritatem
2086 3143 2103 3169 ,

1283 3184 1423 3254 potest
1438 3185 1643 3251 adjuvare
1657 3185 1824 3251 puritas
1839 3180 2073 3229 falsitatem
2086 3213 2099 3237 ,

1284 3274 1339 3312 ac
1353 3273 1426 3324 per
1442 3256 1529 3305 hoc
1564 3253 1798 3304 consonare
1811 3253 1950 3301 virtus
1978 3254 2021 3299 &
2036 3249 2098 3297 vi-

1284 3329 1394 3379 tium
1414 3346 1426 3376 :
1462 3329 1520 3376 Et
1534 3328 1673 3378 virtus
1684 3325 1826 3373 virtuti
1837 3319 1918 3377 effe
1930 3331 2099 3396 contra-5

1982 3398 1998 3421 Ι·
1999 3397 2029 3421 12
2039 3410 2047 3419 .
