2320 3730
359 197 460 241 204
701 177 1037 222 VARIORUM
1074 177 1327 221 PA‘rrtvM
1362 172 1697 235 Ευιετοίιε,

1236 255 1313 288 tollit
1334 255 1655 300 anathematismus&
1676 259 1821 305 adversus
1836 266 1903 294 tam
1926 261 2113 295 execrandas

1233 316 1341 342 vocum
1362 313 1512 340 novitates
1527 306 1562 349 Ji.-
1581 315 1699 349 opponit
1720 334 1728 342 .
1755 311 1858 354 Affent
1881 316 1958 345 enim
1983 310 2112 346 Verbum

1235 357 1414 389 naturaliter
1431 381 1442 396 ,
1468 354 1518 389 hoc
1538 356 1577 397 est
1592 380 1605 396 ‚
1632 367 1690 389 non
1705 356 1863 400 leuandum
1883 359 2110 402 habitudinem,

1228 403 1288 447 sed
1306 407 1376 439 vere
1398 411 1513 439 unitum
1521 412 1620 448 carni,
1645 408 1819 441 rationalem
1828 407 1947 443 babenti
1957 416 2109 451 animam,

1233 456 1310 488 nullo
1330 457 1414 489 modo
1435 456 1719 500 dividendumeffe,
1747 468 1783 490 ne
1793 458 1866 490 duos
1876 463 2066 503 imaginemur
2073 462 2109 504 fi-

1231 506 1283 538 lios
1294 518 1328 539 ac
1340 508 1549 549 impartibilem
1555 513 1731 550 partiamur
1742 533 1749 540 .
1778 511 1818 540 At
1839 506 2033 544 Tbeoaomus
2048 523 2108 545 non

1229 557 1420 600 intelligens,
1446 559 1591 600 quidnam
1599 557 1640 604 fit
1662 563 1730 591 unio
1750 559 1898 591 naturalis
1910 582 1921 599 ,
1947 559 1997 592 boc
2009 561 2108 601 estve-

1227 617 1265 638 ra
1274 629 1285 646 ‚
1298 618 1357 639 non
1363 606 1545 649 confundens
1556 618 1698 649 naturas,
1722 618 1816 649 neque
1829 607 2011 653 commiscens
2019 614 2063 644 ita
2073 622 2107 646 ut

1227 665 1352 699 utraque
1372 657 1460 694 aliter
1486 659 1538 702 effe
1558 667 1713 702 oporteat,
1739 670 1830 701 quam
1850 667 1884 692 ut
1905 659 1944 700 est
1961 684 1972 700 ‚
1994 663 2107 702 puerile

1225 707 1374 749 quoddam
1390 709 1426 741 ὁ·
1447 708 1593 752 frigidum
1609 708 1704 752 sumit
1721 717 1925 754 argumentum
1944 711 2030 744 adea
2037 719 2108 753 pro-

1225 755 1348 797 banda,
1368 768 1435 799 quae
1454 758 1527 792 bene
1542 758 1577 802 se
1603 758 1712 793 habere
1731 755 1915 794 arbitratur.
1942 760 2105 796 Existimo

1225 806 1421 851 legendum:
1449 810 1500 841 Ad
1515 820 1553 843 ta
1582 810 1801 851 improbanda,
1825 821 1894 852 quae
1909 808 1942 853 fi·
1963 822 2021 843 non
2031 811 2104 845 bene

1223 855 1332 891 babere
1342 858 1507 892 arbitratur
1516 884 1524 891 .
1539 859 1664 893 Denuo
1674 860 1811 894 affirmat
1822 861 1979 894 unionem
1993 871 2105 895 veram

1221 907 1284 941 effe
1305 908 1418 950 illam,
1443 920 1512 953 qum
1531 920 1573 944 ex
1595 909 1721 944 duabus
1739 912 1863 945 naturis
1884 921 1983 944 unam
2005 911 2105 945 faciat

1221 954 1405 1001 hypostasin
1427 983 1438 999 ,
1466 958 1607 1004 ideoque
1628 971 1698 995 non
1733 960 1898 1004 permittat
1929 961 1993 994 effe
2018 961 2105 995 duos

1221 1006 1369 1043 Christos
1380 1018 1435 1043 aut
1446 1009 1550 1043 filios:
1580 1010 1622 1044 Et
1637 1022 1707 1054 quae
1718 1021 1846 1044 naturas
1868 1011 2034 1045 conservet
2054 1010 2105 1045 in-

1220 1066 1323 1100 tegras
1345 1080 1356 1096 ‚
1383 1058 1571 1102 nullamque
1598 1061 1737 1102 patiatur
1762 1060 1905 1103 ipsarum
1926 1060 2102 1095 mixturam

1220 1117 1276 1139 aut
1300 1107 1528 1142 confufionem
1542 1133 1550 1141 .
1575 1109 1660 1155 Qae
1681 1108 1873 1144 Nestorium
1890 1109 2042 1144 excludat
2063 1120 2102 1143 ac

1220 1156 1435 1191 Polemonem
1456 1182 1464 1189 .
1491 1157 1585 1191 Hinc
1605 1160 1645 1191 de
1666 1158 1773 1192 Sanffi
1797 1159 1916 1202 Cyrilli
1938 1159 2101 1203 Capitulis

1218 1206 1349 1240 Basilius
1360 1207 1567 1242 Seleucienfis
1579 1208 1760 1252 Episcopus
1769 1233 1780 1250 ,
1791 1208 1916 1243 Isauria:
1935 1209 2102 1253 Metropo-

1218 1257 1294 1295 lita,
1322 1268 1398 1291 cum
1419 1259 1474 1291 sua
1498 1258 1636 1301 Synodo
1661 1257 1744 1293 reste
1764 1259 1886 1303 scripfit
1895 1258 1937 1294 ad
1950 1258 2101 1295 Leonem

1218 1307 1404 1351 Augustum
1416 1319 1424 1339 :
1452 1310 1581 1341 Littera·
1593 1309 1638 1341 ad
1651 1314 1774 1351 impium
1785 1309 1953 1350 Nestorium
1962 1311 1983 1342 ἃ
1994 1312 2102 1349 cyrillo

1214 1355 1404 1400 conscriptae‚
1431 1363 1463 1390 in
1487 1359 1616 1391 Concilio
1637 1367 1756 1401 utroque
1772 1359 1926 1400 florentes,
1955 1365 1987 1392 in
1999 1359 2106 1402 Ephen.

1208 1406 1270 1448 sino
1292 1408 1412 1449 quidem
1446 1406 1701 1450 blasphemantem
1725 1407 1890 1450 Nestorium
1917 1419 2105 1453 arguerunt,

1213 1463 1246 1490 in
1268 1455 1497 1498 Chalcedonenfi
1512 1460 1581 1492 vero
1603 1457 1743 1497 Eutychis
1775 1456 1931 1502 vesaniam
1952 1458 2102 1500 destruxe—

1211 1516 1283 1540 runt
1307 1531 1314 1539 .
1342 1507 1432 1554 Quia
1455 1508 1572 1552 nempe
1594 1508 1802 1543 destruebant
1823 1508 2039 1544 Polemonem
2060 1519 2101 1544 ae

1212 1555 1453 1598 Timotheum,
1480 1558 1589 1592 fontes
1613 1558 1830 1601 Eutychiana:
1851 1559 2043 1603 infipientiae
2061 1568 2101 1593 ac

1213 1605 1419 1650 blasphemiae
1428 1631 1436 1638 .
1463 1607 1508 1640 Et
1519 1607 1700 1642 istiusmodi
1715 1607 1797 1642 uuio
1808 1607 2101 1652 congruentiffiml

1211 1657 1388 1701 appellatur
1408 1657 1582 1691 naturalis.
1611 1657 1701 1706 Qia
1727 1657 1843 1701 nempe
1862 1667 1991 1692 naturas
2002 1657 2102 1699 unit,

1210 1718 1248 1741 ac
1271 1718 1313 1741 ex
1334 1707 1407 1751 ipfis
1425 1708 1599 1751 componit
1625 1717 1725 1742 unam
1752 1707 1954 1751 Hypostafin
1977 1732 1986 1740 .
2013 1708 2102 1742 Item.

1210 1756 1291 1791 reete
1304 1756 1424 1791 dicitur
1442 1758 1505 1792 effe
1524 1756 1565 1791 ad
1589 1757 1842 1792 similitudinem
1861 1757 1995 1792 unionis
2011 1758 2100 1791 inter

1210 1806 1355 1840 nostrum
1370 1818 1488 1851 corpus
1508 1807 1541 1841 &
1553 1807 1698 1842 animam
1709 1832 1717 1840 .
1745 1808 1836 1856 Qia
1848 1819 1965 1852 nempe
1976 1808 2098 1844 Domi·

1209 1856 1299 1890 nicas
1330 1866 1486 1897 naturas,
1512 1857 1589 1891 licet
1611 1858 1798 1892 nullatenus
1821 1859 1857 1891 in
1880 1868 1980 1891 unam
2002 1867 2096 1892 natu-

1208 1917 1275 1940 ram
1289 1930 1299 1947 ,
1327 1916 1434 1941 tamen
1448 1906 1620 1951 componit
1631 1908 1664 1941 in
1678 1919 1782 1942 unam
1793 1908 1975 1952 personam.
1994 1925 2002 1939 v

1257 1957 1390 1990 Sanctus
1401 1956 1547 2000 Cyrillus
1564 1955 1629 1991 hoc
1652 1959 1755 2001 ipsum
1767 1958 1942 1992 confirmat
1962 1958 1996 1991 in
2007 1957 2098 2001 Apo·

1211 2005 1267 2049 log
1273 2006 1360 2039 etico
1371 2006 1458 2040 libro
1469 2007 1618 2041 adversus
1629 2006 1796 2042 Andream
1816 2009 2075 2042 samosatensem
2085 2032 2094 2041 .

1207 2051 1358 2086 Affirmat
1369 2056 1457 2096 quod
1469 2056 1643 2089 Nestorius
1654 2057 1755 2091 solam
1765 2067 1933 2092 externam
1956 2056 2044 2101 quafi
2058 2058 2097 2091 iu

1206 2101 1377 2146 dignitatis
1388 2102 1504 2137 ordine
1514 2105 1761 2138 connexionem
1772 2107 1922 2139 docuerit
1938 2130 1948 2146 ‚
1975 2119 2013 2140 ac
2022 2117 2094 2150 pro·

1207 2152 1346 2194 sequitur
1359 2165 1371 2184 t
1397 2154 1492 2196 ‚Quod
1506 2151 1537 2194 fi
1552 2155 1722 2188 naturalem
1743 2161 1877 2187 unionem
1899 2156 2090 2196 dixerimus,

1205 2212 1311 2235 veram
1332 2203 1527 2245 intelligimus
1547 2227 1554 2234 .
1583 2203 1684 2238 Habet
1706 2210 1786 2237 enim
1805 2205 2004 2245 &Scriptura
2011 2206 2093 2238 divi-

1207 2252 1286 2283 nitus
1312 2249 1461 2294 inspirata
1481 2251 1559 2284 hunc
1580 2263 1689 2286 morem
1702 2277 1713 2293 ,
1738 2252 1794 2288 bac
1814 2253 1940 2287 dimone
1959 2258 1994 2287 in
2016 2253 2093 2288 hunc

1201 2298 1319 2343 sensum
1340 2306 1407 2334 uti.
1433 2301 1540 2335 Scribit
1560 2308 1638 2335 enim
1651 2303 1762 2337 alicubi
1772 2302 1946 2347 quibusdam
1957 2307 2092 2337 Divinus

289 275 347 298 non
371 260 568 303 misericordia
580 258 648 303 usus
661 262 744 295 Deus
753 261 878 296 Verbum
885 261 998 303 forma
1014 260 1103 290 servi
1113 265 1177 287 con-

279 313 406 354 junelus
417 310 478 351 est,
505 311 540 345 ό*
563 315 692 344 omnium
712 313 878 355 Legislator
887 308 1070 347 neeceffitatis
1082 308 1174 348 Leges

279 360 365 404 sequi
381 365 555 394 invenitur.
583 361 707 396 Eadem
729 362 763 394 in
787 359 904 393 litteris
926 355 1012 400 aput!
1025 354 1175 398 quintam

283 410 459 454 Synodum
470 410 671 445 exstantibus
681 435 691 451 ,
719 408 828 443 scribit
840 407 880 442 ad
892 407 1006 441 omnia
1031 406 1086 438 sua
1098 404 1176 440 Μο-

284 461 443 495 masteria:
470 462 599 500 cyrillus
612 468 644 493 in
665 465 751 492 tertio
776 458 917 500 Capitulo
929 456 1088 488 introducit
1098 458 1176 488 Con·

280 519 408 545 ventum
435 519 493 554 per
525 515 671 544 unitatem
697 510 864 542 naturalem
893 531 904 547 ,
931 510 1174 548 temperationem

280 561 446 606 quamdam
470 563 504 594 ὠ·
527 558 715 601 confufionem
721 567 778 601 per
791 557 853 590 baec
877 554 1173 599 nominafaHameffe

280 612 385 645 docens
400 614 529 644 Divinae
543 618 661 643 naturae
686 611 719 642 Θ
729 605 931 648 servifhrmae
942 631 949 638 .
977 611 1038 639 Hoc
1049 607 1119 639 vero
1131 605 1170 638 ab

277 660 418 695 baeretica
442 661 615 703 apollinarii
635 656 754 700 insania
773 665 878 690 natum
899 657 938 698 est
951 679 959 688 .
987 657 1030 690 Et
1052 656 1086 689 in
1101 655 1168 689 exi-

275 710 382 746 stente
392 710 514 745 ibidem
526 708 661 752 epistola
673 706 713 740 ad
725 707 885 750 Joannem
907 704 1094 740 Antiochiae
1107 705 1165 740 Pa·

271 760 468 794 triarcham:
495 758 639 799 eapituia
659 755 770 790 babent
792 760 983 792 Conveniam
1000 765 1058 799 per
1069 761 1164 789 unita-

273 818 332 843 tem
353 809 538 842 naturalem.
565 806 715 841 Eandem
737 807 938 842 calumniam
959 807 1042 840 infra
1054 807 1165 841 audie.

270 869 343 892 mus
354 857 395 892 ab
409 856 602 892 Alexandro
619 856 879 901 Hieropolitano
892 857 1058 901 Episcopo
1070 868 1162 902 urge-

269 909 296 942 ri
310 909 342 941 in
356 906 471 941 litteris
484 907 525 942 ad
536 907 698 951 Ioannem
711 907 901 944 Antiochiae
916 907 1138 942 Patriarcham
1153 932 1159 939 .

268 959 415 992 Damnat
436 958 526 991 enim
549 957 725 1002 Capitula,
751 958 911 1003 quoniam
926 958 1068 997 doceant
1082 962 1158 994 Con-

265 1016 391 1042 ventum
403 1008 572 1046 naturalem
584 1032 593 1041 .

315 1057 516 1103 Respondeo
529 1060 682 1094 Sanctum
695 1059 862 1103 Cytillum
874 1058 1000 1104 optime
1012 1059 1136 1092 novisse
1147 1082 1157 1098 ,

263 1109 354 1152 quod
378 1120 467 1149 vox,
493 1111 680 1150 Naturalis,
707 1111 746 1144 fit
773 1110 865 1144 variat
885 1107 1154 1154 significationis.

264 1158 360 1193 Hinc
383 1156 602 1193 Theodoreto
625 1159 789 1203 reposuit:
817 1161 924 1203 ‚Quam
945 1157 1156 1201 inconfiderate*

263 1209 461 1242 Theodoretus
479 1211 639 1252 loquatur,
666 1211 740 1243 nulli
762 1233 773 1250 ,
798 1216 850 1253 qui
861 1209 987 1243 voluerit
1002 1233 1013 1249 ,
1041 1209 1155 1250 difficile

262 1265 319 1293 erit
346 1260 448 1294 videre
462 1285 469 1292 .
497 1262 577 1293 Dicit
596 1264 675 1293 enim
690 1284 699 1299 ‚
726 1261 805 1302 quod
822 1261 976 1294 naturalia
983 1260 1151 1299 neceffitatis

259 1308 374 1353 legibus
398 1313 514 1343 omnino
535 1309 656 1353 prorsus
673 1308 889 1352 subjacebunt.
918 1313 965 1343 Et
982 1311 1027 1342 ad
1034 1311 1151 1343 demon-

255 1358 430 1398 strationem
459 1359 509 1393 hoc
528 1362 631 1393 attulit
643 1384 654 1400 ‚
681 1361 760 1403 quod
776 1368 891 1402 praeter
900 1360 1085 1394 voluntatem
1103 1370 1151 1392 no-

251 1408 349 1450 stram
361 1408 525 1453 esuriamus
538 1409 709 1453 acfitiamus
723 1433 734 1450 ‚
757 1420 868 1444 natura
884 1412 930 1444 ad
941 1409 992 1443 boc
1002 1418 1127 1443 vocante
1139 1434 1150 1450 ,

256 1459 375 1500 ettmfi
391 1465 457 1502 quis
480 1461 553 1493 nolit
566 1486 573 1492 .
601 1465 692 1502 Atqui
713 1461 862 1502 oportebat
884 1466 985 1494 virum
995 1465 1125 1502 peritum
1139 1484 1149 1500 ,

257 1510 292 1542 nr
303 1509 429 1545 habente
445 1515 477 1542 in
489 1510 536 1542 bis
548 1515 745 1544 exercitatam
757 1519 886 1544 mentem
897 1535 908 1550 ,
933 1516 1024 1544 etiam
1038 1522 1084 1543 res
1103 1507 1149 1553 so-

257 1559 338 1597 lidas
353 1562 469 1599 videre,
482 1572 548 1604 quae
560 1563 664 1594 merit&
677 1563 800 1602 majoris
814 1560 904 1603 Penfi
913 1570 1002 1594 erant
1013 1584 1020 1592 .
1049 1565 1147 1601 Nam,

253 1607 280 1649 fi
288 1620 347 1642 non
361 1608 397 1646 est
413 1621 516 1643 verum
528 1634 538 1650 ‚
552 1612 632 1652 quod
641 1609 889 1653 bomos'ecundt'cm
902 1620 1045 1644 naturam
1047 1608 1086 1651 fit
1099 1623 1146 1643 ra·

259 1661 461 1703 ttonalis‚ergo
468 1667 580 1700 praeter
590 1661 774 1693 voluntatem
783 1662 816 1694 ut
827 1661 920 1694 τοαθὲ
931 1660 968 1700 est
980 1662 1146 1693 rationalis.

257 1710 348 1752 ‚Quid
359 1709 472 1743 autem?
483 1713 540 1742 Dic
549 1709 718 1750 mihi,Deus
730 1716 912 1751 omnium,an
924 1721 980 1743 non
986 1709 1146 1753 secundum

254 1768 396 1792 naturam
420 1758 459 1799 est
481 1761 588 1792 Deus?
617 1763 664 1792 An
691 1771 749 1792 non
766 1758 926 1802 secundum
946 1769 1087 1793 naturam
1110 1759 1147 1799 est

257 1807 383 1841 sanans
395 1829 405 1848 ‚
425 1807 537 1853 Justus
549 1832 560 1849 ,
587 1811 690 1841 Bonus
706 1832 717 1849 ‚
742 1813 835 1848 Vita,
862 1813 950 1849 Lux,
979 1812 1145 1851 sapientia,

256 1859 292 1892 ts·
313 1860 438 1891 Virtus?
465 1862 550 1890 Num
571 1863 665 1902 igitur
686 1856 748 1901 ipse
758 1869 872 1901 quoque
887 1867 1003 1901 praeter
1013 1861 1146 1892 volunta·

253 1917 312 1945 tem
324 1909 358 1942 ἀν
369 1908 465 1941 coaiie
475 1907 512 1947 est
527 1909 608 1950 quod
619 1907 681 1948 est?
707 1912 745 1940 At
767 1911 838 1942 vero
850 1931 860 1947 ‚
883 1917 982 1950 opinor
995 1934 1005 1950 ‚
1023 1907 1146 1950 stevelle

250 1956 357 2002 sapere
363 1956 513 1999 summam
525 1959 706 1991 dementiam
720 1969 778 1989 non
801 1957 917 2000 obscure
938 1970 1059 2002 arguere
1062 1967 1144 2001 pote-

252 2013 312 2041 rit.
343 2007 432 2049 ‚Quid
452 2010 543 2049 igitur
563 2006 646 2039 nobis
671 2008 860 2039 mendacium
871 2004 990 2048 opponit
1000 2016 1144 2049 tanquam

252 2067 371 2094 murum
391 2056 537 2089 invidum
559 2058 594 2089 (τ
610 2056 870 2098 inexpugnabilem
884 2058 902 2091 ,ἔ
923 2057 968 2086 Et
978 2057 1052 2088 adeo
1063 2056 1144 2097 infir-

252 2118 306 2142 ma
324 2105 512 2148 problemata
533 2105 647 2138 tractat
663 2128 673 2145 ,
701 2114 735 2138 ut
756 2105 880 2138 audiens
903 2106 1072 2138 naturalem
1092 2105 1144 2148 effe

250 2156 367 2201 fedam
375 2161 530 2195 unionem,
559 2156 595 2187 id
618 2154 679 2194 est,
703 2164 830 2194 veram,
855 2155 889 2188 Θ
913 2153 1080 2195 consuffonis
1095 2166 1144 2190 ex-

250 2214 365 2251 pertem
378 2227 389 2244 ,
412 2211 547 2238 attentat
557 2212 688 2237 evertere
703 2207 767 2236 vim
778 2203 930 2237 Diclorum
940 2226 951 2243 ‚
976 2207 1023 2236 ita
1047 2213 1081 2236 ut
1098 2210 1143 2238 vi·

255 2258 365 2291 deatur
376 2266 434 2288 non
453 2253 505 2297 effe
529 2252 698 2296 ree‘lifae‘la
710 2277 720 2294 ‚
747 2263 838 2295 neque
842 2252 1004 2296 secundum
1010 2252 1146 2295 fimilitu-

253 2304 354 2341 &linem
367 2330 378 2345 ‚
404 2316 471 2349 quae
482 2302 630 2347 nobiscum
643 2303 827 2337 intercedit?
853 2302 1065 2338 Demonstrat
1077 2314 1144 2336 om·

253 2368 297 2392 no
319 2354 464 2391 naturale
484 2365 552 2388 non
575 2354 638 2388 effe
658 2353 841 2388 violentum
863 2363 921 2387 aut
951 2353 1140 2389 involunta-
1206 2351 1338 2384 Paulus:
1366 2351 1410 2384 Et
1421 2362 1547 2385 eramus
1569 2362 1683 2387 natura
1706 2353 1768 2387 filii
1791 2355 1863 2393 512⁵,
1888 2354 1966 2388 ficut
1988 2354 2090 2388 &cae-

253 2407 340 2445 sium
353 2430 365 2447 2
391 2403 786 2445 &affirmatineffabilem
808 2402 1062 2438 Dominicarum
1084 2416 1141 2439 na·
1206 2402 1284 2434 teri.
1312 2404 1359 2433 Et
1383 2406 1552 2443 neutiquam
1573 2407 1641 2443 quis
1662 2404 1777 2435 dixerit
1797 2404 1938 2436 divinam
1958 2409 2036 2436 iram
2045 2403 2092 2447 se-

253 2467 398 2492 turarum
419 2455 578 2489 unionem
601 2453 647 2488 ob
660 2463 723 2488 tres
737 2453 881 2488 rationes
892 2454 973 2489 recte
984 2454 1141 2498 appellari
1222 2451 1333 2483 undum
1354 2459 1495 2484 naturam
1520 2448 1665 2494 subfistere
1685 2476 1696 2493 ,
1721 2457 1767 2486 ita
1800 2462 1835 2486 ut
1850 2460 2013 2495 peccatores
2030 2451 2091 2493 fint

253 2506 455 2542 naturalem:
491 2505 622 2548 Nempe
633 2505 708 2548 quia
718 2503 764 2539 est
779 2515 864 2544 vera,
875 2504 952 2548 quia
966 2504 1011 2539 est
1025 2505 1140 2538 confu-
1209 2501 1293 2534 illius
1308 2498 1418 2544 soboles
1442 2514 1449 2534 :
1477 2502 1612 2543 Alioquin
1631 2500 1755 2545 prorsus
1787 2504 1822 2536 <rt
1840 2502 1974 2535 omnibus
1993 2504 2088 2536 modis

253 2558 352 2591 fionis
363 2566 475 2599 expers
486 2578 496 2594 ‚
523 2555 599 2599 quia
612 2554 657 2588 est
671 2553 713 2587 ad
727 2553 869 2587 nostram
881 2553 1138 2589 similitudinem.
1207 2548 1416 2593 consentiemus
1450 2550 1655 2583 laborantibus
1692 2549 1812 2593 insania
1837 2551 2067 2585 Manichaeorum
2076 2577 2092 2586 .,

256 2607 313 2641 Ad
342 2605 592 2640 similitudinem
612 2602 748 2636 unionis
770 2603 855 2636 inter
867 2602 1012 2637 nostrum
1026 2615 1142 2647 corpus
1207 2599 1340 2638 Sedibi,
1365 2599 1515 2638 Natum,
1541 2599 1619 2632 idem
1628 2599 1665 2639 est
1674 2601 1771 2641 quod,
1798 2599 1888 2634 vere.
1915 2605 2089 2644 Nonigitur

256 2657 466 2690 &animam
493 2654 646 2688 Affirmat
667 2652 820 2696 appellari
839 2653 1018 2687 naturalem
1034 2654 1074 2687 ad
1085 2665 1141 2688 ex.
1205 2648 1418 2689 confundentes
1441 2657 1588 2688 naturas,
1613 2659 1704 2691 neque
1725 2648 1809 2693 ipsas
1826 2654 1906 2684 inter
1922 2649 2088 2694 semiscen-

255 2703 458 2740 cludendum
483 2702 670 2738 Nestorium
694 2727 704 2743 ,
734 2714 772 2737 ac
791 2702 860 2746 ejus
879 2727 890 2744 ,
917 2703 965 2738 uti
986 2703 1077 2746 supra
1099 2702 1139 2737 ad
1207 2709 1253 2733 tes
1268 2722 1280 2739 ‚
1304 2698 1471 2731 naturalem
1483 2698 1607 2731 dicimus
1623 2697 1746 2739 fallam
1767 2701 2010 2744 effi-unitionem,
2029 2699 2103 2744 sed·

1206 2760 1243 2782 ex
1252 2748 1366 2781 duabus
1385 2747 1469 2781 rebus
1490 2746 1669 2786 difflmilibus
1688 2759 1780 2782 unum
1802 2750 1854 2793 effe
1856 2750 1980 2792 fadum
1998 2750 2089 2784 cbri-

1204 2799 1278 2838 stum
1289 2799 1485 2841 affirmamus.
1511 2797 1592 2832 Hoc
1610 2798 1716 2842 ipsum
1725 2799 1825 2834 tradit
1845 2801 1879 2834 in
1892 2800 1994 2844 prima
2012 2801 2087 2835 suo-

1208 2860 1279 2884 rum
1317 2848 1545 2890 Capitulorum
1582 2847 1801 2884 declaratione
1825 2875 1836 2892 ,
1871 2862 1970 2894 quam
2006 2851 2088 2887 secie

1210 2898 1323 2944 Ephefi
1344 2896 1384 2932 ad
1406 2897 1522 2941 juss'um
1544 2897 1710 2933 Concilii.
1739 2900 1839 2934 Hanc
1857 2898 2013 2934 laudatin
2023 2901 2084 2935 suo

1207 2957 1319 2984 contra
1330 2947 1518 2991 Acephalos
1540 2948 1624 2982 libro
1636 2949 1790 2984 Rusticus
1803 2950 1961 2984 Romanae
1970 2950 2084 2984 Eccle-

1207 2998 1452 3034 fiaeDiaconus:
1480 2996 1546 3042 Ipsi
1568 2997 1762 3042 sandiffmus
1780 3001 1905 3039 Cyrillus
1925 3004 1958 3032 in
1977 3005 2083 3041 prima

1207 3049 1306 3083 borum
1325 3049 1532 3091 Capitulorum
1552 3048 1726 3091 expositione
1745 3055 1791 3083 ait
1802 3048 2017 3093 semet-ipsum
2037 3050 2084 3082 dt-

1207 3100 1276 3143 xsffe
1287 3104 1447 3133 unitionem
1460 3101 1627 3133 naturalem
1642 3108 1700 3142 pro
1712 3111 1787 3134 vera
1799 3125 1807 3133 .
1833 3104 1880 3133 Et
1888 3100 2082 3141 testimonium

1203 3150 1320 3193 profert
1346 3149 1467 3191 Apostoli
1488 3151 1533 3182 ad
1551 3148 1640 3191 hujus
1660 3154 1703 3183 rei
1721 3149 1978 3193 comprobationem
1997 3173 2009 3191 ,
2035 3151 2082 3183 div

1206 3212 1289 3234 cens:
1317 3199 1362 3233 Et
1372 3199 1465 3232 eratis
1487 3210 1601 3234 natura
1623 3199 1685 3233 filii
1702 3201 1776 3241 irae,
1801 3201 1882 3235 ficut
1906 3200 2078 3235 &caeteri-

1208 3255 1253 3285 Et
1265 3251 1356 3284 addit
1367 3263 1378 3283 .·
1403 3251 1487 3292 ‚Quia
1502 3248 1574 3290 ficut
1590 3250 1641 3284 ille
1659 3259 1773 3284 natura
1778 3249 1857 3292 filios
1879 3255 1934 3283 irae
1940 3257 1997 3291 pro
2006 3260 2037 3282 eo
2045 3255 2079 3280 ut

1208 3304 1314 3335 diceret
1323 3300 1393 3334 vere
1397 3299 1474 3341 filios
1485 3304 1560 3341 irae‚
1587 3301 1690 3342 dixit,
1708 3299 1749 3342 fic
1757 3311 1805 3343 ego
1822 3305 1981 3333 unitionem
1994 3305 2079 3331 natu-

1207 3354 1299 3386 ralem
1317 3358 1373 3393 pro
1386 3360 1460 3387 vera
1475 3348 1579 3393 posui.
1607 3349 1690 3386 Non
1712 3351 1788 3389 sunt
1807 3349 1873 3398 ipsa
1883 3347 2001 3434 Ογῐὶῐὲὶ
2013 3356 2079 3379 ver-

1995 3405 2031 3441 ὅ»

254 2754 493 2790 Berrhaeensem
507 2752 668 2794 Acacium
679 2752 799 2796 scripsit
813 2777 824 2794 ,
839 2754 974 2797 profana
989 2753 1024 2787 ὅ(
1039 2753 1142 2797 pollu-

254 2816 292 2840 ta
304 2804 460 2850 dogmata
473 2829 480 2836 .
506 2803 653 2846 Itemque
662 2803 703 2837 ad
717 2802 953 2838 excludendam
966 2803 1139 2847 Apollina-

254 2856 297 2891 rii
308 2881 320 2896 ,
347 2855 398 2889 vel
417 2854 527 2898 potius
538 2853 729 2889 Polemonis
743 2865 780 2888 ac
795 2852 969 2888 Timothei
978 2854 1140 2892 confusio-

255 2917 351 2942 nem.

294 2955 466 2990 Nestorius
476 2954 650 3001 garriverat
660 2954 808 2999 assumpti
823 2953 969 2989 hominis
984 2955 1022 2990 ad
1033 2955 1144 2989 Deum

258 3005 407 3041 Verbum
415 3007 651 3041 unionemnon
661 3005 722 3040 effe
730 3007 801 3039 secu
807 3006 908 3039 ndum
918 3005 955 3038 H
956 3005 1143 3050 ypostafim,

259 3057 312 3089 sed
324 3056 491 3090 dumtaxat
503 3054 703 3090 habitualem
713 3057 748 3090 &
757 3055 969 3096 affectualem,
985 3067 1039 3099 per
1050 3054 1144 3088 Divi-

261 3116 310 3137 nae
321 3104 526 3140 authoritatis
536 3118 574 3141 ac
585 3106 754 3150 dignitatis
769 3106 1054 3140 communionem.-
1062 3105 1141 3138 Non

263 3154 366 3196 qualis
376 3155 420 3188 est
433 3157 515 3189 inter
526 3157 671 3190 animam
686 3157 721 3190 δε
731 3156 913 3198 corpus,sed
925 3155 1028 3198 qualis
1037 3155 1082 3189 est
1097 3155 1144 3188 in-

263 3212 311 3237 ter
325 3205 476 3237 maritum
487 3206 520 3239 &
530 3216 678 3245 uxorem,
691 3207 775 3241 inter
783 3207 911 3251 Regem
922 3207 955 3240 &
969 3206 1141 3249 Legatum,

262 3254 352 3287 inter
368 3253 479 3286 Deum
504 3265 539 3288 ac
552 3253 748 3296 Prophetam
760 3281 767 3287 .
795 3255 831 3289 N
834 3267 936 3290 aturas
948 3255 1011 3288 effe
1022 3256 1143 3298 Hypo-

264 3302 335 3342 ‚stafi
348 3301 463 3335 divisas
474 3325 485 3340 ,
510 3303 697 3345 conjunctas
719 3305 785 3338 sola
795 3305 1014 3350 appellatione
1025 3329 1037 3345 ,
1053 3304 1145 3340 inha-

265 3352 426 3392 bitatione
434 3374 446 3397 2
456 3350 665 3393 authoritate,
674 3351 838 3397 dignitate
847 3379 855 3387 .
883 3359 969 3389 Hanc
978 3358 1141 3397 opinionem
