2320 3730
601 123 914 179 Senomrs,
950 136 1014 167 ετ
1048 118 1252 167 Norrs
1289 120 1683 166 rtrusruarn.
1907 138 1973 182 49

213 209 388 246 duodecima
407 231 416 239 .
443 205 498 239 Ex
519 202 571 240 his
593 205 792 241 addiscimus
814 205 907 249 plura
930 230 936 237 .
963 202 1079 238 Primo
1092 228 1103 245 ,

216 260 308 305 quod
333 265 437 300 neque
467 254 695 290 Alexandrina
720 281 732 297 ,
773 267 879 298 neque
908 253 1102 290 Rusticiana

218 307 384 346 translatio
397 306 520 340 fuerint
531 305 683 340 omniurn
692 307 802 349 primae
814 331 821 339 .
850 305 986 341 Etenim
997 306 1101 349 prima

214 357 387 394 translatio
408 356 471 390 fuit
495 356 668 391 emendata
687 357 721 390 ἃς
746 357 866 391 collata
895 366 985 390 anno
1008 355 1102 398 quin-

219 407 405 452 quagesimo
422 407 515 442 sexto
528 407 635 451 quinti
656 407 759 441 saeculi
775 432 783 440 .
807 406 952 440 Proinde
973 404 1102 448 aliquot

218 458 315 493 annis
324 466 421 492 antea
432 456 594 500 prodierat
606 482 613 489 .
641 457 723 490 Haec
734 456 797 490 fuit
810 455 952 489 omnino
963 453 1019 488 illa
1032 479 1044 495 ‚
1063 453 1103 488 de

219 518 284 551 qua
305 506 346 542 ad
366 506 533 550 Iulianum
565 506 730 541 Coensem
755 505 958 549 Episcopum
983 504 1104 547 scripsit

65 546 151 586 epist·
160 549 203 578 8⁶·
219 558 355 593 SanCtus
365 556 437 592 Leo
449 571 461 590 .·
487 556 635 597 Gestorum
646 555 830 595 synodalium
847 579 858 595 ‚
884 566 954 598 quae
965 554 1102 587 omnibus

43 598 70 620 c.
83 596 107 625 ς.

219 608 328 642 diebus
348 610 472 641 concilii
493 611 525 641 in
560 604 789 647 chalcedonensi
817 610 942 639 civitate
969 603 1103 646 confecia

216 657 290 702 sunt
299 683 311 698 ‚
331 665 442 700 parum
451 659 533 691 clara
542 664 660 700 propter
669 657 781 698 linguae
803 654 1008 697 diversitatem
1018 656 1106 697 apud

217 720 272 743 nos
282 707 409 741 babetur
421 707 582 748 instruatu.
611 709 656 739 Et
667 707 731 744 idea
744 710 951 744 ,Frater-nitati
963 714 1027 739 tuae
1037 703 1103 748 spe-

216 759 334 794 cialiter
345 760 467 803 inJ'ungo
476 782 488 799 ,
511 765 545 790 ut
556 762 590 789 ln
598 767 689 790 unum
702 758 841 790 codicem
852 753 997 800 universa
1002 755 1104 797 facias

216 815 387 854 congregari
399 833 411 849 ,
435 816 468 844 in
477 808 608 841 latinum
624 805 738 850 scilicet
754 805 920 854 sermonem
939 805 1104 852 absolutiffi-

218 871 272 893 ma
288 861 534 901 interpretatione
559 859 716 891 translata
740 869 748 888 :
787 860 827 891 Ut
848 863 882 891 in
907 858 992 898 nulla
1011 865 1103 900 parte

219 909 373 943 Adranam
383 907 520 945 dubitare
524 908 663 950 poffimus
671 932 682 948 ,
711 918 808 951 neque
815 908 872 942 ullo
885 908 971 941 modo
980 904 1104 951 effepos-

213 957 251 1001 fit
261 957 433 1002 ambiguum
443 983 454 999 ,
478 959 556 1001 quod
572 959 616 992 ad
619 960 745 1001 plenam
754 959 984 1003 intelligentiam
999 957 1103 999 refice-

216 1012 258 1041 rit
263 1007 403 1048 studente
408 1009 599 1055 perdula'um.
626 1009 752 1058 Scripta
773 1006 842 1048 haec
855 1009 932 1043 suut
945 1007 1102 1043 Consula-

216 1065 255 1092 tu
271 1057 443 1101 Opilionis
453 1082 465 1098 ,
492 1058 586 1092 istius
595 1058 711 1093 Saeculi
725 1069 817 1094 anno
828 1057 1103 1105 quinquagesimo

215 1107 318 1142 tertio
330 1131 343 1148 ‚
368 1109 479 1143 mense
498 1109 647 1151 Martio,
674 1108 818 1154 ideoque
838 1121 909 1149 non
922 1107 1037 1151 nifi'ad
1049 1121 1104 1145 an-

216 1157 255 1192 ni
265 1157 367 1192 finem
384 1157 506 1203 expleri
517 1170 573 1203 per
585 1158 754 1203 Iulianum
765 1160 878 1204 potuit
898 1160 960 1195 ista
970 1159 1105 1195 transla-

216 1208 269 1243 tio
281 1233 288 1239 .
316 1206 361 1241 Et
372 1206 415 1244 de
434 1208 504 1252 ejus
514 1208 706 1253 expletione
725 1220 796 1244 non
807 1208 855 1243 est'
864 1209 1085 1246 dubitandum
1097 1233 1104 1241 .

214 1256 372 1292 Secundo
387 1258 543 1294 discimus
561 1283 575 1300 ‚
598 1258 691 1304 quod
713 1257 898 1304 imperfecta
923 1259 1082 1294 manserit
1095 1282 1106 1299 ,

215 1316 275 1342 aut
282 1308 394 1355 potius
415 1308 506 1353 quod
518 1308 628 1343 statim
639 1320 696 1354 per
709 1307 941 1353 Eutychianos
951 1309 1051 1344 fuerit
1061 1309 1106 1343 vi-

214 1358 320 1399 tiata,
346 1358 489 1403 ideoque
509 1358 608 1394 tertio
618 1360 692 1403 post
713 1371 806 1395 anno
817 1358 967 1400 debuerit
988 1357 1108 1394 revide-

215 1408 246 1443 ri
267 1431 280 1448 ,
306 1409 449 1444 conferri
471 1432 484 1449 ,
508 1408 676 1444 emendari
700 1434 709 1442 .
735 1408 862 1444 Tertio
881 1435 895 1451 ‚
928 1409 1020 1452 quod
1046 1408 1107 1444 ista

212 1457 390 1493 translatio
411 1468 586 1501 nunquam
609 1457 784 1494 advenerit
804 1457 976 1500 Romam,
1000 1469 1056 1494 aut
1067 1459 1107 1494 ad

214 1507 298 1543 alias
309 1507 431 1542 latinas
443 1506 623 1544 Ecclefias.
638 1505 805 1552 Alioquin
816 1509 991 1551 quomodo
1004 1509 1107 1554 ipsam

214 1555 367 1603 vigilius
375 1569 412 1593 ac
426 1556 600 1594 Liberatus
614 1558 848 1604 ignorassent?
873 1559 1021 1605 lullanus
1033 1571 1106 1594 eam

212 1607 363 1643 confecit
393 1607 694 1654 Constantinopoli
718 1633 731 1650 ,
755 1609 791 1645 δε
812 1608 885 1643 illic
906 1609 1082 1654 permansit
1097 1635 1110 1652 ,

212 1656 370 1702 imposita
390 1657 605 1701 bibliothecae
633 1658 863 1701 Acaemetensis
886 1659 1102 1699 Monasterii‚

213 1707 347 1755 Quarto
367 1705 565 1745 addiscimus
586 1735 598 1751 ,
624 1710 728 1759 Qod
752 1710 821 1745 sola
841 1711 945 1754 prima
970 1710 1106 1746 astionis

214 1759 390 1795 translatio
411 1757 559 1795 videatur
570 1761 665 1796 fuifle
678 1760 788 1796 vitiata
801 1787 809 1794 .
838 1762 918 1797 Haec
930 1762 1020 1797 enim
1036 1762 1104 1797 sola

214 1807 348 1844 videtur
365 1809 460 1846 fuiffe
470 1810 572 1846 revisa
595 1823 634 1847 ac
644 1812 835 1848 emendata.
865 1812 1000 1864 Qinto
1012 1813 1104 1848 disci·

215 1869 290 1894 mus
299 1861 390 1902 quod
401 1860 515 1895 similis
528 1861 581 1895 isti
594 1863 730 1896 Aetioni
753 1864 922 1906 corruptio
932 1862 1104 1897 obvenerit

216 1917 365 1953 tempore
401 1909 577 1954 Iustiniani
601 1933 613 1950 ‚
636 1912 795 1956 agitantis
831 1912 892 1947 tria
927 1912 1106 1955 Capitula.

215 1957 314 1993 Hinc
324 1959 416 1994 enim
426 1958 514 2003 apud
529 1959 768 1994 Alexandriam
782 1961 905 2005 prodiit
914 1972 1000 1996 nova
1012 1962 1104 1995 istius

215 2009 372 2044 Affionis
384 2008 557 2044 translatio
566 2033 573 2041 .
601 2008 703 2044 Sexto
713 2035 724 2051 ,
751 2010 842 2055 quod
853 2022 915 2045 nec
927 2010 985 2045 ista
997 2012 1106 2045 omni-

215 2059 278 2095 bus
291 2058 459 2103 placuerit,
469 2058 612 2103 ideoque
623 2059 779 2094 Rusticus
789 2060 924 2105 coeperit
932 2060 1106 2106 antiquam

215 2109 338 2157 Juliani
351 2109 601 2144 translationem
613 2121 771 2154 quaerere.
795 2111 841 2145 Et
854 2110 957 2155 ipsam
971 2110 1106 2146 tandem

213 2160 333 2206 reperit
354 2158 443 2205 apud
465 2159 726 2196 Acaemetenses.
754 2160 906 2196 Eandem
936 2161 1106 2203 contulit,

214 2211 390 2246 annotavit
411 2232 423 2249 ,
446 2207 603 2245 distinxit
622 2235 631 2244 .
657 2210 808 2255 Septimo
831 2211 923 2256 quod
949 2212 1106 2247 Rusticus

215 2270 298 2295 tunc
308 2261 385 2295 esset
396 2258 522 2294 solutus
531 2259 550 2294 a
562 2260 808 2306 degradationis
829 2261 942 2313 elogio
952 2285 964 2302 ,
988 2263 1023 2297 &
1036 2262 1107 2297 red·

216 2311 353 2345 ditusin
365 2310 504 2355 gratiam
523 2310 665 2356 Vigilii.
693 2312 831 2346 Etenim
852 2312 923 2347 haec
945 2313 1105 2348 correctio

215 2361 360 2395 omnino
380 2360 508 2395 videtur
528 2361 610 2396 facta
623 2361 694 2406 post
715 2363 866 2398 emissum
878 2362 1001 2407 Papale
1012 2363 1106 2397 Con·

216 2410 390 2448 stitutum,
415 2409 505 2450 quod
525 2411 572 2444 est
592 2411 652 2446 ista
662 2411 899 2455 degradatione
922 2413 1097 2456 posterius.

216 2459 265 2493 Et
285 2459 321 2492 in
335 2457 394 2492 ista
414 2459 616 2493 correctione
643 2459 799 2493 Rusticus
819 2462 851 2493 se
861 2461 971 2494 scribit
983 2461 1106 2494 Diaco-

216 2519 299 2543 num
314 2507 476 2542 Rornanae
501 2508 665 2542 Ecclesiae.
692 2507 789 2543 Hinc
801 2509 919 2544 oaavo‘
930 2510 1104 2550 discimus,

216 2557 310 2602 quod
321 2555 408 2591 hanc
421 2556 654 2592 correctionem
674 2555 786 2592 fecerit
798 2558 835 2592 in
849 2558 1026 2593 pontificis
1035 2571 1104 2604 gra-

217 2608 321 2645 tiam:
349 2605 405 2640 Ad
426 2607 531 2651 ipsum
541 2606 694 2650 deinceps
719 2608 1104 2651 praeservandumafimi-

216 2657 305 2692 libus
325 2657 514 2692 Graecorum
533 2657 891 2701 circumscriptionibus
912 2683 921 2692 .
949 2659 1104 2694 Eundem

216 2709 255 2743 in
280 2708 381 2743 finem
393 2732 406 2749 ,
430 2707 614 2752 eodemque
631 2717 780 2752 tempore
800 2708 922 2754 scripsit
940 2709 1032 2744 suam
1043 2709 1105 2744 dis-

217 2758 426 2802 putationem
448 2766 563 2794 contra
585 2757 772 2803 Acephalos
785 2772 796 2793 .·
823 2759 868 2795 Et
890 2759 926 2794 in
935 2759 1004 2804 ipsa
1024 2771 1103 2795 con-

217 2808 338 2842 stanter
357 2806 454 2842 docet
467 2807 568 2843 solam
581 2807 765 2846 Secundam
779 2834 790 2850 ‚
815 2820 887 2844 non
899 2821 1008 2845 autem
1019 2809 1105 2845 Ter-

218 2859 299 2892 tiam
319 2858 428 2892 Sancti
450 2858 571 2902 Cyrilli
597 2858 779 2903 Epistolam
805 2860 900 2895 fuisse
924 2859 1042 2904 Ephesi
1067 2861 1102 2896 &

218 2906 432 2942 Chalcedone
443 2907 652 2952 Synodaliter
662 2908 909 2954 comprobatam
921 2937 928 2944 .
956 2910 1103 2946 Proinde

218 2956 374 2993 Rusticus
394 2957 517 2993 nonest
529 2958 652 3003 primus
671 2961 864 3002 translator,
894 2960 949 2996 sed
973 2961 1100 2996 dumta-

220 3015 277 3040 xat
302 3007 441 3052 antiquae
460 3009 686 3046 translationis
708 3010 861 3045 collestor
881 3011 915 3047 δε
931 3011 1099 3047 traductor

221 3066 282 3099 per
293 3067 426 3093 omnem
439 3059 633 3096 Ecclesiam.
663 3060 720 3096 An
744 3061 886 3105 &quare
907 3061 1011 3098 solam
1032 3062 1101 3096 Pri-

216 3116 309 3140 mam
322 3103 496 3144 Anionem
516 3110 695 3146 traduxerit
707 3135 721 3152 ,
747 3112 888 3159 ignoro.
914 3111 1099 3147 Redeamus

214 3154 261 3190 ud
272 3156 419 3199 opposita
432 3159 525 3194 nobis
536 3171 726 3205 argumenta
736 3186 744 3195 .
772 3161 885 3198 Etiam
897 3162 1015 3198 falsum
1029 3163 1075 3198 est
1086 3187 1099 3205 ‚

218 3205 311 3250 quod
322 3204 600 3244 Chalcedonensis
610 3211 765 3254 Synodus
777 3214 955 3249 Domuum
976 3212 1097 3248 Antio·

219 3254 362 3291 chenum
387 3255 431 3290 ob
457 3257 647 3304 impugnata
672 3262 779 3298 Sancti
799 3262 919 3307 cyrilli
942 3263 1096 3309 Capitula

215 3306 438 3342 damnaverit.
467 3307 578 3353 Ipsum
595 3309 685 3346 enim
700 3313 746 3348 ob
758 3313 854 3351 istam
865 3315 994 3353 causam
1005 3339 1018 3358 ,
1047 3315 1095 3350 uti

319 3356 426 3399 cbrist-
439 3361 521 3404 Lupi
534 3363 634 3405 Opera
643 3363 747 3400 T.V11.

1162 203 1260 238 etiam
1282 202 1376 238 Ibam
1396 214 1435 236 ac
1453 202 1710 240 Theodoretum
1723 230 1734 247 ,
1756 205 1926 243 damnavit
1936 205 2050 252 Ephe-7

1163 254 1265 288 finum
1293 253 1544 288 Latrocinium.
1571 254 1621 289 At
1642 255 1799 292 Domnus
1820 258 1958 303 patravit
1974 258 2047 292 ifflc

1162 304 1252 338 aliud
1274 304 1401 338 facinus
1424 327 1432 336 ·
1460 304 1638 339 Consenfit
1658 329 1669 346 ,
1698 306 1888 352 suffragatus
1909 308 1955 343 est
1971 332 1983 349 ‚
2009 308 2046 342 δε

1164 354 1343 399 subscripfit
1365 355 1401 388 in
1422 353 1673 390 damnationem
1690 355 1798 391 Sanffi
1810 357 1976 393 Flaviani.
2003 358 2047 393 Se

1163 405 1331 440 Dioscoro
1357 430 1371 448 ,
1394 415 1436 440 ne
1463 404 1505 438 ab
1526 405 1587 441 illo
1613 415 1690 440 cum
1717 406 1854 449 praefatis
1875 407 2047 452 Episcopi-s

1163 453 1372 490 damnaretur
1394 480 1407 498 ‚
1432 454 1571 499 praebuit
1595 464 1694 491 tantae
1719 456 1906 500 iniquitatis
1932 457 2051 491 satelli»

1164 514 1251 540 tem.
1279 505 1324 544 Et
1345 505 1523 541 Dioscorus
1544 506 1608 540 fuit
1631 506 1673 542 de
1691 505 1848 541 satellitio
1867 504 2048 541 admodum

1163 556 1295 599 gavisus
1308 579 1316 589 .
1342 555 1402 590 Ast
1414 557 1484 600 ipso
1493 556 1628 601 expleto
1639 556 1732 592 irruit
1752 557 1786 592 δε
1798 557 1834 591 in
1846 555 2024 591 Domuum
2035 580 2048 598 ‚

1165 605 1338 649 ipsumque
1376 614 1537 651 aegrotum
1574 607 1610 642 &
1642 606 1811 642 absentem
1835 605 2029 651 degradavit
2041 631 2049 638 .

1166 653 1259 688 Hinc
1279 654 1346 697 ejus
1368 656 1617 692 damnationem
1637 657 1781 692 firmavit
1801 658 1937 693 Sanetus
1950 656 2050 691 Leo:

1166 705 1248 739 Non
1276 714 1406 748 propter
1431 705 1587 746 damnata
1611 706 1767 752 Capitula
1792 730 1804 746 ‚
1839 707 1895 742 fied
1920 714 2053 751 propter

1166 754 1253 789 istud
1266 753 1477 790 satellitium..
1507 757 1552 791 Et
1574 757 1698 792 Leonis
1711 757 1880 802 Iudicium
1902 767 2053 802 compro·-

1166 805 1259 840 bavit
1284 803 1563 839 Chalcedonensis
1575 807 1731 849 Synodus
1742 834 1749 841 .

1217 854 1378 892 Similiter
1400 853 1534 891 devium
1555 854 1601 888 est
1616 879 1628 895 a
1652 857 1743 900 quod
1764 857 2004 894 Theodoretus
2014 867 2054 892 ae

1166 905 1238 942 Ibas
1249 905 1396 940 fintillic
1406 903 1566 948 compulsi
1589 905 1736 947 profiteri
1746 908 1926 953 capitula,
1952 909 2056 944 &sua

1167 956 1293 1000 Scripta
1319 955 1496 990 damnare.
1524 954 1712 989 Dumtaxat
1732 959 1890 999 compulsi
1901 960 2058 1002 suntpro-

1168 1004 1460 1050 fiteriEphesinam
1480 1004 1732 1040 damnationem
1753 1003 1900 1040 Nestorii
1918 1033 1925 1042 ,
1954 1008 2061 1052 Syno-

1168 1057 1257 1092 dalia
1284 1056 1368 1093 Asta
1394 1057 1471 1091 sunt
1490 1054 1621 1090 lucida.
1646 1055 1720 1099 Ipsa
1730 1054 1869 1098 exponit
1881 1055 1916 1088 in
1929 1056 2060 1093 librode

1170 1107 1267 1143 Seffls
1281 1105 1444 1142 Leontius
1452 1105 1658 1149 Byzantinus
1672 1118 1680 1138 t
1706 1104 1886 1147 Haefitantes
1897 1105 2037 1146 objiciunt
2048 1131 2061 1148 ‚

1172 1169 1222 1193 cur
1234 1155 1481 1199 Chalcedonenfis
1491 1156 1622 1196 synodus
1640 1157 1662 1190 ἃ
1673 1154 1851 1191 Theodoreto
1871 1154 2065 1198 nonpostula·

1171 1214 1252 1242 verit
1263 1232 1274 1248 ‚
1302 1217 1341 1244 ut*
1347 1210 1464 1250 scripta
1479 1205 1539 1251 sua
1549 1232 1561 1249 ‚
1586 1218 1653 1251 quae
1665 1207 1817 1242 adversas
1829 1206 1980 1241 duodecim
1989 1207 2065 1240 San,

1172 1259 1212 1291 ἂι
1226 1260 1332 1297 cyrila
1350 1258 1499 1300 Capitula
1510 1256 1710 1301 composuerat
1724 1282 1736 1300 ‚
1763 1257 2063 1293 anathematizaret?

1171 1307 1394 1353 Respondemus
1414 1307 1449 1342 ob
1471 1309 1509 1341 id
1527 1318 1660 1343 nontam
1686 1307 1887 1352 accusandam
1898 1307 2063 1349 synodum,

1170 1370 1260 1402 quam
1271 1356 1368 1402 ipsum
1384 1358 1525 1398 cyrillum
1536 1383 1548 1399 ‚
1578 1357 1870 1403 bominemsanblum
1886 1384 1894 1391 .
1919 1362 2008 1391 Nam
2034 1362 2064 1391 is

1173 1414 1371 1444 communione
1394 1419 1459 1444 cam
1484 1409 1693 1444 orientalibus
1736 1411 1772 1445 (a
1799 1408 1864 1454 ipso
1888 1408 2067 1443 Theodorero

1171 1458 1326 1499 constituta
1356 1481 1369 1500 ‚
1396 1471 1456 1494 non
1473 1459 1640 1502 postulavit
1660 1460 1701 1496 ab
1722 1471 1755 1494 eo
1772 1484 1784 1501 ,
1813 1469 1846 1494 ut
1871 1458 2066 1494 anathemate

1171 1511 1303 1552 Scripta
1308 1507 1366 1553 sua
1390 1534 1402 1551 ,
1426 1520 1497 1553 quae
1516 1518 1620 1544 contra
1640 1512 1790 1544 duodecim
1814 1511 1960 1552 capitula
1973 1508 2066 1550 fac‘la

1166 1559 1321 1603 fuiffirm,
1347 1558 1572 1605 exsecraretur.
1600 1561 1694 1604 ‚Quod
1717 1565 1811 1604 igitur
1830 1558 1892 1602 ipse
1915 1559 2041 1598 cyrillus
2054 1582 2067 1598 ,

1171 1613 1227 1644 Vir
1239 1610 1367 1644 sanetus
1380 1634 1391 1652 ,
1416 1621 1475 1644 non
1488 1610 1592 1655 fecit,
1618 1621 1660 1643 an
1684 1609 1719 1642 ob
1743 1610 1808 1650 eius
1832 1608 2066 1648 intermisfionem

1172 1661 1300 1699 synodus
1319 1661 1435 1702 culpari
1456 1667 1587 1696 meretur
1610 1660 1624 1693 ?
1652 1663 1748 1702 Atque
1770 1659 1902 1696 synodus
1923 1659 1960 1691 id
1967 1657 2066 1699 fecit,

1173 1712 1254 1754 quod
1263 1711 1393 1750 cyrillus
1417 1709 1465 1743 ille
1487 1708 1646 1752 nonfect't:
1672 1711 1798 1753 ‚Quippe
1811 1708 2067 1742 Theodoretumr'n

1171 1765 1302 1796 omnium
1320 1759 1488 1805 praesentia
1509 1764 1600 1804 coegit
1614 1770 1662 1794 ore
1688 1758 1741 1803 suo
1752 1758 1921 1800 Nestorium
1941 1758 2069 1793 anathe-

1172 1818 1323 1847 matizare
1342 1837 1349 1845 .
1383 1810 1489 1858 Quod
1516 1812 1619 1854 usque
1640 1819 1720 1858 tunc
1744 1835 1755 1851 ‚
1785 1810 1871 1844 nulli
1898 1809 2065 1845 Mandato

1170 1872 1229 1897 aut
1249 1860 1391 1897 confilio
1410 1861 1531 1895 cedens
1545 1884 1557 1900 ‚
1581 1859 1834 1902 pertinacissime
1856 1859 2044 1894 detrastarat
2056 1885 2063 1893 .

1173 1912 1256 1959 Qnae
1266 1911 1382 1946 omnia
1393 1910 1493 1945 etiam
1517 1907 1628 1946 scribit
1640 1908 1675 1943 in
1688 1909 1748 1946 suo
1760 1908 1955 1944 Constituto
1968 1909 2065 1954 Vigi-

1172 1961 1235 1995 lius
1245 1954 1409 1995 Pontifex
1420 1983 1428 1991 .

1220 2008 1326 2044 Porro
1347 2008 1475 2050 Ratio,
1502 2019 1546 2043 ex
1568 2017 1632 2051 qua
1655 2006 1861 2052 Justinianus
1883 2007 2063 2052 Imperator

1169 2059 1204 2094 δε
1216 2060 1333 2104 quinta
1342 2058 1497 2102 Synodus
1509 2058 1700 2094 studuerunt
1724 2057 1881 2094 omnibus
1898 2061 1907 2094 i
1948 2060 2066 2103 prime-

1171 2121 1204 2145 re
1217 2135 1229 2151 ,
1250 2109 1340 2155 quod
1360 2107 1598 2144 Theodoretus
1621 2120 1659 2145 ac
1671 2108 1743 2145 lbas
1765 2111 1821 2144 sua
1844 2109 1891 2145 de
1929 2111 2063 2154 apituiis

1170 2161 1297 2205 Scripta
1321 2159 1408 2204 apud
1431 2157 1683 2195 Chalcedonem
1704 2159 1912 2195 damnassent
1934 2185 1946 2201 ‚
1972 2161 2063 2195 lucet

1168 2222 1212 2245 ex
1235 2210 1476 2246 decimotertio
1488 2220 1605 2246 eorum
1616 2210 1780 2253 Canone,
1805 2211 1864 2256 qui
1875 2210 1933 2245 ista
1946 2210 2065 2246 Theo-

1170 2261 1278 2296 doreti
1299 2260 1426 2304 Scripta
1446 2260 1584 2296 damnat
1607 2285 1619 2302 ,
1646 2260 1682 2297 &
1706 2260 1858 2307 adjungit
1879 2274 1887 2294 ε
1915 2263 1981 2305 ,Qui
2005 2273 2064 2295 non

1169 2311 1414 2346 anathematizat
1434 2321 1470 2344 ea
1483 2335 1494 2352 ‚
1521 2312 1612 2346 &eos
1631 2316 1682 2355 qui
1685 2310 1799 2354 fimilta
1819 2317 1863 2346 els
1869 2309 2038 2355 sapuerunt
2054 2337 2067 2353 ‚

1169 2363 1224 2396 vel
1223 2360 1348 2405 sapiunt
1355 2386 1367 2402 ,
1392 2360 1514 2405 insuper
1538 2370 1639 2396 autem
1662 2363 1698 2396 o·
1720 2374 1823 2397 omnes
1836 2387 1848 2403 ‚
1874 2367 1926 2405 qui
1939 2360 2066 2406 scripse-

1168 2421 1239 2444 runt
1249 2420 1351 2445 contra
1369 2411 1483 2445 reblam
1492 2411 1586 2453 fidem
1598 2437 1610 2453 ,
1636 2413 1670 2446 Θ·
1681 2412 1826 2447 Σαηὲἶιινη
1837 2413 2000 2452 cyrillum,
2028 2414 2065 2447 Θ

1169 2460 1322 2492 duodecim
1341 2460 1409 2499 ey'us
1432 2462 1582 2500 Capitula
1606 2484 1618 2500 ,
1643 2461 1678 2496 &
1700 2460 1791 2504 usque
1816 2463 1861 2494 ad
1880 2471 2004 2495 mortem
2028 2463 2062 2495 in

1168 2510 1224 2543 tali
1246 2513 1404 2550 impietate
1423 2506 1656 2551 permanserunt
1678 2533 1691 2550 ‚
1717 2509 1796 2544 tatis*
1819 2509 1984 2545 anathema
2001 2509 2042 2553 fir
2056 2535 2064 2544 .

1169 2557 1300 2592 Eodem
1321 2556 1425 2591 modo
1446 2558 1593 2601 loquitur
1605 2558 1897 2602 quartusdecimus
1909 2560 2032 2595 Canon
2048 2584 2061 2602 ,

1167 2608 1224 2652 qui
1244 2607 1290 2643 est
1313 2607 1464 2642 adversus
1487 2607 1553 2643 Ibas
1578 2607 1764 2652 Epistolam
1789 2634 1796 2641 .
1824 2610 1975 2650 Eorum,
2001 2611 2062 2655 qui

1165 2659 1268 2702 usque
1278 2657 1319 2693 ad
1332 2667 1475 2693 mortem
1495 2657 1733 2703 impugnarunt
1743 2659 1866 2703 Cyrilli
1878 2660 2032 2704 Capitula
2047 2685 2061 2701 ,

1168 2719 1236 2743 non
1260 2706 1470 2743 solummodo
1492 2708 1617 2752 Scripta
1640 2708 1902 2745 anathematizat
1923 2720 2061 2754 uterque

1167 2759 1311 2800 Canon,
1337 2759 1503 2793 sedetiam
1515 2758 1693 2795 Personas.
1723 2758 1774 2795 At
1783 2760 1862 2795 ver&
1875 2770 1942 2796 tam
1953 2763 2062 2805 Syno-

1165 2807 1226 2844 dus
1239 2834 1251 2850 ,
1277 2820 1375 2854 quam
1387 2809 1590 2854 Justinianus
1600 2810 1789 2846 constanter
1801 2811 1966 2855 protestati
1981 2812 2058 2848 sunt

1165 2860 1353 2897 nullatenus
1365 2860 1430 2896 Iba:
1451 2871 1489 2895 ac
1498 2859 1709 2898 Theodoreti
1720 2860 1877 2897 Personas
1895 2862 1913 2895 a
1927 2862 1959 2895 se
1969 2860 2060 2895 dam-

1167 2911 1259 2953 nari,
1286 2909 1340 2945 sed
1367 2911 1436 2945 sola
1457 2911 1603 2955 Scripta:
1630 2911 1727 2947 Hinc
1746 2911 1903 2955 compulsi
1915 2912 1990 2945 sunt
2002 2911 2054 2946 di·-

1164 2973 1236 2996 cere
1257 2985 1269 3002 ,
1291 2960 1381 3008 quod
1406 2970 1544 3006 uterque
1569 2970 1647 2996 ante
1672 2972 1813 2997 mortem
1836 2962 2046 2998 recantasset.

1166 3013 1332 3047 Dixeruut
1344 3012 1379 3046 id
1399 3013 1521 3046 fastum
1532 3012 1616 3056 apud
1630 3010 1898 3048 Chalcedonem.

1213 3062 1359 3109 Qaestio
1371 3063 1464 3097 tertia
1475 3063 1544 3103 est,
1570 3062 1652 3110 Qo
1663 3071 1828 3107 ternpore,
1858 3062 1894 3097 δε
1914 3073 1979 3106 qua
2003 3073 2050 3098 ra·

1163 3112 1255 3147 tione
1267 3114 1395 3157 praefata
1409 3112 1517 3147 Sancti
1529 3111 1651 3155 Cyrilli
1664 3113 1821 3158 Capituia
1833 3113 1994 3157 coeperint
2011 3113 2050 3148 in

1162 3164 1256 3198 omni
1269 3162 1409 3198 Ecclesia
1420 3161 1538 3198 habere
1546 3163 1753 3199 Canonicam
1779 3175 1819 3199 ac
1846 3162 2053 3208 irrefragabi-

1163 3213 1226 3248 lem
1236 3213 1494 3249 authoritatem?
1519 3212 1720 3257 Respondeo
1733 3214 1875 3250 necdum
1899 3211 2049 3249 habuisse

1162 3264 1219 3299 sub
1229 3263 1430 3299 Pontificatu
1450 3263 1656 3299 Hormisdae.
1684 3265 1819 3301 Etenim
1837 3262 1935 3308 hujus
1957 3263 2047 3300 Pres-

1162 3312 1253 3360 byter
1265 3314 1430 3353 Trifolius
1445 3313 1486 3349 ad
1509 3313 1665 3353 Faustum
1676 3315 1867 3366 Senatorem
1885 3314 1954 3353 haec
1974 3312 2046 3350 scri-

1630 3365 1661 3404 Ε
1915 3364 1998 3413 psit:
