2320 3730
349 180 408 239 58

269 263 354 303 filiam
367 266 424 296 Dei
432 269 546 304 param
553 260 704 303 appellare
717 283 728 300 ‚
753 269 843 302 atque
864 263 954 293 ettam
965 261 1079 299 Beatos
1096 260 1154 291 Pa-

270 324 333 356 ,eres
355 312 460 352 nostros
473 336 483 352 ,
509 309 724 353 Theophilum,
749 308 894 352 Bafilt'um
920 334 932 350 ,
957 311 1149 352 Gregorium,

271 369 422 402 Atticum,
449 362 567 396 &altos
585 369 736 404 praterea
757 370 815 393 non
823 367 957 401 paucos,
982 364 1034 401 qui
1052 356 1155 399 perid

267 421 386 454 ⁴tempus
397 418 563 453 vixerunt,
589 411 713 445 Sanaos
725 408 887 452 Episcopos
901 435 908 442 .
936 413 1039 441 Erunt
1053 412 1154 448 itaque

267 461 463 503 anathemate
474 461 616 504 constriffl
628 464 648 495 5
649 461 732 494 am‘Jt'
743 462 850 493 Patres
863 483 874 500 ,
901 464 951 502 qui
956 460 1028 498 jam
1039 457 1153 490 dudum

267 520 339 554 ante
361 514 406 546 ad
427 515 523 547 Deum
547 513 731 552 evolarunt,
756 514 914 552 caeterique
922 518 1044 548 mnes,
1070 515 1153 549 quot-

264 572 337 606 quot
353 562 502 604 christum
529 565 624 596 Deum
645 561 697 605 effe
717 557 830 602 confeffi
853 583 864 599 ‚
902 558 981 591 rella
1010 561 1152 595 veritatis

265 614 410 658 dogmata
434 611 637 656 conset‘hntur
661 637 668 645 .
707 612 905 654 Frequenter
932 606 1017 644 istud
1043 607 1150 651 ipsum

266 663 370 698 verbo
392 664 426 698 ec
448 663 577 707 Scripto
596 660 791 697 declamavit
814 657 855 692 ad
876 668 1009 692 omnem
1035 656 1148 699 Eccle-

265 713 365 749 fiam.
393 715 438 748 Et
454 712 622 757 justissima
641 708 847 756 querimonia
869 707 1033 752 permovit
1053 707 1149 752 pluri-

265 774 339 799 mos
361 785 372 803 ,
398 764 538 807 ideoque
563 764 598 797 δε
619 761 734 796 acriter
755 757 936 793 momordit
956 758 1147 794 Factionem

265 813 432 848 Nestorii.
461 812 584 848 Eadem
598 810 638 844 de
650 810 744 844 causa
756 806 841 842 idem
854 807 1002 850 Cyrillus
1013 809 1146 853 singulis

263 863 331 897 suis
356 862 519 908 Capitulis
544 859 696 903 adjunxit
722 871 730 891 :
757 856 927 892 Anathema
944 858 986 900 sit
1012 883 1020 891 .
1048 859 1143 894 Hinc

263 914 397 957 praesens
417 913 457 946 ad
469 910 657 954 Principem
678 908 813 943 Relatio
835 919 890 952 per
909 910 1026 944 eadem
1044 910 1144 944 ferme

262 964 360 998 verba
371 969 510 996 conatur
526 960 582 1003 ipsi
594 957 729 993 reddere
740 958 898 993 talionem
908 983 916 991 .

311 1011 473 1047 Notanda
493 1011 567 1043 sunt
586 1006 698 1044 &haec
718 1008 862 1052 ejusdem
875 1009 1063 1045 Relationis
1076 1020 1143 1045 ver-

261 1062 302 1097 ba
316 1075 323 1095 2
349 1062 487 1101 synodica
497 1057 667 1102 confirmare
676 1059 858 1093 authoritate
865 1066 1014 1094 tentavit.
1044 1061 1141 1095 Affir-

258 1121 353 1149 mant
370 1110 526 1155 Capitula
549 1111 642 1145 fuisse
661 1110 854 1145 confirmata
874 1122 930 1154 per
942 1110 1115 1154 Synodum
1128 1134 1139 1150 ‚

257 1161 401 1206 ideoque
411 1162 514 1204 ipsam
533 1171 670 1196 omnem
681 1160 744 1195 effe
756 1160 879 1204 lapsam
891 1160 926 1193 in
940 1162 1025 1194 virus
1037 1160 1140 1204 Apol-

257 1211 385 1247 linarii.
413 1203 508 1262 Hinc
528 1211 618 1246 enim
630 1209 861 1246 Antiochenus
872 1209 1015 1253 Joannes
1039 1212 1073 1243 in
1085 1211 1138 1245 sua

257 1262 417 1298 sententia
432 1271 451 1303 ,’
469 1274 534 1308 qua
552 1263 705 1297 Sanctum
726 1260 895 1303 Cyrillum
907 1286 918 1302 ,
945 1261 995 1295 uti
1015 1272 1139 1295 novum

255 1323 313 1356 per
334 1312 488 1357 Capitula
509 1308 757 1347 Haerefiarc'ham
778 1336 789 1353 ,
814 1311 919 1357 gradu
939 1312 972 1346 dc
993 1322 1141 1346 commu-

255 1362 482 1405 nioneexust,
509 1362 627 1406 adjecit
649 1360 797 1397 adversus
809 1360 1002 1406 Synodum:
1030 1365 1140 1396 arvos

252 1415 362 1456 reliqui
382 1425 509 1454 omnes)
534 1412 735 1457 quisedttiose*
757 1414 905 1456 &inique
923 1421 1028 1446 contra
1040 1413 1140 1446 Eccle-

247 1462 379 1505 fiasticas
401 1463 572 1507 sanc‘ltones
600 1488 611 1504 ,
653 1467 807 1507 Regiaque
832 1467 959 1498 Decreta
982 1462 1138 1506 agentibus

250 1510 425 1556 consenfistls
439 1537 451 1553 ,
481 1513 669 1547 anathemat}
676 1512 846 1555 subjacete,
871 1515 961 1547 donec
971 1518 1075 1556 agnita
1084 1513 1140 1547 cul-

247 1569 294 1605 pa
310 1563 407 1604 vestra
428 1561 605 1606 refipiscatls
617 1588 627 1604 ,
649 1562 797 1606 fidemque
818 1565 839 1596 ἃ
855 1563 973 1597 Sanctis
993 1563 1139 1597 Patrzbus

251 1618 286 1645 in
302 1616 338 1644 N
341 1619 434 1645 r'caena
445 1617 572 1646 civitate
583 1619 767 1656 congregatis
777 1612 1115 1658 expofitamsufimatis
1127 1636 1137 1653 ,

252 1661 331 1695 nihil
341 1663 386 1695 illi
397 1671 575 1697 extraneum
592 1672 644 1696 aut
650 1669 844 1706 peregrinum
864 1664 1052 1705 attexentes‚‘
1077 1668 1138 1697 Ca-

248 1718 320 1754 pita
337 1714 488 1755 praterea
501 1716 646 1748 Haeretlca
666 1715 687 1746 ἃ
699 1715 808 1752 cyrillo
821 1714 1026 1748 Alexandrino
1034 1713 1140 1757 equfi‘-

252 1772 287 1796 ta
310 1762 576 1798 anathematizetis
589 1788 597 1797 .
625 1763 903 1798 Excommunicat
924 1775 1060 1799 omnem
1081 1765 1139 1807 Sy,

251 1813 380 1848 nodum
405 1838 417 1854 ‚
441 1815 534 1859 quod
559 1814 778 1849 confirmasset
802 1814 959 1858 Capitula
977 1840 989 1857 ,
1015 1815 1050 1849 &
1070 1814 1138 1859 ipsa

249 1862 438 1898 declarasset
456 1864 644 1898 conformia
664 1863 806 1898 Nieaeno
828 1864 991 1907 Symbolo
1004 1888 1016 1904 ,
1041 1874 1139 1905 atque

250 1912 296 1947 ita
322 1911 401 1947 huic
414 1938 424 1954 ,
451 1913 528 1948 licet
543 1922 698 1947 extranea
719 1913 753 1946 &
765 1914 934 1958 peregrina
946 1938 957 1954 ‚
984 1914 1138 1948 attexuis-

250 1964 315 2004 [ει.
344 1963 447 2009 Qod
468 1964 573 2006 ipsum
589 1963 700 1997 Factio
711 1964 965 2006 frequentiffime
985 1964 1138 1998 clamavit

249 2024 290 2053 ac
303 2012 452 2055 repetivit
465 2012 567 2054 usque
587 2011 629 2045 ad
640 2012 807 2045 nauseam.
837 2010 894 2045 An
906 2022 962 2054 per
973 2022 1115 2046 errorem
1129 2036 1139 2052 ,

249 2074 292 2096 an
311 2061 588 2106 perimposturam
600 2084 610 2100 ‚
637 2061 773 2105 ignoro.
808 2061 944 2096 Interim
957 2071 1082 2096 certum
1093 2062 1137 2096 est

250 2113 412 2147 deviasse.
440 2112 575 2146 Etenim
595 2109 748 2154 Synodus
775 2122 843 2145 non
868 2111 1025 2155 Capitula
1045 2136 1058 2152 ‚
1084 2111 1137 2146 sed

251 2163 354 2197 solam
377 2161 551 2196 secundam
567 2161 806 2205 Sancticyrilli
827 2161 1010 2205 Epistolam
1023 2171 1138 2196 contu-

251 2213 290 2247 lit
302 2223 378 2248 cum
392 2212 534 2247 Nicaeno
544 2210 704 2255 Symbolo
714 2235 726 2252 ,
751 2211 786 2245 &
796 2212 950 2247 omnium
960 2210 1137 2257 Episcopo·

249 2274 322 2298 rum
336 2263 497 2307 suffragiis
506 2261 731 2297 confirmavit.

299 2313 503 2356 Synodalem
530 2313 665 2357 Joannis
691 2311 898 2348 Antiocheni
927 2312 1137 2357 Epistolam,

250 2375 312 2407 qua
325 2362 520 2408 Ephesinam
547 2363 623 2397 fidei
645 2363 897 2405 definitionem,
925 2363 1071 2398 Nestorii
1083 2362 1137 2397 da-

249 2412 455 2449 mnationem
469 2439 480 2455 ,
507 2425 544 2448 ac
567 2414 762 2448 Succefforis
781 2414 983 2447 Maximiani
995 2413 1138 2447 Ordina-

249 2465 378 2498 tionem
397 2464 526 2498 admisit
548 2487 559 2503 ,
588 2473 687 2504 atque
709 2464 754 2496 ita
775 2473 852 2496 cum
875 2463 994 2496 Sansto
1005 2461 1136 2503 Cyrillo

250 2513 391 2548 &omni
414 2513 556 2548 Ecclesia
569 2523 683 2557 pacem
706 2512 807 2554 fecit,
833 2523 950 2547 omnes
961 2510 1025 2546 huc
1037 2511 1136 2556 usque

250 2564 449 2598 credidimus
473 2564 566 2596 fuisse
586 2572 627 2594 ex
650 2562 783 2606 integro
806 2573 929 2595 novam
945 2585 956 2602 ,
983 2562 1134 2605 scriptam

253 2614 317 2647 isto
338 2623 505 2656 tempore.
528 2609 735 2644 Erravimus.
763 2611 897 2645 Etenim
920 2611 990 2654 ejus
1009 2612 1135 2654 parsest

253 2664 379 2697 dudum
393 2662 557 2699 anterior,
586 2669 703 2704 utpote
726 2670 794 2703 pars
815 2662 974 2704 praesentis
989 2662 1136 2696 Relatio-

253 2714 324 2746 nis.
353 2711 421 2746 Uti
436 2711 577 2754 Joannes
588 2709 753 2752 Cyrillum
764 2710 804 2745 de
818 2710 1029 2755 Apollinario
1039 2722 1136 2755 atque

253 2762 425 2796 Eunomio
439 2786 450 2802 ,
477 2761 523 2794 ita
542 2757 702 2794 hiemum
716 2762 899 2803 frequentet
920 2762 1083 2796 accusavit
1094 2762 1135 2796 de

254 2812 412 2847 Nestorio
433 2836 442 2844 .
468 2810 562 2844 Hinc
585 2809 664 2844 dum
687 2822 799 2854 pacem
820 2811 963 2846 inierunt
983 2836 995 2852 ,
1021 2821 1135 2846 neuter

254 2862 442 2897 constanter
461 2861 570 2895 voluit
590 2863 702 2895 errafle
726 2861 759 2894 in
773 2860 928 2907 dogmate
947 2872 1003 2897 aut
1016 2873 1133 2906 opere,

253 2924 387 2956 uterque
409 2911 518 2949 voluit
541 2911 672 2945 alterius
693 2910 777 2946 Asta
797 2913 938 2948 &Sensa
962 2913 1134 2947 dumtaxat

254 2975 323 2997 non
347 2962 442 3006 plene
467 2962 662 2996 intellexisse
683 2986 690 2993 .
718 2961 813 2996 Hinc
836 2963 884 2996 uti
907 2962 1056 3004 Cyrillus
1077 2964 1134 2997 sua

254 3013 407 3057 Capitula
422 3009 694 3047 anathematizare
715 3012 972 3047 constantissime
984 3012 1133 3047 detresta-

255 3063 324 3105 vit,
350 3065 394 3097 ita
413 3064 447 3098 ὃς
469 3061 525 3096 ille
548 3086 558 3101 ,
586 3074 646 3097 nec
672 3062 780 3104 quoad
801 3062 925 3106 apicem
950 3085 961 3102 ‚
986 3063 1091 3097 voluit
1115 3063 1133 3097 a

256 3113 321 3146 suis
341 3113 472 3156 Scriptis
493 3112 707 3147 retrocedere.
738 3110 884 3147 Proinde
907 3112 1000 3146 istam
1031 3113 1133 3156 ipsam

257 3161 332 3196 fidei
355 3162 581 3204 professionem
599 3187 609 3202 ‚
635 3174 733 3207 quam
760 3162 794 3196 in
808 3163 920 3197 medio
942 3161 1040 3208 litigii
1059 3163 1133 3196 aestu

252 3210 299 3245 ad
312 3209 494 3253 Principem
507 3212 633 3245 miserat
647 3236 658 3251 ‚
682 3213 789 3246 voluit
801 3212 932 3247 admitti
948 3213 982 3246 in
998 3224 1110 3256 pacem
1123 3211 1133 3253 ,'

257 3259 320 3294 &a
337 3260 467 3302 Cyrillo
488 3261 694 3296 confirmari.
722 3263 852 3297 Etcum
874 3263 1034 3297 omnisua
1046 3263 1136 3297 Dioe-

257 3310 316 3344 cesi
329 3309 623 3352 Cyrillusl'ibenter
647 3310 770 3345 admisit
791 3312 1061 3347 &confirmavit.
1091 3314 1134 3347 Et

257 3358 343 3393 certe
369 3358 458 3403 quod
485 3359 623 3402 Joannes
645 3371 811 3403 nunquam
828 3362 1134 3406 blasphemiae,sssed

257 3411 335 3454 solis
357 3409 559 3448 Nestorianae
574 3435 585 3452 ‚
610 3410 782 3450 innoxiam
806 3413 938 3449 credens
960 3438 971 3455 ,
997 3415 1136 3458 personae

693 178 1034 224 “VARIORUM
1070 174 1317 220 Pit-mum
1352 165 1679 235 Epis-rotie,

1164 263 1192 503 l

1220 255 1359 295 faverit,
1381 255 1500 292 diserte
1517 259 1631 295 scribit
1642 260 1752 295 Sixtus
1773 258 1888 296 tertius
1898 255 2058 297 Ponti-fex
2067 259 2104 298 in

1219 305 1305 339 datis
1328 305 1400 349 post
1417 307 1538 342 initam>
1557 321 1670 352 pacem
1681 310 1798 347 litteris
1818 310 1860 346 ad
1870 310 2023 346 Sanctum
2035 311 2106 356 Gy»-

1216 354 1329 395 rillum
1353 371 1364 390 .-
1390 361 1464 390 Non
1479 355 1514 400 se
1533 360 1612 392 exuli
1635 359 1729 400 vestro
1748 385 1760 402 ,
1785 360 1942 397 Nestorio
1969 385 1980 402 ,
1997 361 2103 403 frater

1218 405 1310 446 noster
1329 410 1361 452 J
1364 418 1474 441 oannes
1497 408 1683 448 addiderat,
1708 420 1766 442 non
1786 411 1853 450 ejus
1873 412 1911 452 est
1929 409 2100 454 blasphema

1212 458 1428 498 praedicattone
1439 459 1577 500 deceptus
1591 482 1599 490 .
1624 462 1712 492 Nam
1721 467 1870 502 quantum
1891 473 1993 498 ,rerum
2001 467 2100 497 exitus

1216 507 1321 549 docet,
1342 506 1502 551 suspendit
1525 507 1612 552 suam
1632 507 1840 551 sementiam,
1866 521 1923 544 non
1953 517 2097 555 negavit.

1217 556 1352 602 Utique
1372 559 1408 592 in
1436 558 1584 593 Nestorii
1610 559 1860 596 damnationem
1881 585 1890 594 .
1913 560 2097 600 Postmodo

1214 609 1305 649 enim
1317 608 1419 652 ipsam
1434 608 1530 654 plene
1538 610 1750 646 confirmavit
1763 635 1771 643 .

1352 822 1394 877 C
1427 823 1471 877 A
1506 815 1549 868 1³<
1575 824 1620 877 U
1653 821 1695 869 T
1778 825 1948 874 XVIII,

1208 957 1550 1026 Honm·andffmis
1609 966 1669 1008 (θ’
1719 967 1799 1010 Deo
1849 959 2098 1028 Amicffmis

1277 1032 1502 1087 Presbyteris
1534 1068 1547 1092 ³
1589 1037 1649 1079 59*
1683 1035 1864 1085 Diacont's
1891 1068 1905 1093 ,
1946 1037 2006 1079 (9¹
2040 1051 2098 1080 re·-

1275 1098 1384 1165 liqtn's
1417 1101 1570 1150 Clericis
1602 1139 1616 1163 ,
1664 1122 1711 1150 ac
1747 1101 1955 1152 Monachis
1987 1139 2002 1164 ,
2036 1107 2098 1149 (90

1276 1174 1419 1225 Amicae
1452 1170 1595 1223 Christi
1628 1171 1740 1226 Plebi
1772 1208 1786 1234 ‚
1832 1191 1911 1238 quae
1942 1173 1991 1237 est
2025 1177 2099 1220 iri-‚2

1274 1238 1475 1293 Antiochia
1509 1245 1669 1289 Orientis
1701 1279 1716 1304 ,
1751 1242 1897 1291 Sancta
1932 1247 1964 1290 S
1949 1242 2097 1308 ynodus

1274 1309 1523 1358 Orientalium
1569 1348 1582 1378 2
1636 1317 1696 1359 (9⁴
1742 1311 1909 1362 aliarum
1958 1316 2098 1380 Regio-¹

1272 1400 1363 1437 pum
1396 1416 1410 1441 ‚
1458 1386 1818 1448 Provinciarumque
1861 1419 1875 1443 ,
1922 1402 2001 1448 quae
2028 1399 2099 1450 per

1275 1455 1347 1498 Dei
1378 1455 1555 1518 gratiam
1601 1455 1639 1499 in
1672 1449 1821 1529 Epheso
1870 1467 2098 1520 congregata

1275 1523 1330 1579 est
1344 1526 1379 1579 y.
1931 1523 1940 1528 ,Δ
1997 1522 2001 1528 .

1300 1663 1435 1710 obiscm
1460 1670 1542 1700 Deus
1561 1689 1574 1707 ,
1606 1676 1682 1700 cum
1703 1663 1870 1711 Propheta
1891 1665 2091 1701 clamamus.
2106 1669 2180 1704 Esai.
2199 1672 2234 1710 ιι

1315 1712 1381 1752 Pro
1405 1716 1542 1752 Divinis
1557 1715 1648 1751 enim
1662 1716 1887 1763 Dogmatibus
1905 1725 2069 1752 certamus
2079 1739 2092 1756 ,

1317 1767 1351 1801 ὃς
1378 1766 1596 1803 haereditatem
1622 1767 1769 1802 Paternae
1804 1766 1900 1801 Fidei
1934 1766 2093 1802 intactam

1196 1815 1322 1866 'servari
1343 1817 1510 1853 studemus
1529 1842 1541 1859 ,
1567 1818 1602 1852 &
1621 1816 1849 1862 Apostolicam
1873 1816 2092 1857 Destrinam,

1207 1865 1287 1899 ficut
1311 1867 1507 1911 suscepimus
1527 1867 1688 1901 illibatam
1714 1893 1725 1909 ,
1750 1868 1794 1902 sic
1815 1868 1937 1902 servare
1957 1865 2092 1910 posteris

1207 1915 1414 1951 festinamus.
1441 1917 1578 1959 Propter
1599 1916 1690 1959 quod
1715 1917 1750 1950 &
1777 1917 1929 1950 audacter
1950 1917 2093 1960 longum

1207 1965 1269 1998 iter
1281 1967 1503 2009 affumpfimus
1513 1992 1522 2007 ‚
1549 1966 1581 2000 δε
1594 1965 1719 2000 itineris
1732 1965 1857 2000 labores
1868 1965 2095 2006 sustinuimus,

1206 2014 1242 2048 &
1264 2014 1514 2049 multitudinem
1532 2036 1542 2053 ,
1567 2026 1636 2058 quae
1656 2016 1696 2048 ad
1721 2014 1907 2049 Iiaereticam
1929 2015 2093 2049 vesaniam

1206 2063 1406 2106 declinavit,
1433 2063 1627 2099 fiducialiter
1637 2063 1864 2108 despeximus,
1889 2065 1924 2098 ἀ
1946 2065 2093 2108 impieta·

1206 2114 1248 2147 tis
1265 2113 1451 2149 Authorem
1466 2113 1633 2157 Cyrillum
1656 2114 1921 2149 Alexandrinum
1942 2114 1983 2148 ab
2007 2115 2092 2158 Epi*

1206 2165 1338 2208 scopatu
1356 2165 1495 2199 fecimus
1519 2164 1663 2199 alienum
1678 2188 1689 2205 ‚
1714 2165 1747 2199 ὃς
1761 2164 1936 2209 Ephesium
1947 2189 1959 2207 ,
1985 2166 2042 2208 qui
2057 2165 2090 2199 ei

1205 2214 1246 2248 ad
1258 2215 1408 2250 universa
1434 2223 1627 2259 cooperatus
1637 2215 1681 2249 est
1694 2239 1705 2256 ,
1732 2215 1951 2250 Memnonem
1970 2214 2090 2249 eodem

1205 2265 1350 2300 Decreto
1372 2263 1620 2306 damnavimus,
1645 2263 1848 2308 &subjectos
1867 2275 1983 2299 eorum
1996 2289 2006 2306 ,
2032 2264 2090 2309 qui

1202 2314 1301 2349 etiam
1312 2316 1506 2350 confirmare
1516 2314 1719 2359 impietatem
1730 2315 1871 2359 ipsorum
1885 2313 2091 2358 subscriptio·-

1205 2365 1301 2400 nibus
1324 2367 1589 2411 praesumpsemnt
1609 2390 1620 2407 ,
1655 2366 1964 2400 excommunicatos
1983 2364 2090 2399 effeci-

1203 2426 1293 2450 mus.
1321 2416 1365 2449 Et
1377 2426 1457 2452 nota
1476 2415 1542 2450 haee
1553 2414 1706 2449 Piiffimis
1731 2416 1764 2449 δε
1782 2416 1858 2449 Deo
1873 2414 2089 2449 Amiciffimis

1204 2465 1459 2507 imperatoribus
1477 2465 1616 2499 fecimus
1637 2489 1644 2496 .
1672 2465 1716 2498 Et
1739 2465 1946 2507 suscipientes
1971 2475 2044 2508 quae
2068 2463 2088 2496 a

1206 2513 1303 2549 nobis
1322 2513 1410 2559 gesta
1433 2515 1507 2549 sunt
1529 2538 1541 2554 ,
1565 2512 1793 2557 rescripserunt
1811 2514 2031 2558 significantes
2056 2514 2089 2548 se

1197 2563 1508 2599 condemnationem
1522 2563 1745 2606 praedictorum
1757 2563 1915 2605 suscipere
1927 2562 2062 2597 Parrum
2074 2587 2083 2595 .

1199 2615 1241 2647 Et
1252 2624 1429 2656 praecepere
1439 2637 1451 2654 ,
1477 2622 1513 2646 ut
1523 2621 1640 2645 omnes
1650 2611 1803 2654 expofitae
1815 2611 1849 2645 in
1862 2611 1899 2645 N
1901 2612 1975 2646 icaea
1987 2611 2084 2646 Fidei

1195 2665 1214 2698 a
1236 2663 1362 2697 Sanstis
1386 2673 1423 2696 ac
1446 2662 1556 2695 Beatis
1581 2659 1733 2694 Patribus
1762 2659 2020 2702 subscribamus,
2046 2661 2085 2698 δε

1196 2722 1310 2748 exorta
1332 2710 1481 2746 scandala
1503 2709 1735 2745 abscindantur
1752 2735 1763 2751 ‚
1790 2711 1825 2746 δε
1846 2710 1863 2745 a
1887 2711 2083 2747 rectitudine

1196 2763 1289 2798 Fidei
1311 2760 1519 2797 abdicentur.
1548 2760 1700 2794 Direstus
1721 2759 1799 2794 vero
1823 2760 1870 2794 est
1895 2761 2082 2805 &Ioannes

1195 2811 1539 2858 Magnificentiffimus
1575 2810 1609 2845 &
1657 2810 1913 2846 Gloriofiffimus
1958 2811 2082 2846 Comes

1196 2862 1435 2899 Universarum
1458 2860 1715 2905 Largitionum,
1742 2870 1779 2895 ut
1801 2859 1867 2896 haec
1891 2861 2082 2906 perduceret

1194 2914 1236 2950 ad
1246 2914 1415 2949 effectum:
1441 2911 1511 2958 Qi
1523 2911 1558 2944 in
1570 2910 1717 2946 custodia
1733 2912 1947 2946 munitiffima
1970 2911 2079 2955 Cyril-

1196 2966 1265 3000 lum
1287 2973 1378 2997 tenet
1403 2974 1442 2997 ac
1463 2961 1683 2996 Memnonem
1706 2986 1717 3002 ,
1740 2961 1892 2997 semotim
1916 2971 2080 3006 quemque

1194 3012 1369 3050 detrudens
1387 3035 1399 3052 ‚
1431 3012 1464 3054 §c
1487 3011 1736 3046 multitudinem
1756 3011 1901 3046 militum
1939 3012 2080 3056 praefatis

1195 3063 1360 3100 Domibus
1380 3061 1630 3097 circumsistens.

1244 3113 1307 3150 Sed
1328 3124 1389 3147 nec
1409 3111 1459 3146 his
1483 3112 1575 3146 fastis
1588 3112 1761 3156 quiescunt
1784 3111 1832 3147 illi
1846 3136 1858 3153 ‚
1883 3113 1939 3157 qui
1954 3112 2079 3147 sursum

1195 3163 1319 3199 versfim
1331 3164 1447 3197 cunsta
1468 3163 1678 3206 perturbant,
1702 3164 1737 3198 ὃ(
1758 3163 1951 3197 confusione
1976 3174 2014 3197 ac
2036 3163 2081 3196 ses

1195 3215 1323 3249 ditione
1343 3211 1512 3247 Mundum
1525 3213 1771 3256 compleverunt
1781 3226 1796 3255 ;
1821 3212 1877 3247 sed
1897 3221 2079 3256 perpetran-

1195 3275 1242 3300 tes
1264 3264 1418 3299 consueta
1439 3262 1626 3306 perturbant
1663 3288 1675 3305 ,
1700 3264 1735 3299 ὅ(
1757 3271 1870 3298 contra
1890 3262 2078 3306 semetipsos

1197 3314 1363 3359 Regulam
1375 3323 1624 3348 commoventes
1637 3339 1643 3346 .
1670 3315 1761 3349 Nam
1774 3313 1852 3347 dum
1864 3311 1925 3345 sint
1946 3322 2080 3346 excom-

1198 3363 1354 3399 municati
1368 3388 1378 3404 ‚
1403 3362 1577 3407 semetipsis
1596 3364 1746 3399 audaster
1778 3360 1957 3396 Sacerdotii
1975 3359 2079 3395 Mini2

1197 3415 1328 3450 sterium
1359 3414 1597 3459 resumpserunt
1634 3439 1647 3459 ,
1683 3415 1717 3450 δε
1750 3412 2081 3496 σοιηηιιιῐὲὶσινετιιῃς

1919 3471 2031 3503 amn&
