2320 3730
617 182 923 230 ScitoLns,

226 275 263 300 tu
278 259 505 298 Valentiniani
518 259 605 294 tertii
618 285 629 301 ,
655 271 745 295 anno
757 260 923 305 trigesimo
935 259 1044 303 quinti
1056 259 1106 292 sae-
1117 263 1125 271 “

226 315 312 349 culiz
339 311 419 345 Erat
445 311 510 345 fere
522 311 647 344 Mensis
659 321 737 345 ante
751 311 909 348 Celestini
931 310 974 345 ad
989 308 1108 343 Nesto-

225 363 309 398 rium
331 361 467 396 litteras.
504 361 651 395 Proinde
671 360 845 397 Nestorius
863 359 989 398 dudum
1011 368 1107 393 antea

225 422 455 456 provocaverat
477 412 521 448 ad
529 411 702 455 Synodutn
716 437 726 453 ,
753 412 897 455 &ipsam
920 410 1109 453 impetrave-

223 472 291 497 rat.
321 462 365 496 Et
376 462 466 506 quod
489 462 618 497 dudum
633 472 729 496 antea
754 462 877 506 jactarit
896 461 926 493 se
939 462 1007 493 fore
1017 459 1109 495 istius

224 513 353 555 Synodi
365 513 533 548 Praefidem
548 537 558 553 ‚
570 512 654 550 lucet
666 523 705 545 ex
717 511 825 544 Sanffl
837 509 958 555 Cyrilli
970 508 1087 545 litteris
1097 533 1108 549 ,

222 562 471 597 exstantibusin
487 563 590 606 prima
610 570 697 606 parte
710 558 862 604 Ephefini
876 559 1010 594 Concili
1031 584 1042 600 ,
1066 559 1107 592 ad

226 613 361 647 Clerutn
380 611 813 656 Constantinopolitanum.
841 611 1001 645 Attamen
1024 607 1107 642 indi-

226 664 276 696 ἂι
289 662 443 706 Synodus
453 688 463 703 ,
492 663 601 698 nescio
610 673 652 695 ex
661 661 782 702 quibus
793 661 892 695 causis
903 685 914 701 ,
940 658 1107 703 cespitavit

226 714 262 747 δε
274 712 359 747 haefit
371 739 378 746 .
405 714 499 751 Hinc
508 713 594 749 enim
605 711 743 745 Basilius
754 711 928 745 Diaconus
946 711 980 744 δε
993 708 1107 759 Archi·

226 764 389 798 mandrita
402 789 413 805 ‚
440 763 588 807 &plures
597 773 673 795 cum
686 762 754 804 ipso
768 760 915 806 Collegae
930 786 940 803 ,
950 761 1030 794 dum
1043 760 1108 793 Ne-

227 813 345 848 storius
355 824 499 858 apertum
509 809 760 849 Haerefiarcham
773 823 810 846 ac
821 811 1025 857 Tyrannum
1037 819 1112 854 age·

227 874 299 904 ret,
324 866 395 898 fieri
410 862 583 905 synodum
605 862 831 897 instantiffime
862 861 1068 906 postularunt
1089 860 1107 899 a

227 911 403 955 Principe,
429 913 536 947 &nisi
556 913 647 946 fieret
659 937 671 954 ,
698 923 919 956 provocarunt
937 912 977 946 ad
990 911 1108 945 Domi-

225 973 306 996 num
318 962 431 996 Deum
446 989 454 996 .
482 964 578 997 Facta
591 960 658 997 haec
677 963 821 997 omnino
840 964 915 997 sunt
926 962 996 1006 post
1008 959 1106 995 addu·

225 1013 290 1046 &as
307 1013 341 1046 δε
355 1013 535 1056 publicatas
548 1013 656 1046 SanCti
668 1013 826 1047 Celestini
847 1013 970 1047 litteras
981 1037 988 1045 .
1018 1011 1109 1045 Nam

223 1062 289 1096 isto
299 1071 446 1105 ternpore
458 1063 633 1096 Nestorius
644 1087 655 1103 ,
682 1062 761 1098 licet
772 1062 886 1098 dolose
899 1088 912 1103 ‚
938 1061 1110 1106 profiteba-

225 1120 279 1145 tur
288 1113 698 1156 vocem,Deipara.Nempe
709 1125 750 1148 ex
762 1124 852 1148 metu
866 1112 999 1157 Papalis
1012 1112 1111 1145 Man-

225 1162 310 1196 dati.
345 1163 426 1197 Hoc
437 1162 537 1208 igitur
555 1174 706 1207 tempore
730 1163 845 1208 scripta
869 1165 969 1199 etiam
981 1163 1028 1198 est
1039 1174 1111 1206 pra:-

226 1212 298 1247 sens
310 1212 473 1256 Epistola.
503 1213 640 1257 Propter
653 1213 765 1251 nescio
777 1225 860 1257 quos
880 1223 960 1247 tunc
968 1211 1110 1256 penden-

226 1263 271 1296 tis
282 1262 407 1305 Synodi
419 1262 529 1297 obices
539 1264 620 1297 dicit
639 1277 651 1296 :
680 1266 762 1296 Dum
771 1263 857 1297 nobis
867 1263 1009 1302 synodum
1021 1263 1111 1295 dona-

227 1318 310 1346 verit
321 1337 333 1354 ,
359 1325 450 1356 quam
459 1311 629 1357 speramus.
658 1313 740 1359 Qo
750 1313 869 1348 Mense
881 1312 914 1348 id
926 1314 1025 1348 fuerit
1036 1337 1047 1353 ‚
1061 1324 1114 1347 ne-

227 1363 298 1396 scio
322 1358 542 1408 conjetiurare
559 1388 568 1396 .
600 1363 657 1398 Ut
683 1363 824 1406 Joannes
849 1363 891 1398 de
914 1362 1113 1408 Apostolico

226 1412 395 1448 Mandato
407 1437 418 1453 ,
444 1414 535 1458 quod
546 1422 623 1447 ante
635 1413 830 1447 Nestorium
855 1425 924 1448 non
938 1413 1043 1457 potest
1063 1425 1114 1448 ac-

227 1463 367 1505 cepisse,
393 1462 550 1513 adipsum
561 1462 772 1508 perscriberet
784 1485 797 1505 ,
821 1474 906 1509 opus
916 1464 981 1499 fuit
1002 1463 1114 1508 aliquo

227 1519 375 1555 tempore
388 1537 396 1547 .
448 1522 451 1523 ⁷

410 1711 598 1756 CAPUT
626 1712 923 1770 QJARTUM.
995 1730 1114 1775 μνη-79

239 1876 241 1879 .
283 1823 434 1877 Epzstola
454 1826 828 1875 JoannistAntiochem·
838 1830 869 1864 E
867 1822 993 1877 pistopi
1016 1826 1062 1869 ad

239 1888 241 1890 ’
373 1884 533 1920 Firmum
557 1909 569 1926 ,
598 1879 744 1931 Caefhreae
764 1883 976 1930 Cappadocia

559 1940 591 1974 E
587 1933 763 1989 pzfiopum
784 1966 793 1974 .

325 2061 452 2095 Ffessus
463 2059 596 2103 quidem
609 2085 620 2101 ,
645 2061 703 2104 qui
725 2060 906 2095 secundum
921 2062 1033 2095 Deum
1043 2060 1090 2095 est
1106 2085 1116 2103 ,

350 2121 497 2155 tempore
509 2111 610 2145 nescit
631 2111 782 2155 extingui
797 2135 808 2151 ,
836 2122 895 2146 nec
907 2112 1012 2154 potest
1033 2123 1114 2153 quo-

232 2162 665 2206 modocumquecorrumpi.
699 2161 806 2197 Unde
828 2173 891 2196 tuae
906 2162 1115 2206 Religiosita-

232 2213 276 2247 tis
294 2223 456 2247 memores
477 2223 704 2255 permanemus
724 2237 735 2252 ,
762 2212 819 2256 qui
841 2224 940 2256 parvo
980 2211 1113 2256 quidem

233 2271 380 2307 tempore
392 2263 425 2295 in
437 2262 734 2306 Constantinopoli
746 2261 811 2296 tuis
821 2262 976 2296 amicitiis
988 2263 1114 2296 frueba-

233 2323 330 2352 mur,
356 2313 487 2346 virtutis
507 2312 583 2346 vero
605 2322 669 2346 tuae
680 2313 944 2356 experimentum
968 2323 1114 2356 tempore

233 2363 405 2406 prolixiori
417 2363 606 2407 sumpsimus
618 2388 625 2396 .
639 2362 758 2401 Praeter
768 2363 851 2397 alios
863 2364 1000 2397 enimin
1014 2362 1114 2397 coha-

234 2412 453 2447 bitationibus
464 2424 497 2446 es
510 2415 613 2447 suavis
623 2438 634 2454 ‚
655 2414 689 2447 &
699 2413 886 2447 videntibus
898 2424 931 2447 te
946 2412 1114 2447 humilita-

232 2472 301 2495 tem
312 2473 387 2494 cum
399 2463 554 2495 suavitate
566 2462 688 2503 praestas
701 2487 708 2494 .
736 2464 831 2495 Dum
855 2463 935 2495 vero
946 2461 1112 2495 humilita-

235 2522 303 2545 tem
313 2509 435 2544 secteris
447 2535 457 2551 ,
471 2511 612 2544 excelsas
624 2509 722 2543 habes
736 2510 956 2554 cogitationes
967 2536 974 2542 .
1001 2511 1061 2544 Sed
1072 2511 1113 2544 de

234 2559 286 2594 his
308 2559 444 2604 quidem
467 2559 620 2594 hactenus
634 2559 756 2599 habes,
781 2561 814 2593 &
827 2560 949 2594 distum
960 2561 998 2594 fit
1011 2585 1018 2591 .
1047 2560 1112 2593 Ex-

235 2610 322 2645 cedit
332 2610 422 2644 enim
449 2608 525 2652 styli
541 2609 719 2653 epistolaris
745 2611 931 2646 mensuram
952 2611 1112 2644 virtutum

237 2671 367 2695 tuarum
386 2660 628 2697 dinumeratio.

287 2710 390 2757 Qod
401 2721 512 2745 autem
526 2721 614 2744 nuuc
624 2710 722 2746 instat
733 2736 743 2752 ‚
770 2710 836 2744 hoc
851 2721 912 2745 tuae
923 2711 999 2745 Deo
1010 2710 1112 2745 Ama-

235 2760 358 2795 bilitati
371 2761 518 2806 significo
531 2774 542 2794 .-
562 2762 734 2808 Qioniam
748 2773 803 2805 per
814 2762 879 2795 Dei
892 2762 1031 2806 gratiam
1044 2772 1112 2804 per-

236 2810 400 2850 turbatio,
429 2823 499 2854 quae
511 2822 579 2844 erat
596 2811 892 2856 Constantinopoli
906 2837 916 2853 ,
943 2811 1007 2855 jam
1022 2812 1112 2855 quie-

236 2862 305 2902 vit,
329 2855 553 2904 de'quaestione
564 2861 811 2905 dispensationis
827 2863 884 2906 piae
906 2862 1113 2906 susceptione

236 2912 427 2949 sententiae;
454 2910 535 2946 Non
549 2912 637 2955 quod
657 2913 850 2957 poenitentia
877 2913 928 2946 vel
948 2913 1108 2947 eorrestio

237 2962 276 2995 fit
290 2963 395 2995 secuta
408 2986 419 3002 ,
432 2962 487 2996 sed
502 2963 576 3005 quia
589 2964 664 2997 sana
677 2963 899 3008 intelligentia
912 2989 919 2996 .
932 2962 977 2998 Et
988 2974 1111 2997 nomen

238 3012 305 3045 Dei
328 3012 509 3046 Genitricis
531 3023 752 3056 competenter
772 3015 898 3057 accepit
927 3039 934 3045 .
961 3014 1113 3057 Sapiebat

240 3060 396 3103 siqnidem
415 3061 458 3096 fic
470 3063 557 3106 prius
571 3063 788 3100 Sanffiffimus
801 3065 981 3108 Episcopus
994 3064 1113 3098 Nesto·

241 3110 308 3143 rius
322 3133 332 3149 ,
357 3111 436 3144 ficut
459 3123 507 3148 res
528 3114 601 3155 ipsae
622 3114 805 3148 docuerunt
830 3140 837 3147 .
870 3113 1017 3149 Cavebat
1037 3113 1112 3148 vero

240 3170 387 3198 nornen,
412 3162 512 3198 veluti
525 3162 600 3197 dare
624 3165 725 3208 posset
739 3189 749 3204 ,
776 3175 812 3199 ut
832 3164 975 3199 diximus
990 3190 1000 3205 ‚
1027 3165 1114 3199 unde

241 3220 304 3243 nos
327 3210 476 3252 sequaces
498 3211 637 3248 haeretici
670 3214 872 3258 Apolli-narii
906 3214 1114 3259 reprehende-

241 3269 314 3294 rent
327 3284 335 3291 .
363 3259 451 3305 Quia
463 3259 536 3293 vero
548 3263 588 3296 fic
610 3262 729 3299 &ante
753 3265 917 3308 sapuerit,
944 3265 1022 3300 inde
1038 3277 1115 3301 con-

241 3310 387 3343 Vlsscitur
398 3333 409 3349 2
434 3311 509 3354 quia
535 3310 569 3345 &
581 3311 647 3346 cito
662 3315 811 3350 constitit
822 3340 832 3355 ,
861 3314 1115 3351 admonentibus

240 3358 359 3399 nobis,
370 3359 447 3394 ficut
458 3361 475 3393 a
488 3361 624 3403 propriis
636 3363 672 3398 fit
683 3389 694 3404 ,
719 3365 754 3398 &
771 3366 876 3409 ipsum
895 3377 1017 3400 nomen
1030 3377 1113 3402 acce-

241 3409 310 3453 pit,
335 3409 369 3444 &
383 3409 415 3442 in
429 3410 555 3445 duobus
566 3412 766 3448 sermonibus
788 3417 895 3449 sanam
907 3416 984 3450 fidei
995 3417 1116 3460 exposi-

242 3459 369 3496 tionem
379 3460 412 3494 ἀ
423 3458 733 3506 irreprehensibilem
742 3462 837 3499 nobis
848 3465 976 3500 direxit.
995 3466 1115 3502 Trans-

977 189 1043 222 ετ
1076 171 1274 222 Nous
1311 185 1706 219 utus-rann.

1919 191 1980 233 ⁷23

1170 256 1256 291 mifit
1267 263 1379 290 autem
1389 254 1487 289 nobis
1506 255 1539 289 δε
1551 255 1707 299 Capitula
1717 256 1862 300 quaedam
1872 282 1884 300 ,
1909 259 1972 293 five
1985 270 2056 303 pro-

1171 306 1348 351 positiones
1358 330 1369 346 ,
1395 317 1466 348 quae
1477 307 1754 341 circumferuntur
1766 309 1801 341 in
1813 309 1919 355 Regia
1930 309 2056 347 Civita-

1171 367 1203 391 te
1225 357 1266 392 ad
1291 356 1450 391 laefionem
1473 357 1663 390 communis
1684 357 1835 394 Ecclefiae
1857 385 1868 404 ,
1896 371 2057 407 tanquam

1171 419 1243 451 quae
1263 406 1507 452 Religiofiffimi
1534 407 1689 450 Episcopi
1711 407 1851 450 Cyrilli.
1881 410 1964 456 Qae
1986 412 2059 455 qui-

1171 460 1248 491 dem
1261 458 1328 500 ejus
1337 458 1399 492 effe
1412 469 1482 491 non
1495 458 1592 492 credo
1602 483 1612 498 ,
1639 456 1771 502 eoquod
1785 458 1852 502 ipsa
1863 462 2058 502 compositio

1172 506 1213 547 ab
1224 507 1294 550 ejus
1306 508 1462 552 discrepet
1474 506 1657 547 charassete
1671 522 1683 542 .·
1710 508 1755 542 Et
1766 506 1910 547 multum
1926 507 1989 545 lint
2009 522 2060 553 pe-

1171 560 1301 605 regrina
1326 559 1367 593 ab
1387 558 1461 598 his,
1486 558 1544 603 qui
1566 559 1654 602 piam
1675 559 1874 598 Dostrinam
1897 558 2060 595 discendo

1173 608 1392 644 nutritisunt.
1420 608 1615 650 Consonant
1626 610 1739 649 enim,
1766 610 1875 654 magis
1894 609 1973 643 vero
1985 611 2061 645 sunt

1172 657 1286 691 eadem
1309 657 1359 691 his
1383 684 1394 699 ,
1421 670 1548 704 propter
1569 671 1638 704 quae
1655 659 1883 704 Apollinarius
1903 660 1922 694 a
1935 658 2061 694 Christi

1173 707 1219 741 est
1244 707 1407 750 disruptus
1433 710 1577 746 Ecclesia
1600 736 1611 751 ,
1638 711 1675 744 in
1694 721 1892 754 unaquaque
1911 709 2061 754 antiqua-

1174 768 1245 791 rum
1268 757 1481 800 synodorum
1499 761 1563 794 effe
1585 758 1753 798 hereticus
1774 761 1942 805 judicatus
1962 785 1974 803 ,
2001 761 2061 806 qui

1174 819 1234 847 nec
1255 806 1320 850 jam
1344 807 1602 843 condemnatus.
1777 807 1779 809 ’
1964 806 1966 808 ’
2014 807 2017 810 ⁴

1223 856 1408 891 lnrendunt
1433 867 1574 900 namque
1599 859 1656 893 ista
1670 860 1846 905 Capitula,
1872 862 1955 896 ficut
1975 861 2058 895 licet

1174 907 1236 942 tibi
1256 907 1381 952 legenti
1401 908 1600 952 cognoscere
1624 932 1635 947 ,
1662 910 1790 952 Corpus
1815 935 1828 952 ‚
1854 913 1945 955 quod
1966 911 2060 945 Deus

1175 957 1325 992 Verbum
1337 958 1377 991 de
1389 958 1506 992 Sancta
1521 957 1662 1002 Virgine
1676 958 1841 1001 assumpsit
1857 959 1871 1001 ,'
1894 962 2063 1005 ejusdem,

1175 1008 1267 1052 cujus
1278 1008 1449 1042 Divinitas
1459 1033 1471 1050 ,
1497 1008 1560 1042 effe
1572 1018 1710 1042 naturae:
1738 1009 1925 1046 Divinitate
1936 1020 2062 1054 per-mu.

1176 1059 1338 1096 tationem
1361 1083 1372 1099 ‚
1399 1059 1480 1092 sicut
1505 1058 1616 1098 nosti,
1646 1069 1715 1092 non
1734 1059 1867 1094 valente
1886 1060 2063 1104 suscipere.

1177 1109 1385 1145 Unitionem
1397 1120 1538 1154 namque
1551 1110 1711 1148 summam
1744 1109 1779 1143 ὃς
1795 1108 2067 1152 conjunctionem

1177 1160 1284 1194 dicere
1295 1160 1387 1204 pium
1397 1160 1442 1194 est
1455 1184 1467 1200 ,
1494 1158 1703 1194 identitatem
1726 1158 1804 1193 vero
1819 1169 1941 1193 naturae
1963 1159 2068 1194 dicere

1179 1211 1278 1245 nimis
1288 1211 1446 1244 'sllicitum
1458 1210 1524 1245 est:
1552 1210 1655 1258 Qod
1674 1211 1944 1254 praesumpserunt
1964 1221 2072 1253 quon-

1178 1260 1254 1294 dam
1277 1261 1482 1305 Apollinarii
1499 1261 1534 1295 &
1556 1261 1664 1295 dicere
1688 1261 1723 1295 &
1743 1262 1867 1305 sapere.
1895 1260 1992 1294 Licet
2012 1260 2070 1303 ipfi

1178 1321 1333 1354 quoque,
1361 1308 1498 1353 quihoc
1520 1310 1560 1345 ad
1574 1312 1866 1355 interemptionem
1880 1320 2071 1354 repererunt

1179 1360 1281 1402 fidei,
1306 1361 1398 1396 suam
1408 1371 1519 1395 tamen
1532 1362 1670 1405 impiam
1682 1361 1768 1396 hanc
1779 1361 1950 1406 perfidiam
1972 1361 2073 1395 dene·

1181 1411 1322 1456 gabant.
1353 1412 1402 1446 At
1429 1411 1507 1446 vero
1533 1423 1671 1453 eorum,
1697 1412 1855 1457 quinunc
1879 1413 1974 1452 sunt,
2001 1411 2073 1455 qui-

1182 1463 1260 1498 dam
1270 1461 1336 1497 hoc
1348 1462 1455 1507 ipsum
1465 1474 1542 1496 cum
1554 1461 1674 1498 fiducia
1687 1463 1808 1497 docent
1822 1476 1829 1495 :
1845 1474 1946 1497 unam
1962 1461 2071 1496 dicen-

1184 1522 1232 1546 tes
1254 1512 1441 1548 &eandem
1468 1517 1698 1555 Humanitatis,
1723 1513 1987 1556 Divinitatisque
2007 1513 2072 1547 esse

1183 1571 1354 1605 naturam.
1815 1568 1823 1574 '

1233 1613 1317 1661 Qae
1328 1625 1370 1649 ne
1380 1615 1545 1658 patiamur
1567 1614 1603 1647 δε
1615 1624 1676 1648 nos
1686 1637 1698 1654 ,
1724 1623 1807 1658 rogo
1817 1622 1906 1648 tuam
1919 1611 2069 1656 Religio-

1183 1662 1310 1702 fitatem
1323 1690 1334 1706 ,
1360 1665 1381 1698 fi
1395 1665 1462 1698 haec
1473 1664 1631 1708 Capitula
1644 1666 1678 1697 in
1691 1663 1832 1699 Pontica
1848 1665 1912 1698 sint
1923 1663 2068 1697 Dioecesi

1185 1713 1339 1759 vulgata,
1367 1715 1502 1760 dignare
1525 1714 1593 1749 haec
1616 1715 1874 1759 ipsainspicere,
1901 1715 2072 1757 &cogno-

1185 1764 1277 1804 scens
1294 1765 1594 1811 incongruitatem,
1621 1777 1692 1809 quae
1712 1766 1747 1802 in
1760 1767 1807 1800 eis
1816 1765 1861 1799 est
1876 1790 1887 1806 ‚
1912 1764 2022 1808 abjura
2032 1774 2071 1797 ea

1184 1815 1271 1859 apud
1290 1827 1408 1851 omnes
1428 1817 1506 1852 Deo
1528 1815 1753 1850 Amiciffimos
1776 1815 1959 1859 Episcopos
1978 1838 1988 1854 ,
2014 1814 2072 1858 qui

1185 1865 1299 1901 eadem
1318 1868 1483 1905 sentiunt,
1509 1867 1724 1904 innominato
1740 1864 1880 1903 authore
1907 1867 1961 1899 seu
1976 1863 2074 1898 Patre

1186 1913 1360 1949 verborum
1372 1940 1384 1955 ‚
1410 1926 1507 1958 quem
1519 1925 1625 1958 neque
1643 1916 1817 1956 novimus,
1845 1925 1952 1958 neque
1965 1914 2041 1948 cred
2049 1914 2074 1946 i-

1185 1972 1279 2001 mus,
1304 1965 1328 1995 fi
1347 1965 1530 1997 discamus.
1558 1963 1710 1997 Verbum
1734 1965 1825 1996 enim
1839 1964 1930 1997 Caro
1949 1965 2072 1997 facturn

1184 2009 1229 2044 est
1243 2034 1255 2050 ‚
1282 2020 1353 2045 non
1365 2011 1607 2056 permutatione
1619 2022 1740 2046 natura:
1751 2037 1762 2053 ,
1783 2011 1862 2046 abfit
1875 2026 1886 2046 .·
1917 2010 2072 2046 lmm'uta-

1185 2059 1250 2094 bile
1257 2060 1303 2094 est
1315 2061 1405 2105 quod
1416 2062 1580 2095 Divinum
1592 2061 1638 2095 est
1653 2087 1660 2094 .
1673 2063 1735 2097 Sed
1748 2064 1825 2107 quia
1840 2064 1875 2097 in
1888 2064 1994 2097 forma
2005 2064 2072 2097 Dei

1183 2109 1326 2145 existens
1335 2113 1505 2146 evacuavit
1519 2113 1727 2155 semetipsum
1739 2138 1752 2154 ,
1778 2114 1918 2148 formam
1930 2114 2009 2147 servi
2019 2126 2071 2147 ac-

1182 2161 1305 2204 cipiens
1326 2184 1337 2200 ‚
1362 2162 1396 2196 id
1421 2163 1469 2197 est
1490 2188 1501 2203 ,
1528 2163 1705 2206 perfectum
1726 2162 1899 2198 hominem
1921 2166 2069 2199 sumens.

1182 2210 1335 2245 Invenies
1357 2212 1435 2247 vero
1447 2215 1482 2247 in
1493 2211 1545 2246 his
1568 2212 1769 2258 sapientibus
1782 2214 2071 2258 propositionibus

1182 2261 1245 2295 sive
1257 2261 1423 2305 Capitulis
1448 2262 1609 2298 &alteras
1632 2264 1786 2307 quasdam
1811 2276 1931 2299 vocum
1947 2266 2071 2298 novita-

1181 2321 1228 2346 tes
1239 2336 1250 2352 ,
1278 2323 1350 2355 quae
1361 2313 1504 2348 omnino
1515 2313 1556 2348 ab
1568 2312 1794 2349 Ecclesiastico
1804 2312 1986 2349 charactere
1995 2340 2005 2355 ,
2031 2327 2071 2349 ac

1181 2362 1246 2396 fide
1258 2374 1329 2407 quae
1343 2363 1379 2398 in
1391 2360 1488 2398 nobis
1509 2364 1553 2398 est
1565 2389 1576 2404 ,
1601 2364 1708 2399 aliena
1722 2366 1797 2399 sunt
1809 2390 1816 2399 .
1846 2366 1923 2411 Ego
1934 2366 2070 2410 quidem

1181 2410 1247 2446 haec
1259 2414 1349 2448 velut
1370 2415 1406 2448 in
1433 2414 1521 2448 brevi
1533 2414 1692 2459 Capitulo
1713 2416 1897 2456 nunciavi,
1923 2416 1988 2450 hoc
2002 2427 2072 2449 tan-

1181 2460 1252 2493 turn
1276 2462 1408 2494 interim
1429 2463 1561 2496 studens
1573 2487 1585 2502 ,
1612 2474 1649 2497 ut
1662 2476 1727 2507 ego
1740 2475 1820 2499 nota
1838 2465 1907 2498 haec
1920 2476 1983 2498 tuae
1994 2466 2071 2500 Deo

1181 2507 1390 2544 Amabilitati
1404 2511 1639 2546 tantummodo
1651 2513 1791 2547 facerem
1804 2539 1811 2545 .
1840 2513 1920 2547 Tua
1935 2514 2012 2548 vero
2023 2515 2072 2548 di—

1181 2558 1319 2603 ligentia
1330 2559 1454 2604 ubique
1475 2561 1617 2595 adstruet
1630 2585 1642 2600 ,
1668 2572 1706 2594 ut
1726 2562 1826 2594 fiillic
1849 2564 1971 2597 fuerint
1996 2564 2069 2597 ubi-

1179 2619 1319 2652 cumque
1327 2610 1448 2652 perlata
1462 2635 1473 2652 ,
1499 2609 1639 2644 minime
1651 2611 1872 2654 approbentur
1884 2637 1895 2652 ‚
1919 2624 1956 2647 ut
1967 2613 2068 2651 fidem

1180 2657 1356 2694 Paternam
1370 2661 1493 2695 servare
1504 2660 1710 2695 incolumem
1732 2662 1949 2697 immobiliter
1963 2664 2068 2700 valea·

1180 2721 1274 2751 mus,
1299 2721 1399 2754 quam
1419 2722 1481 2746 nos
1502 2711 1679 2746 defendere
1706 2714 1863 2748 convenit
1881 2725 1919 2747 ac
1943 2715 2065 2756 tutari,

1178 2760 1232 2794 etsi
1259 2760 1364 2795 vitam
1393 2773 1455 2796 nos
1480 2773 1631 2806 oporteat
1657 2774 1779 2806 ponere
1806 2787 1818 2804 ,
1845 2763 2066 2804 valedicentes

1179 2809 1382 2855 Apollinarii
1397 2812 1491 2849 malae
1510 2811 1716 2848 credulitati.

1180 2931 1283 2973 Idem
1302 2931 1395 2974 vero
1410 2935 1573 2981 Joannes
1602 2919 1725 2975 multis
1755 2932 2071 2989 Archicpistopoe

1234 3003 1315 3031 rum
1334 2990 1468 3045 legitur
1494 2989 1667 3046 scripsisse
1692 2991 1839 3034 similia.

1372 3155 1878 3200 SCHOLION.

1292 3264 1362 3299 AEc
1375 3265 1522 3309 Epistola
1543 3265 1659 3310 scripta
1670 3267 1716 3301 est
1730 3265 1802 3310 post
1820 3264 1968 3300 Nestorii
1980 3276 2067 3301 rece-

1318 3326 1411 3360 ptum
1433 3315 1450 3348 a
1462 3316 1586 3360 Joanne
1596 3317 1803 3360 Responsum
1816 3342 1824 3350 .
1852 3318 1963 3352 Docet
1974 3315 2065 3360 quod

1184 3366 1356 3400 Nestorius
1391 3365 1440 3399 bis
1477 3366 1595 3409 Ioanni
1634 3367 1834 3411 responderit
1870 3391 1882 3407 ,
1917 3367 2063 3410 duosque

1185 3417 1256 3451 suos
1269 3415 1508 3461 Apologeticos
1522 3419 1694 3452 rsermones
1711 3419 1752 3453 ad
1765 3418 1870 3462 ipsum
1880 3416 2066 3452 transmise-

1185 3468 1243 3502 rit.
1271 3468 1392 3502 Forsan
1411 3469 1511 3504 etiam
1532 3468 1627 3505 illum
1653 3470 1860 3508 sermonem,
1885 3462 2062 3550 qugm'diss

1955 3524 2015 3549 eci-
