2320 3730
585 183 889 232 Scuorns,

247 263 353 313 Qod
378 259 570 296 Caffinenfis
588 261 758 296 translatio
784 262 820 295 fit
842 260 960 296 melior
981 284 993 301 ,
1019 259 1091 294 de-·

197 317 377 351 monstrant
388 310 479 354 plura
491 310 584 345 loca.
611 311 843 346 Primuslocus
864 313 928 347 est:
951 313 1074 355 ,Quive-

193 365 286 407 stram
295 373 360 396 cum
373 360 467 400 nostra
475 368 664 406 congregavit
677 360 836 403 Ecclesiam
851 387 862 403 ,
886 364 921 396 Θ·
932 362 1009 396 bunc
1017 369 1074 402 pro

194 419 308 458 pietate
319 413 413 445 zelum
431 423 496 446 cum
506 413 576 445 aliis
587 413 674 445 donis
689 413 817 459 largitus
829 412 868 452 est
878 436 886 443 .
915 411 1047 444 Rectius
1060 423 1072 445 .·

196 465 263 506 ‚Qut
282 461 409 503 nostrum
429 462 569 495 sanetum
583 474 703 507 gregem
722 466 913 505 congregavit
937 462 982 493 ad
992 471 1044 493 nos
1063 483 1073 500 ,

195 511 427 555 {astantiumque
461 512 506 546 illi
522 520 580 555 pro
596 518 652 554 pia
669 512 733 555 fide
753 510 880 544 donavit
898 508 990 553 ficper
1012 511 1073 542 alia

194 562 292 596 bona.
318 562 414 596 Alter
425 562 519 596 locus
540 562 605 596 est:
635 566 759 597 Etemm
781 559 930 604 vobisium
952 558 1073 603 sumus,

194 613 244 645 ad
258 612 380 654 fratres
401 611 510 652 nqstros
530 614 738 647 comendentes
762 634 768 641 .
797 611 918 655 Longe
939 609 1072 644 restius:

195 666 365 704 Carpemus
385 674 514 706 namque
531 668 588 697 iter
607 688 619 704 ‚
647 659 793 703 vobiscum
815 669 972 694 manentes
993 686 1000 693 .
1029 663 1075 695 Et

194 711 301 755 rursus
320 711 468 755 vobiscum
482 711 587 756 sumus
599 733 612 752 ‚
633 711 678 744 ad
693 710 815 753 fratres
830 710 939 751 nostros
950 719 1072 744 euntes.

193 763 345 796 Forsitan
366 763 542 808 legendum
561 762 600 795 fit
620 774 628 794 :
655 760 826 803 carpsimus
847 773 976 803 namque
998 766 1076 801 iter,

195 814 257 848 ἐκ.
283 812 421 847 Tertius
435 814 526 847 locus
536 811 600 845 est:
627 813 1054 854 Conntxionempraedicamus
1067 834 1077 850 ‚

196 865 303 898 &non
322 862 507 905 confufionem
530 875 545 904 ς
570 866 706 896 unionem
726 886 738 902 ‚
765 873 823 895 non
844 866 1076 904 contemperatio-

195 924 282 947 nem.
311 912 460 947 Rectius:
487 912 735 954 Conjunt‘i'ionem
757 914 962 955 praedaecamus
982 937 993 952 ,
1022 922 1078 944 non

195 964 267 996 verb
276 961 466 1003 confufionem
473 975 488 1005 ;
514 968 678 996 unitionem
689 987 701 1003 ‚
727 974 786 996 non
798 971 953 1006 tamquam
964 962 1079 1004 aliquo-

194 1023 264 1046 rum
276 1017 441 1046 mixturam
453 1038 461 1045 .
488 1014 633 1056 Joannes
654 1013 744 1046 enim
754 1013 825 1056 agit
837 1013 989 1047 adversus
1002 1013 1080 1047 San-

194 1064 283 1096 stum
294 1062 458 1104 Cyrillurn
470 1084 482 1102 ,
508 1061 565 1105 qui
587 1061 621 1095 in
635 1062 691 1096 sua
710 1062 888 1097 duodecim
905 1062 1081 1106 Capitulo-

194 1122 271 1145 rum
283 1109 434 1152 Epistola
457 1111 579 1155 scripfit
596 1112 638 1146 ad
657 1111 869 1147 Nestorium:
898 1115 991 1159 Imma
1009 1114 1081 1146 verb

195 1160 406 1203 conjunlltonis
415 1161 590 1195 vocabulum
601 1185 612 1202 ‚
639 1170 794 1205 tamquam
804 1164 850 1197 ad
855 1169 994 1197 unionem
1005 1163 1083 1196 hanc

190 1212 428 1253 'exprimendam
454 1224 512 1245 non
531 1210 612 1255 satis
649 1214 785 1246 idoneum
810 1238 823 1254 ,
859 1214 1054 1255 repudiamus
1075 1236 1082 1243 .

195 1261 327 1295 Marius
347 1262 519 1295 Mercator
538 1261 703 1295 transtulit
736 1261 802 1295 hoc
826 1260 928 1296 modo
951 1274 959 1293 z
988 1263 1082 1294 Imma

192 1311 295 1354 potius
313 1311 528 1350 conjuntltonts
548 1322 652 1344 nomen
671 1318 807 1346 vitamus
820 1337 831 1353 ‚
858 1321 1013 1354 tamquam
1026 1322 1083 1345 non

197 1359 325 1400 existens
355 1362 493 1396 idoneum
517 1386 529 1403 ,
553 1362 635 1404 quod
651 1361 794 1406 fignificet
826 1368 957 1397 unitatis
996 1367 1084 1398 Arca-

197 1421 286 1444 num.

249 1460 359 1504 Hujus
379 1459 544 1495 rationem
566 1462 701 1497 Sanctus
715 1461 864 1506 Cyrillus
885 1461 1026 1506 exponit
1048 1462 1084 1497 in

196 1510 318 1545 litteris
338 1509 379 1544 ad
392 1509 608 1544 Valerianum
633 1512 840 1546 Iconiensem
864 1512 1084 1557 Episcopum,

194 1559 454 1603 Metropolitam
473 1560 652 1603 Lycaonia».
680 1573 688 1594 :
715 1566 769 1595 Ne
789 1565 855 1605 erga
879 1563 963 1595 nobis
993 1574 1085 1597 unum

193 1608 290 1652 ¹{ilium
312 1611 457 1643 dividant
475 1635 486 1651 ,
525 1609 641 1654 seorsim
668 1611 796 1645 Verbum
824 1611 991 1653 statuentes
1014 1637 1026 1653 ‚
1051 1615 1085 1647 (9

195 1661 326 1695 alterum
334 1658 436 1703 rursus
441 1660 540 1702 filium
556 1659 672 1704 seorsim
684 1661 831 1695 bominem
846 1663 932 1696 illum
943 1685 955 1701 ‚
980 1668 1034 1705 qui
1047 1674 1084 1696 ex

197 1710 320 1744 muliere
331 1719 423 1744 natus
433 1711 494 1751 est,
520 1711 621 1754 utipfi
638 1714 747 1753 ajunt,
771 1710 831 1756 sed
852 1719 978 1756 cogitent
991 1716 1086 1746 Deum

197 1758 329 1794 Verbum
345 1771 403 1794 non
424 1760 536 1795 bomin}
552 1761 741 1803 conjunctum
759 1763 830 1805 effe,
854 1761 912 1805 sed
918 1761 1016 1805 ipsum
1026 1765 1086 1797 dict

197 1808 478 1853 bominemsac‘lum
501 1837 508 1846 .
540 1811 622 1847 Vox
645 1837 657 1854 ‚
682 1813 885 1854 conjunctio,
911 1812 957 1846 est
985 1813 1086 1847 ambi-

197 1858 313 1896 dextra
325 1874 335 1892 .·
364 1861 454 1904 Apta
465 1861 649 1905 fignificare
671 1863 704 1895 &
716 1861 919 1895 habitualem
936 1862 991 1895 stu
1014 1863 1085 1895 affe·

198 1909 379 1943 aionalem
406 1909 622 1944 Personarum
649 1911 810 1944 unionem
830 1935 842 1952 ,
870 1911 904 1945 &
925 1911 1085 1945 unionem

199 1968 390 1994 naturarum
410 1959 588 1995 secundum
600 1958 799 2003 hypostafim
812 1984 819 1991 .
847 1960 905 1994 Est
927 1961 1000 1994 lana
1012 1971 1085 2003 apta

198 2010 236 2044 ἀ
252 2007 461 2042 orthodoxis
470 2009 603 2043 Ovibus
623 2009 819 2048 vestiendis,
845 2010 879 2047 δε
890 2010 1086 2054 obtegendis

199 2057 408 2093 Nestorianis
430 2057 551 2102 Lupis.
578 2058 674 2094 Hinc
686 2060 787 2102 ipsam
804 2059 923 2093 dilexit
946 2060 1086 2094 &ufita-

198 2108 251 2144 vit
263 2107 456 2149 Nestorius,
482 2109 615 2143 Sanctus
627 2108 773 2152 Cyrillus
795 2109 923 2143 censuit
942 2111 1085 2143 aversan-

198 2158 276 2193 dam
292 2182 300 2191 .
329 2158 412 2194 Non
435 2159 512 2203 quia
534 2170 630 2203 prava
654 2183 666 2200 ‚
694 2157 749 2195 sed
773 2159 850 2204 quia
873 2158 1086 2203 hypostaticae

198 2208 321 2244 unioni
341 2209 564 2252 exprimendas
590 2209 791 2244 insufficiens
818 2233 830 2250 ,
855 2210 889 2243 &
913 2209 1084 2244 adversum

200 2258 350 2293 Nestorii
370 2258 465 2292 dolos
487 2270 556 2294 non
577 2259 652 2293 satis
669 2268 759 2294 tuta.
789 2258 838 2293 At
861 2258 937 2294 vero
946 2261 1086 2303 Joannes

199 2307 433 2343 Antiochenus
446 2319 512 2344 non
526 2308 736 2344 solummodo
750 2319 853 2344 tutam
866 2335 878 2351 ,
905 2321 944 2344 ac
963 2310 1005 2344 ab
1017 2322 1085 2345 om-

198 2359 237 2392 ni
259 2358 407 2401 periculo
431 2358 616 2394 immunem
636 2360 783 2401 censuit,
810 2360 864 2394 sed
887 2361 1018 2404 insuper
1033 2373 1085 2395 ne·

199 2409 366 2442 cessariam
390 2407 542 2442 adversus
562 2409 847 2451 CyrilliCapitula
862 2423 874 2442 .-
900 2409 956 2443 Ad
979 2411 1088 2444 exclu-

201 2456 346 2491 dendam
384 2456 688 2498 Apollinaristicam
722 2466 780 2491 aut
817 2459 1062 2492 Eunomianam
1075 2483 1087 2499 ,

201 2516 302 2549 quam
324 2504 479 2548 Capitula
500 2506 670 2549 praedicare
682 2506 901 2551 putabantur,
925 2509 1086 2542 consutio-

202 2565 304 2594 nem,
330 2556 684 2598 contemperationem,
711 2567 767 2591 aut
779 2558 957 2592 mixturam
970 2583 978 2591 .
1004 2560 1083 2593 San-

203 2605 246 2639 sti
257 2603 376 2647 Cyrilli
391 2605 551 2639 rationem
563 2604 732 2649 infigniter
741 2606 880 2640 illustrat
900 2607 935 2640 in
948 2608 1085 2651 disputa·

202 2655 296 2689 tione
317 2662 431 2688 contra
443 2653 630 2699 Acephalos
653 2655 809 2692 Rusticus
831 2656 1004 2692 Diaconus
1016 2659 1085 2693 Ro·

204 2715 308 2742 manae
320 2705 467 2742 Ecclefiae
480 2730 488 2740 .

943 193 1008 224 ετ
1043 178 1238 225 Nous
1275 192 1671 227 ILLUSTRATAE.

1856 197 1950 235 119

1285 344 1543 394 CAPUT
1580 347 1835 396 XXXVIII.
1875 359 2023 396 --126

1184 494 1357 565 Epistola
1391 496 1523 544 Sanffl
1560 504 1718 552 Joanm's
1762 497 1978 548 Antiochem'

1278 564 1455 636 Epifiopi
1489 604 1502 630 ,
1550 587 1666 636 quam
1707 570 1888 638 Praefifffo

1409 635 1567 707 firipfit
1589 642 1639 689 ab
1666 647 1749 690 An-

1145 851 1375 940 INsatiabile
1394 854 1551 899 quiddam
1573 861 1679 895 revera
1702 862 1850 906 nequitia
1871 862 1917 897 est
1942 888 1950 896 .
1983 862 2032 897 Et

1218 905 1399 940 insatiabile
1410 905 1567 940 nimium.
1597 908 1641 942 Et
1663 910 1727 945 hoc
1746 925 1788 947 ex
1808 913 1884 947 aliis
1897 913 2035 955 quidem

1145 956 1218 1000 quis
1244 956 1396 1000 plurimis
1415 957 1522 991 videat
1537 982 1544 989 .
1578 956 1812 995 Nihilominus
1836 963 1911 997 vero
1935 962 1971 997 &
1994 975 2035 997 ex

1149 1006 1237 1045 istis,
1262 1007 1321 1049 qui
1341 1018 1459 1040 omnes
1469 1006 1808 1052 quidemPrincipum
1831 1011 1940 1055 leges,
1965 1023 2040 1047 om·

1148 1056 1304 1091 nes·vero
1324 1057 1531 1092 calcaverunt
1554 1057 1794 1093 Ecclefiasticas
1827 1059 2038 1096 Sanctiones.

1149 1108 1195 1141 Et
1215 1106 1341 1142 sursum
1366 1107 1496 1142 versum
1512 1110 1628 1143 cuncta
1645 1110 1814 1143 fecerunt.
1844 1110 1926 1143 Non
1948 1113 2041 1146 satia-

1149 1157 1176 1191 ti
1196 1157 1287 1192 enim
1312 1158 1563 1203 Firmus‘atque
1584 1158 1810 1199 Theodotus,
1836 1160 1871 1194 ὃς
1895 1160 2041 1202 quicum

1149 1208 1196 1241 eis
1218 1232 1229 1248 ,
1268 1208 1497 1252 iniquitatibus
1519 1221 1590 1254 quae
1611 1211 1647 1244 in
1673 1210 1827 1254 Epheso,
1855 1212 1888 1244 δε
1911 1221 1983 1254 quae
2007 1211 2043 1244 in

1151 1255 1366 1293 Chalcedone
1385 1261 1473 1294 fastae
1495 1261 1593 1301 sunt,
1619 1261 1654 1294 <Sc
1675 1259 1893 1295 seditionibus
1915 1271 1985 1303 quae
2006 1261 2044 1294 in

1151 1306 1469 1352 Constantinopoli,
1498 1311 1663 1345 everfione
1675 1312 1806 1354 piorum
1823 1310 2020 1357 dogmatum
2036 1335 2048 1352 ,

1151 1368 1240 1393 nunc
1259 1358 1367 1393 rursus
1388 1359 1513 1394 illicitis
1524 1362 1638 1395 omnia
1648 1371 1779 1396 tentant
1812 1363 1886 1396 loca
1897 1360 2040 1396 turbare.

1151 1407 1243 1442 Nam
1265 1421 1355 1444 nunc
1381 1421 1514 1454 quoque
1538 1422 1785 1456 cooperatorem
1809 1411 1870 1446 {ibi
1882 1413 2046 1447 sumentes

1152 1458 1271 1500 illum,
1298 1471 1396 1504 quem
1417 1462 1453 1495 in
1465 1461 1760 1506 Constantinopoli
1784 1463 2011 1506 produxerunt
2034 1486 2046 1502 ,

1152 1509 1341 1544 direxerunt
1364 1519 1479 1546 contra
1504 1524 1566 1545 nos
1576 1513 1617 1546 ad
1629 1513 1801 1556 Ancyram
1823 1514 1945 1547 litteras
1959 1536 1969 1552 ,
1996 1513 2047 1545 in-

1151 1560 1312 1595 firmiores
1323 1561 1469 1601 araneis,
1496 1562 1710 1597 &inaniores
1721 1562 1868 1597 umbris.-
1896 1563 2046 1596 Multam

1153 1621 1261 1643 tamen
1274 1623 1390 1645 eorum
1402 1612 1584 1654 nequitiam
1597 1613 1808 1655 praedicantes
1818 1636 1825 1643 .
1858 1612 1949 1645 Nam
1961 1611 2042 1644 dum

1153 1659 1308 1704 priusipfi
1330 1661 1750 1695 anobis-excommunicati
1774 1661 1871 1702 sunt,
1898 1661 1940 1696 eo
1952 1660 2045 1704 quod

1152 1708 1311 1745 haereticis
1322 1709 1564 1755 subscripserint
1578 1712 1698 1755 Cyrilli
1708 1711 1870 1755 Capitulis
1880 1737 1890 1752 ,
1917 1722 2047 1745 eorum-

1151 1770 1215 1804 que
1240 1761 1443 1804 impietatem
1465 1761 1618 1796 roborare
1642 1762 1927 1806 praesumpserint‚
1952 1760 2047 1795 dum·

1152 1821 1216 1854 que
1239 1812 1599 1846 excommunicationis
1619 1812 1901 1847 conculcaverunt
1938 1812 2047 1845 termi-

1153 1869 1253 1900 num,
1279 1860 1312 1892 &
1326 1861 1594 1894 comministrant
1608 1860 1839 1895 condemnatis
1850 1886 1862 1901 ‚
1887 1862 1922 1895 &
1936 1863 2050 1895 secun-

1153 1908 1233 1942 dum
1245 1909 1439 1943 Sanstorum
1450 1909 1587 1944 Patrum
1598 1910 1743 1955 Regulas
1756 1923 1811 1955 per
1821 1909 1885 1945 hoc
1897 1912 1951 1954 ipfi
1965 1921 2048 1955 quo·

1153 1968 1217 2002 que
1229 1957 1368 2002 depositi
1379 1961 1461 1999 sint,
1489 1962 1711 2003 suspensiones
1730 1972 1846 1995 contra
1867 1973 1927 1994 nos
1944 1962 2046 2004 segre-

1152 2008 1366 2051 gationesque
1377 2008 1555 2042 miserunt:
1584 2008 1699 2043 Simile
1728 2008 1851 2053 aliquid
1862 2011 2046 2050 facientes,

1153 2057 1240 2090 velut
1262 2057 1285 2090 fi
1309 2058 1382 2101 quis
1393 2058 1539 2098 vinctus,
1563 2058 1598 2092 δε
1619 2057 1811 2103 adhucipfis
1836 2060 1977 2094 vinculis
1987 2061 2046 2094 ob-

1153 2106 1295 2142 nodatus
1318 2131 1329 2148 ‚
1356 2108 1562 2143 vincientem
1585 2110 1617 2142 se
1639 2111 1765 2144 vincire
1786 2121 1942 2145 conetur.
1973 2111 2047 2145 Me-

1152 2168 1226 2191 mor
1252 2158 1296 2192 est
1319 2169 1430 2193 autem
1456 2159 1714 2204 Magnificentia
1740 2161 1844 2195 vestra
1868 2186 1879 2201 ‚
1906 2161 1984 2205 quia
2011 2161 2046 2195 δε

1151 2207 1284 2250 quando
1297 2207 1512 2243 Chalcedone
1526 2210 1726 2254 degebamus
1738 2236 1748 2251 ‚
1776 2211 1889 2254 saepius
1916 2212 1950 2245 &
1973 2211 2046 2254 piis-

1152 2258 1232 2291 fimo
1250 2258 1398 2302 Principi
1425 2259 1458 2292 ὅ(
1481 2260 1590 2292 vestrae
1611 2260 1843 2305 Magnitudini
1872 2262 2019 2295 diximus
2034 2285 2045 2301 ,

1152 2308 1229 2351 quia
1252 2308 1455 2352 quicumque
1474 2309 1668 2344 adamnatis
1697 2320 1794 2354 atque
1815 2312 2047 2345 excommuni-

1152 2359 1232 2392 catis
1252 2358 1425 2393 ordinatus
1441 2361 1539 2394 fuerit
1552 2385 1563 2401 ‚
1588 2361 1844 2396 ordinationem
1865 2361 1962 2396 habet
1983 2361 2046 2394 illi-

1152 2408 1253 2440 citam
1281 2408 1314 2441 &
1327 2409 1492 2450 iniquam.
1523 2410 1709 2456 Qomodo
1721 2423 1830 2446 autem
1845 2412 1954 2445 veniet
1974 2412 2045 2455 Spi-

1153 2456 1231 2488 ritus
1251 2457 1355 2499 gratia
1377 2458 1548 2490 orantibus
1571 2460 1638 2498 eis,
1666 2461 1784 2502 quibus
1806 2462 1970 2494 interdicta
1995 2460 2042 2495 est

1153 2506 1335 2540 Sacerdotis
1346 2507 1494 2542 Oratio?
1520 2506 1600 2541 Hoc
1627 2509 1661 2542 &
1674 2508 1757 2541 olim
1769 2509 1943 2543 docuimus
1970 2510 2044 2543 Ma-

1152 2556 1379 2600 gnificentiam
1393 2557 1528 2590 vestram
1543 2582 1550 2588 .
1578 2557 1622 2591 Et
1635 2568 1753 2593 notum
1765 2561 1904 2593 facimus
1920 2560 1952 2591 in
1969 2571 2043 2602 prae·

1152 2606 1258 2645 senti,
1285 2606 1360 2648 quia
1373 2617 1434 2639 nos
1460 2617 1519 2639 nec
1532 2606 1610 2640 istos
1630 2608 1694 2641 effe
1706 2609 1824 2642 scimus
1840 2610 2041 2654 Epit‘copos,

1152 2666 1212 2689 nec
1223 2655 1317 2689 illum
1329 2657 1386 2699 qui
1398 2655 1439 2690 ab
1451 2656 1518 2689 istis
1528 2657 1574 2690 est
1589 2658 1707 2691 fastus.
1738 2659 1827 2692 Nam
1840 2659 1889 2692 illi
1903 2661 2040 2702 quidem

1151 2705 1400 2749 transgreffione
1413 2706 1550 2751 Regulae
1563 2707 1766 2752 subRegulae
1790 2710 1864 2742 fasti
1880 2710 1956 2743 sunt
1977 2721 2041 2753 poe-

1151 2767 1212 2797 na;
1240 2755 1300 2789 Ille
1313 2756 1441 2791 veroab
1452 2758 1500 2790 eis
1510 2755 1595 2791 nihil
1608 2760 1752 2802 accepit.
1780 2760 1870 2804 Quia
1886 2759 1969 2794 nihil
1984 2761 2041 2795 ha-

1151 2806 1271 2840 bebant
1292 2807 1381 2849 quod
1403 2807 1648 2851 impertirentur
1671 2810 1717 2842 illi
1732 2835 1742 2849 ‚
1769 2812 1824 2853 qui
1849 2810 2036 2853 semetipsos

1150 2865 1226 2889 ante
1240 2856 1462 2900 privaverunt.
1491 2859 1574 2893 Haec
1596 2859 1619 2892 fi
1633 2859 1781 2895 Potestas
1801 2860 1899 2893 vestra
1922 2858 2041 2903 proba·-

1151 2906 1231 2940 verit
1249 2931 1261 2946 ‚
1299 2909 1478 2951 quaesumus
1502 2919 1540 2943 ut
1562 2909 1660 2943 etiam
1688 2911 1828 2954 piissimo
1866 2911 1900 2943 δε
1927 2910 2038 2944 amico

1150 2953 1275 2990 Christi
1297 2958 1486 3001 Imperatori
1503 2961 1613 2994 nostro
1632 2961 1783 3004 legantur
1797 2986 1807 3001 ,
1830 2960 1864 2993 &
1877 2959 2038 3005 Magnifi-

1148 3007 1330 3042 centiffimo
1344 3009 1646 3053 Gloriofiffimoque
1660 3010 1835 3053 Praepofito
1847 3035 1858 3051 ,
1884 3010 1917 3043 ὅ(
1939 3010 2037 3045 omni

1147 3057 1256 3092 amico
1278 3058 1401 3093 Christi
1422 3061 1629 3094 Confistorio
1652 3085 1663 3100 ,
1690 3061 1754 3094 five
1787 3061 1918 3094 Senatui
1942 3073 1949 3092 :
1979 3060 2035 3095 Ue

1148 3109 1283 3143 univerfi
1294 3112 1496 3154 cognoscant
1510 3135 1520 3150 ,
1547 3111 1623 3152 quia
1637 3121 1699 3144 nos
1719 3111 1820 3154 usque
1846 3110 1886 3144 ad
1899 3111 2034 3155 praesens

1149 3159 1232 3192 nulli
1245 3161 1459 3204 nosmetipsos
1473 3159 1662 3203 subjecimus
1674 3160 1830 3201 crimini,
1855 3161 1890 3195 &
1904 3162 2034 3207 ordina-

1149 3207 1257 3243 biliter
1269 3211 1381 3245 omnia
1394 3235 1404 3252 ‚
1430 3212 1464 3247 ὅτ,
1476 3211 1711 3255 consequenter
1721 3236 1732 3254 ‚
1753 3210 1930 3247 secundum
1941 3210 2034 3256 quod

1148 3259 1252 3304 placet
1264 3260 1403 3307 Regalis
1414 3285 1426 3304 ‚
1453 3261 1581 3307 egimus
1595 3286 1603 3295 .

1842 3410 1980 3447 SCHO·
