2320 3730
358 203 451 234 110

699 184 1037 230 Vanronom
1073 181 1320 226 Parnon
1356 177 1687 239 EP13101AE9

284 272 440 308 Relatio:
467 274 545 303 Cum
562 268 674 314 septem
696 268 852 314 &septem
872 280 910 302 ex
934 277 1059 309 utraque
1073 272 1164 307 parte
1219 261 1391 300 fortiffime
1400 265 1538 302 suadent
1552 265 1620 301 haec
1632 266 1726 302 verba
1738 280 1749 301 .-
1781 267 1813 301 si
1822 267 1885 302 ulla
1889 272 1977 311 pacis
1986 278 2106 304 reman-

282 321 420 366 Episcopi
434 320 715 364 Constantinopolim
741 320 906 363 venissent,
932 323 1095 358 Imperator
1105 324 1161 346 cet*-

280 375 310 406 to
332 377 474 413 comperit
492 371 634 405 Sandlam
651 372 791 411 synodum
809 393 819 409 ,
849 374 981 404 canonico
1003 366 1106 398 ordine
1127 370 1161 397 in

280 421 413 455 omnibus
431 419 551 463 servato
562 445 571 461 ,
598 424 768 463 Nestorium
787 418 939 462 deposuisse
952 442 959 448 .
987 420 1092 457 ltaque
1104 417 1159 451 Le-

273 482 412 516 gatorum
435 473 540 511 synodi
550 470 701 515 sententia
721 470 888 513 approbata
907 466 1073 511 Orientales
1094 470 1159 511 qui-

272 517 345 555 'dem
372 523 548 560 condemnat
570 545 581 561 ,
606 522 773 562 Nestorium
797 522 868 553 vero
893 518 980 550 exilio
1013 514 1155 548 mulc‘lat.

276 575 337 606 Eis
352 580 524 615 praeterea,
550 576 602 614 qui
625 583 663 605 ex
686 572 797 605 sanna
818 567 923 606 synodo
938 569 1047 609 Legati
1070 576 1158 599 vene-

275 631 350 657 rant
361 647 372 663 ,
398 625 532 666 injungit
555 631 591 655 ut
611 623 656 655 ad
667 620 824 661 Ecclefiam
840 615 876 660 se
895 615 1053 657 fonftrant
1066 640 1077 657 ‚
1103 615 1155 648 lbi·

274 673 402 716 demque
423 673 543 706 samffae
568 671 699 714 Ecclejsi‘ae
726 668 1058 709 Constantinopolitanae
1080 668 1155 708 Epi-

271 722 390 766 scopum
414 733 529 763 creent.
556 723 606 755 Illi
626 728 659 754 in
678 717 835 760 Ecclefiam
859 717 971 761 ingreffi
991 720 1155 751 Maximia-

274 785 347 808 num
357 773 537 816 Episcopum
547 783 617 803 mox
627 778 744 802 creant.
774 767 841 809 Post
863 767 913 800 boc
924 771 1013 810 RegIo
1026 768 1156 816 Manda-

271 831 302 856 to
314 827 494 864 imperatum
505 818 669 864 estfingult's
684 817 842 863 Episcopis
854 842 865 859 ‚
890 827 922 850 ut
934 821 980 856 *ad
995 815 1071 861 suas
1083 818 1154 856 Pro-

270 877 388 905 vincias
412 875 447 908 (9⁰
469 877 608 904 civitates
626 877 821 905 revertantur
842 893 848 901 .
875 867 1030 909 Remanfit
1053 877 1153 900 autem

263 925 296 971 J
297 933 406 955 oannes
420 919 639 960 Antiocheam,
664 925 820 962 ceterique
832 917 996 963 Episcopi,
1024 923 1075 960 qui
1079 925 1154 959 par-

267 982 313 1006 tes
337 970 418 1003 illius
441 970 604 1004 tuebantur·
626 993 637 1009 ,
658 975 691 1009 in
707 968 897 1012 separatione
916 976 1150 1011 permanentes.

269 1020 350 1063 Haec
374 1019 500 1056 exstant
517 1017 631 1052 Graece
651 1019 686 1053 ἀ
706 1020 826 1054 Latine
841 1045 849 1053 .
877 1020 1017 1053 Latinus
1042 1027 1152 1051 textus

262 1070 416 1114 adjungit
436 1095 444 1102 .
471 1069 614 1113 Ingreffics
639 1079 739 1103 autem
764 1069 802 1109 est
831 1070 959 1109 cyrillus
983 1068 1151 1111 Episcopus

262 1120 480 1162 Alexandriam
504 1118 594 1157 Athyr
615 1124 707 1153 tertIa
718 1144 725 1152 .
753 1122 799 1160 Et
812 1118 942 1163 suscepit
961 1130 1027 1152 eum
1040 1123 1150 1152 civitas

262 1180 329 1203 cum
341 1171 436 1204 multa
444 1171 630 1206 exultatione
651 1171 790 1212 &gloria
806 1194 814 1201 .
843 1169 899 1202 Ad
914 1178 1031 1205 voces,
1060 1165 1150 1205 Athyr

258 1226 376 1261 tertia,
403 1218 590 1264 marginalis
614 1217 809 1254 Scholiastes
828 1216 911 1251 redte
939 1216 1031 1251 addit
1056 1230 1067 1250 .-
1095 1215 1150 1256 Est

262 1269 411 1314 trigesima
433 1270 498 1303 dies
508 1268 643 1302 Oc‘lobris·
657 1292 664 1300 .
694 1269 738 1302 Et
758 1268 802 1302 ad
817 1279 932 1308 voces,
962 1270 1051 1310 Regio
1062 1269 1149 1300 Man-

262 1322 357 1360 dato,
382 1319 588 1354 referendum
611 1317 658 1352 est
681 1317 747 1352 hoc
768 1317 927 1354 Scholion
950 1331 959 1351 :
985 1316 1069 1356 Deest
1091 1319 1148 1350 De·

257 1379 387 1409 cretum.
417 1370 466 1404 At
489 1370 576 1404 Ecce
594 1370 640 1403 est
663 1368 768 1405 modo
792 1369 966 1409 inventum
987 1393 994 1402 .
1022 1367 1056 1401 Si
1080 1376 1148 1399 non

258 1420 346 1455 istud
369 1420 476 1464 ipsum
496 1445 507 1462 ,
532 1419 620 1454 certe
644 1430 750 1454 unum
770 1417 789 1453 ὲ
811 1418 962 1454 Decretis
988 1442 1009 1458 ,Δ
1029 1416 1150 1462 quibus

257 1470 393 1511 tandem
416 1471 463 1505 est
478 1470 582 1505 soluta
594 1470 767 1514 Synodus.
796 1470 932 1504 Etenim
953 1467 1047 1503 fuiffe
1058 1467 1149 1511 plura

257 1519 383 1554 evincit
403 1520 512 1555 finalis
534 1520 728 1556 subnotatio
750 1532 759 1554 ς
786 1521 874 1565 Missa
893 1523 986 1553 Sacra
1006 1542 1018 1558 ‚
1045 1519 1151 1551 ultima

260 1575 392 1603 omnium
403 1596 411 1602 .
438 1571 594 1606 Omnino
605 1573 737 1612 filerunt
748 1582 812 1606 tres
833 1569 1021 1614 hujusmodi
1033 1570 1148 1603 Sacrae.

261 1617 372 1659 Prima
383 1619 429 1653 est
441 1620 585 1661 superins
605 1619 765 1660 adducta,
792 1633 862 1665 quae
873 1632 940 1654 non
964 1620 1070 1655 solum
1086 1619 1150 1653 Ne-

258 1667 395 1708 storium
405 1692 415 1708 ‚
445 1667 500 1702 sed
512 1669 613 1703 etiam
627 1669 795 1713 Cyrillum
815 1682 853 1704 ac
863 1670 1086 1704 Memnonem
1099 1670 1152 1702 fir-

262 1717 373 1753 mabat
384 1717 420 1753 in
433 1718 668 1762 degradatione
680 1743 687 1750 .
702 1719 746 1753 Et
757 1720 967 1754 manifestum
979 1720 1023 1754 est
1038 1744 1049 1760 ,
1059 1718 1149 1760 quod

255 1769 354 1805 fuerit
368 1767 592 1805 circumdusta
605 1794 612 1802 .
645 1770 795 1804 Secunda
808 1770 893 1809 fuit,
917 1769 1011 1814 cujus
1036 1770 1150 1813 vigore

257 1819 394 1853 Sanetus
410 1818 560 1862 Cyrillus
581 1817 678 1853 rediit
691 1819 932 1854 Alexandriam
945 1844 956 1860 ,
981 1818 1069 1855 &ab
1080 1830 1150 1852 om-

256 1869 293 1903 ni
305 1867 406 1901 Clero
418 1878 455 1901 ac
468 1867 602 1910 Populo
617 1869 664 1902 est
679 1869 844 1910 susceptus
854 1879 932 1901 cum
944 1867 1151 1902 exultatione

256 1915 406 1962 &gloria
420 1941 427 1948 .
457 1915 595 1950 Etenim
620 1926 681 1949 nec
703 1916 772 1959 ipse
791 1917 872 1953 citra
896 1917 1024 1950 Sacram
1038 1915 1148 1959 Juffio-

258 1978 334 2006 nem
356 1966 462 2001 redire
482 1965 524 2005 ad
539 1967 632 2000 suum
644 1965 826 2004 Thronum
839 1990 851 2006 ,
878 1977 938 2000 nec
950 1965 1067 2002 Clerus
1092 1976 1148 2000 aut

256 2017 405 2062 Populus
428 2017 668 2060 praesumpfiffet
679 2016 786 2060 ipsum
808 2027 885 2054 cum
908 2015 1077 2059 triumpho
1100 2016 1151 2050 su-

257 2068 378 2112 scipere
399 2092 406 2100 .
435 2066 517 2100 Haec
551 2069 686 2111 praesens
711 2066 758 2101 est
779 2067 873 2102 tertia
900 2089 911 2105 ‚
936 2067 970 2100 δε
993 2066 1147 2100 omnium

257 2117 419 2163 postrema
435 2142 442 2149 .
471 2116 504 2150 A
529 2118 690 2161 prioribus
714 2117 819 2162 palam
841 2116 965 2151 diversa
986 2142 993 2149 .
1024 2115 1148 2150 DireHa

254 2174 334 2210 onim
356 2168 396 2210 est
409 2193 420 2208 ‚
447 2169 568 2211 quando
582 2171 654 2210 jam
674 2169 805 2204 redierat
825 2173 859 2206 in
883 2173 1041 2207 civitatem
1059 2165 1148 2210 suam

258 2223 379 2255 Beatus
399 2220 543 2258 Cyrillus.
975 2263 978 2267 ι

311 2269 459 2305 Secunda
470 2270 530 2304 ista
550 2270 680 2317 videtur
694 2272 857 2308 emanasse
869 2270 904 2305 in
928 2272 995 2305 fine
1007 2271 1146 2314 Septem·

260 2320 347 2363 briS,
375 2330 432 2355 aut
456 2321 489 2355 in
502 2322 659 2357 Ostobris
683 2323 846 2357 exordio.
873 2321 1009 2357 Etenim
1030 2331 1066 2353 ut
1081 2321 1147 2362 ipsa

259 2370 425 2416 Ephesum
451 2372 751 2416 Constantinopoli
773 2372 957 2406 mitteretur
985 2395 996 2411 ,
1022 2371 1056 2404 &
1079 2370 1147 2413 ejus

259 2422 372 2467 vigore
392 2422 545 2465 Cyrillus
572 2423 811 2457 Alexandriam
833 2422 1007 2466 appelleret
1027 2419 1148 2464 trigesi-

259 2484 317 2507 mo
336 2468 433 2516 hujus
453 2472 572 2506 menfis
595 2471 670 2512 die,
696 2472 853 2515 opusfuit
877 2480 971 2507 tanto
984 2480 1146 2513 tempore.

261 2520 473 2557 Theodofius
484 2530 596 2566 quarta
608 2522 808 2566 Septembris
832 2521 885 2556 die
898 2522 991 2555 venit
1010 2518 1150 2554 Chalce-

260 2573 383 2608 donem
395 2595 405 2612 ,
416 2573 583 2615 utriusque
593 2572 692 2619 partis
702 2572 847 2616 Legatos
859 2571 985 2606 audivit
996 2570 1125 2611 quinies
1138 2594 1150 2611 ‚

262 2621 430 2658 nihilistic
447 2621 621 2662 definivit,
648 2632 724 2656 cum
746 2620 875 2665 Synodi
895 2620 1032 2665 Legatis
1054 2621 1149 2654 intra-

264 2674 312 2707 vit
326 2671 655 2716 Constantinopolim
667 2696 678 2712 ,
703 2673 751 2707 eis
770 2671 935 2716 delegavit
959 2669 1149 2704 Ordinatio-

265 2734 344 2757 nem
357 2723 435 2757 novi
452 2723 627 2768 Episcopi,
653 2722 688 2756 &
698 2732 780 2758 tunc
793 2720 996 2765 emisit—hanc
1010 2721 1149 2754 Sacram.

265 2773 351 2820 Qae
376 2775 488 2809 omnia
517 2785 587 2809 non
613 2782 791 2810 evenerunt
817 2772 931 2808 diebus
957 2771 1151 2811 continuis,

264 2817 408 2867 ideoque
419 2823 487 2859 haec
499 2825 594 2860 Sacra
606 2824 736 2867 prodire
749 2835 817 2858 non
832 2824 941 2867 potuit
953 2847 965 2863 ‚
993 2821 1051 2860 nifi
1064 2832 1154 2855 men-

265 2874 299 2907 se
336 2874 520 2909 Novembri
548 2900 556 2908 .
604 2874 730 2908 Direda
753 2879 832 2907 enim
850 2873 888 2913 est
908 2896 918 2912 ‚
944 2872 1090 2915 adeoque
1118 2871 1152 2904 δε

265 2925 449 2964 emanavit,
476 2925 596 2967 quando
616 2926 689 2966 ‚iam
709 2925 841 2959 redierat
854 2929 887 2956 in
899 2928 1053 2956 civitatem
1067 2920 1153 2964 suam

269 2974 386 3011 Beatus
411 2976 558 3013 cyrillus.
589 2974 776 3009 orientales
800 2973 954 3016 Episcopi
976 2972 1046 3016 post
1058 2983 1154 3006 acce-

268 3031 356 3064 ptam
376 3024 395 3058 a
415 3023 554 3058 secunda
575 3026 672 3059 Sacra
704 3021 862 3059 redeundi
897 3022 1065 3057 licentiam
1093 3033 1154 3055 nec

269 3071 483 3108 Chalcedone
506 3074 735 3114 discesserunt,
760 3086 821 3109 nec
841 3070 995 3116 Epheso,
1023 3070 1154 3105 utrobi-

272 3130 334 3162 que
346 3121 530 3158 laborantes
550 3123 705 3159 omnibus
725 3124 855 3163 nervis,
881 3132 918 3158 ut
940 3121 1018 3156 novi
1041 3122 1155 3156 saltem

272 3168 426 3214 Episcopi
440 3173 716 3209 -sublimationem
738 3173 954 3219 impedirent,
982 3182 1080 3213 atque
1107 3171 1154 3206 ita

271 3227 382 3262 aperta
401 3222 602 3265 regrediendi
615 3235 740 3267 portam
753 3226 944 3260 reservarent
967 3221 1025 3255 suo
1036 3220 1155 3256 Nesto-

274 3267 326 3305 tio
339 3292 347 3300 .
374 3268 418 3302 Et
430 3271 501 3305 istic
516 3273 703 3308 manserunt
712 3277 814 3320 usque
835 3272 875 3310 ad
890 3272 1045 3316 perastam
1057 3271 1155 3305 Ordi-

274 3316 445 3367 nationem
466 3318 668 3357 Maximiani
692 3347 699 3355 .
727 3325 836 3360 Etiam
861 3321 984 3367 Cyrilli
1010 3321 1153 3355 reditum

278 3365 377 3415 Usque
391 3377 473 3408 tunc
485 3367 694 3410 Theodosius
715 3372 842 3412 videtur
864 3371 1046 3420 ignorasse.
1073 3370 1152 3408 Hoc

1213 312 1253 356 fit
1265 317 1412 354 intentio,
1437 314 1513 347 hanc
1530 318 1631 356 potins
1650 319 1788 361 eligentes
1801 318 1885 352 nobis
1905 318 2014 363 absque
2036 331 2100 354 con·

1220 370 1352 397 tentione
1375 360 1543 406 rescribite.
1571 366 1655 398 Alias
1678 369 1715 399 de
1721 367 1900 408 profefflone
1922 370 2022 411 vestra
2033 382 2103 405 mose

1220 415 1264 447 ad
1285 413 1339 454 ista
1354 437 1364 453 ,
1390 425 1459 456 quae
1477 411 1641 457 scripst'mus
1662 439 1674 455 ,
1698 422 1822 459 cogitate
1842 443 1850 451 .
1877 419 1981 454 Tunc
1999 422 2102 465 igitur

1219 464 1310 498 dedit
1331 464 1417 499 hanc
1438 467 1566 499 Sacram
1590 489 1602 505 ,
1628 465 1662 501 ὅτ.
1683 475 1853 510 utramque
1873 479 1997 513 partem
2018 472 2106 514 juffit

1216 516 1322 554 redire
1334 515 1375 549 ad
1389 517 1517 559 propria
1531 541 1538 548 .
1568 516 1611 549 Et
1624 517 1691 550 fieri
1705 516 1799 560 poffit
1812 543 1823 558 ,
1836 528 1872 554 ut
1886 520 1990 561 plures
1999 522 2102 556 etiam

1217 578 1258 600 ex
1269 567 1384 600 Sancta
1410 566 1550 610 Synodo
1565 565 1746 610 Episcopi,
1770 578 1953 603 exne-mum
1972 571 2018 604 rei
2028 573 2103 606 exir-

1216 626 1288 650 tum
1306 617 1522 658 praestolantes
1534 642 1546 658 ,
1570 618 1659 661 apud
1675 616 1840 662 Ephesum
1851 620 2083 662 permanserint
2095 646 2103 655 .

1218 665 1266 700 At
1288 667 1410 709 Cyrilli
1437 667 1564 702 abitum
1587 692 1598 708 ‚
1622 670 1700 712 quia
1717 669 1911 713 singularem
1932 694 1944 711 ,
1970 672 2104 714 praesens

1219 716 1409 751 subnotatio
1426 717 1526 752 duxit
1538 718 1774 753 notificandam
1786 719 1944 754 Posteris.

1268 768 1401 802 Deinde
1413 767 1618 812 hujusSacrae
1629 780 1758 813 tempus
1769 769 1888 816 pendet
1900 783 1942 805 ex
1951 771 2103 809 Ordina-

1217 819 1241 852 ti
1255 819 1458 852 Maximiani
1472 830 1619 861 tempore
1632 844 1639 851 .
1668 820 1868 855 Communis
1887 823 2005 864 opinio
2016 821 2103 860 hanc

1217 868 1479 903 Ordinationem
1505 870 1614 904 censet
1649 871 1823 916 contigiffe
1862 872 1917 906 die
1949 871 2104 917 vigesima

1215 920 1370 954 Ostobris
1384 944 1395 959 ,
1421 930 1562 963 quatuor
1574 918 1736 955 mensibus
1746 922 1815 963 post
1828 921 2103 967 degradationem

1216 970 1362 1004 Nestorii
1385 995 1392 1003 .
1435 971 1479 1004 Et
1500 972 1661 1005 consonat
1691 970 1903 1014 Nicephorus
1929 972 2106 1007 Calixtus:

1215 1022 1354 1064 ‚Quatuor
1365 1019 1485 1064 Menses
1508 1024 1528 1053 ἃ
1541 1020 1675 1060 Nestorio
1684 1021 1881 1055 exautborato
1893 1022 2078 1064 fffluxerant
2087 1047 2100 1064 ,

1213 1072 1248 1103 (9
1263 1071 1398 1113 Ecclefiae
1414 1077 1582 1115 procuratio
1595 1075 1785 1105 Maximiano
1808 1075 1953 1115 commiffa
1963 1073 2001 1113 est
2012 1097 2024 1113 ,
2049 1077 2107 1116 qut

1213 1124 1246 1150 in
1257 1122 1374 1156 Ordine
1386 1122 1625 1159 Presbyter-orum
1643 1129 1708 1155 erat
1719 1145 1731 1162 ,
1758 1123 1792 1161 ψ
1803 1128 1836 1154 in
1847 1123 2008 1163 Monastica
2030 1128 2103 1156 vita

1214 1171 1356 1201 deerat.
1385 1169 1435 1202 At
1460 1168 1538 1203 vero
1562 1171 1711 1203 Socrates
1730 1170 1840 1204 scribit
1850 1172 1960 1205 aliud:
1989 1174 2103 1206 Trime-

1206 1217 1264 1264 [ἔτι
1281 1217 1384 1260 spatio
1401 1218 1466 1259 post
1477 1218 1695 1253 abdicationem
1706 1219 1836 1258 Nestorii
1844 1219 1981 1263 percurso
1994 1245 2006 1261 ‚
2031 1225 2104 1254 Ma.

1214 1272 1366 1301 ximianus
1391 1267 1559 1311 Episeopus
1580 1268 1750 1312 defignatur
1764 1293 1772 1301 .
1799 1270 1843 1303 Et
1865 1270 1947 1304 infra
1960 1284 1971 1304 .·
2001 1274 2105 1305 Mani·

1202 1324 1316 1351 miano
1338 1318 1384 1351 ad
1403 1315 1619 1361 Episcopatum
1645 1318 2003 1362 constantinopolitanum
2024 1318 2105 1355 dele-

1212 1367 1258 1400 δῖ·
1275 1390 1286 1406 ,
1314 1368 1404 1411 Baffir
1433 1368 1467 1400 ό·
1490 1367 1632 1401 Antiocho
1661 1367 1844 1409 Confialibus
1862 1394 1874 1410 ,
1900 1371 1947 1403 ad
1962 1372 2102 1405 naama

1213 1417 1382 1450 Calendas..
1395 1417 1581 1450 Novembris
1604 1441 1616 1458 ,
1641 1415 1778 1457 Ecctefiae
1791 1417 1892 1456 status
1917 1427 2049 1461 pacatae
2066 1422 2104 1456 θ

1214 1466 1396 1509 tranquillus
1407 1465 1497 1508 fuir
1525 1466 1612 1514 Qae
1623 1466 1691 1501 duo
1704 1467 1779 1501 loca
1800 1478 1869 1503 non
1880 1469 2102 1505 concordant.

1216 1517 1259 1552 Et
1270 1516 1351 1551 hinc
1361 1517 1505 1561 priorem
1515 1516 1686 1551 Henricus
1700 1515 1848 1552 Valesius
1868 1518 1950 1553 reete
1959 1521 2105 1555 correxit

1214 1568 1249 1601 in
1263 1566 1354 1602 hunc
1366 1566 1527 1601 modum:
1555 1564 1676 1609 Elapso
1686 1576 1811 1610 quatuor
1820 1568 1956 1610 menfium
1967 1568 2104 1612 spatici

1214 1617 1387 1660 depastione
1399 1615 1528 1657 Nestorii
1538 1641 1549 1657 ,
1562 1619 1771 1652 Maximianus
1782 1618 1903 1662 eligitur
1912 1618 2080 1663 Episcqu
2089 1645 2099 1654 .

1214 1668 1389 1702 Consonat
1424 1665 1596 1701 Liberatus
1617 1667 1793 1702 Diaconos
1819 1681 1828 1701 ε
1867 1673 1947 1702 Cum
1972 1679 2102 1713 quatuor

1213 1715 1499 1761 tranfiffentxmenses
1509 1715 1574 1760 post
1585 1717 1715 1758 Nestorii
1725 1720 1952 1752 damnationem
1961 1744 1973 1760 ,
1997 1723 2106 1756 Marei-

1213 1774 1333 1802 mianus
1357 1769 1513 1801 ordinatur
1523 1766 1687 1811 Episcopus
1698 1793 1705 1800 .
1734 1768 1881 1804 Proinde
1896 1770 2038 1813 ¹praesens
2047 1770 2107 1805 Sn-

1211 1829 1263 1852 cra
1284 1818 1429 1852 omnino
1456 1817 1586 1852 videtur
1605 1817 1758 1861 prodiisse
1780 1819 1817 1853 in
1838 1819 1906 1854 fine
1916 1818 2074 1858 OCtobris
2089 1842 2104 1862 ‚

1212 1875 1267 1905 aut
1290 1868 1326 1900 in
1353 1866 1491 1900 exordio
1516 1868 1735 1905 Novembris.
1767 1868 1900 1912 Nempe
1916 1868 1958 1903 ad
1969 1869 2104 1912 Epiron·

1213 1927 1271 1959 pos
1299 1939 1310 1956 ,
1337 1917 1394 1960 qui
1418 1917 1513 1950 istam
1533 1916 1792 1951 ordinationem
1818 1919 2106 1963 exspeetaverant,

1211 1976 1267 2000 aut
1286 1966 1444 2009 impedire
1463 1967 1685 2010 speraverant,
1712 1968 1960 2011 compellendos
1977 1966 2105 2013 adpro-

1212 2017 1301 2060 pria.
1332 2017 1375 2053 Et
1402 2014 1470 2059 ipsa
1487 2027 1550 2050 nos
1569 2015 1666 2053 docet
1687 2017 1815 2061 aliqua.
1843 2016 1982 2059 Primo,
2008 2018 2103 2061 quod

1210 2069 1258 2100 uti
1294 2065 1498 2099 Schismatici
1523 2065 1743 2101 orthodoxos
1762 2067 1909 2113 Legatos
1920 2080 1958 2102 ac
1969 2067 2105 2111 Episco-

1209 2127 1268 2160 pos
1280 2115 1320 2149 de
1333 2115 1546 2157 Apollinario
1570 2127 1607 2149 ac
1621 2116 1812 2158 Eummio,
1841 2119 1885 2152 ita
1899 2117 1935 2151 hi
1958 2118 2037 2154 istos
2045 2129 2103 2152 vo-

1209 2166 1330 2201 luerint
1351 2163 1498 2201 damnari
1518 2165 1559 2199 de
1579 2165 1741 2201 Nestorio
1762 2192 1768 2199 .
1796 2166 1951 2203 Secundo
1970 2192 1982 2209 ,
2008 2167 2103 2212 quod

1206 2215 1421 2251 Theodosius
1436 2215 1598 2253 curaverit
1621 2226 1689 2253 rem
1701 2217 1831 2251 mature
1841 2217 1960 2253 discuti
1973 2232 1984 2252 .-
2012 2217 2105 2252 Uti-

1208 2279 1271 2311 que
1305 2278 1361 2311 per
1394 2266 1543 2300 neutrius
1581 2267 1681 2309 partis
1709 2266 1890 2311 Episcopos
1917 2292 1923 2300 .
1952 2266 2099 2309 Tertid,

1208 2317 1298 2362 quod
1324 2317 1450 2351 nullam
1477 2317 1510 2350 in
1540 2316 1770 2353 Orientalibus
1798 2317 1936 2352 haerefim
1956 2318 2102 2360 potuerit

1209 2365 1449 2412 deprehendere
1460 2391 1471 2408 ,
1498 2366 1639 2410 ideoque
1650 2366 1839 2401 constanter
1853 2367 1996 2401 noluerit
2006 2368 2101 2401 dam·

1208 2420 1296 2452 nari.
1324 2416 1521 2461 Emphatica
1535 2417 1609 2450 sunt
1622 2417 1717 2450 verba
1731 2429 1738 2448 z
1757 2419 1924 2460 -Quamdiu
1937 2422 2096 2458 vivimus,

1209 2469 1380 2503 orientales
1407 2468 1584 2509 adjudicare
1604 2477 1662 2498 non
1676 2466 1823 2508 possumus
1844 2490 1851 2498 .
1881 2473 1989 2502 Coram
2013 2466 2098 2501 nobis

1208 2524 1288 2553 enim
1298 2519 1381 2551 nulla
1403 2529 1441 2552 ex
1459 2525 1551 2558 parte
1560 2516 1687 2550 convitii
1702 2515 1792 2558 sunt.
1821 2517 1952 2564 Qartd
1969 2542 1978 2556 ‚
2005 2514 2097 2560 quffl

1208 2567 1420 2603 Theodosius
1441 2566 1550 2600 Sanni
1574 2565 1861 2607 CyrilliCapirula
1880 2578 1941 2599 nee
1963 2566 2099 2601 damna·

1209 2620 1271 2657 rit,
1297 2628 1357 2651 nec
1380 2615 1539 2659 probarit.
1567 2614 1671 2648 Lucet
1691 2625 1733 2647 ex
1747 2613 1869 2648 verbis:
1900 2618 2096 2659 ‚Quippecon-

1210 2678 1261 2702 tra
1287 2678 1343 2701 vos
1370 2665 1520 2699 nonnullis
1541 2665 1715 2698 contendere
1726 2665 1846 2698 volunt.
1874 2665 1974 2699 Forte
1986 2665 2098 2711 legen-

1209 2718 1290 2752 dum
1315 2717 1354 2750 fit
1374 2728 1383 2748 z
1410 2718 1456 2748 De
1478 2715 1626 2747 nonnullis
1647 2738 1655 2745 .
1683 2714 1817 2756 Utique
1843 2714 1884 2749 de
1907 2715 2094 2758 Capitulis.

1209 2765 1362 2814 Qinto,
1388 2764 1477 2809 quod
1489 2765 1636 2807 suspensa
1659 2776 1698 2798 ac
1708 2765 1809 2807 sopita
1832 2764 1893 2799 hac
1916 2766 2095 2809 quaestione

1210 2819 1391 2863 optaritac
1404 2815 1524 2860 rogarit
1549 2826 1662 2858 pacem
1687 2814 1778 2849 fieri.
1805 2815 1928 2856 Sexto,
1954 2815 2095 2860 quodin

1211 2869 1285 2906 talis
1304 2868 1372 2912 spei
1392 2867 1500 2900 casum
1513 2865 1689 2908 permiserit
1711 2864 1819 2900 adhuc
1830 2865 1974 2909 protrahi
1988 2867 2098 2909 Synov

1211 2921 1292 2956 dum
1305 2943 1316 2960 ,
1340 2916 1447 2951 &fibi
1466 2915 1507 2950 ab
1531 2915 1598 2958 ipsa
1618 2915 1764 2952 rescribi,
1791 2916 1942 2959 Septimo
1962 2940 1975 2956 ,
2000 2914 2092 2960 quod

1212 2969 1386 3006 deficiente
1396 2967 1456 3002 tali
1475 2967 1528 3010 spe
1539 2966 1680 3001 voluerit
1691 2977 1806 3002 omnes
1826 2966 1930 3004 redire
1956 2965 1998 3001 ad
2010 2977 2099 3014 pro-v<

1212 3020 1300 3066 ptia.
1329 3019 1374 3054 Et
1386 3017 1450 3053 fuit
1461 3017 1508 3052 ita
1527 3017 1664 3055 saetam.

1860 3413 2040 3454 CAPUT
