2320 3730
344 165 413 197 “10
800 147 1073 192 INDEX

277 234 388 276 caput
412 232 482 266 CL.
522 234 647 263 Initium
669 228 816 269 synodica
840 227 973 269 Ecclesiae
1005 228 1042 260 de
1063 227 1180 272 Proeto,

342 285 431 315 acVae.
1120 288 1130 310 1

271 284 382 376 Cayfciut
392 309 481 372 (fu.
510 330 642 371 Epistola
657 354 667 369 ,
695 329 824 373 inquit,
851 328 1020 360 Theodorcti
1041 327 1084 357 ad
1092 287 1160 356 {ei

325 382 526 420 Amicffmum
544 379 722 423 Episcopum
738 380 956 417 Alexandrum,
986 388 1073 417 quam
1090 372 1160 415 scri-

277 450 279 452 ·
321 432 379 474 psit
393 436 531 463 indicans
545 455 554 469 ‚
581 433 659 473 quod
670 431 761 462 multa
771 433 883 469 oportet
895 434 1017 470 cogitare
1029 427 1064 456 de
1074 428 1157 464 pace,

318 482 354 515 (9'
374 483 506 514 maxime
527 487 599 523 quia
621 485 694 513 certi
715 479 800 521 essent
816 502 826 518 ‚
852 485 903 519 qui
914 477 1037 509 Thronis
1061 486 1159 507 eorum

321 531 533 572 insidiarentur
544 555 552 562 .
1077 522 1158 557 lbid-

269 581 380 624 Caput
405 582 505 615 §.L-11.
533 579 662 621 Epistola
687 602 697 618 ,
739 578 847 621 inquit
868 602 878 616 ,
915 579 976 607 Deo
1000 575 1159 613 Amiciffimi

285 654 287 656 >
322 630 461 674 Episcopi
475 631 640 663 Alexandri
653 630 695 661 ad
706 628 914 661 Theodoretum
925 649 934 663 ,
961 635 1047 666 quam
1059 623 1158 666 rescri-

319 679 376 723 pstt
388 693 494 724 rogans
507 682 628 723 quidem
642 676 755 718 nonsibi
770 680 805 709 dc
815 674 922 716 eisdem
929 674 998 715 fieri
1016 681 1157 715 importu-

324 738 451 765 nitatem
464 756 474 771 ,
501 732 631 773 dirigens
650 732 721 761 vero
736 733 763 759 ei
780 728 900 758 litteras
915 726 935 755 ἃ
954 723 1154 764 Constantino-

316 782 377 822 poli
388 783 447 813 Deo
476 781 635 819 Amiciffimi
648 774 782 809 Monacbi
803 774 980 807 Parthenii.
1087 784 1154 821 314

279 830 390 873 Caput
405 830 525 863 CLIII.
553 828 707 870 Epistola,
732 825 865 867 inquit,
894 823 1050 856 Parthenii
1071 822 1153 866 Pecs

290 906 293 909 .
323 881 413 919 byteri
434 882 469 914 (⁰2⁸
490 876 774 915 Archi-Mandritae,
800 874 842 907 ad
871 877 936 907 *Deo
954 875 1154 914 Amiciffimum

317 929 493 971 Episcopum
507 926 710 959 Alexandrum
722 950 731 958 .

267 979 378 1020 Caput
400 974 521 1010 CLIV.
547 974 705 1016 Epistola,
730 974 839 1017 inquit
860 998 869 1013 ,
898 979 959 1008 Deo
991 976 1153 1013 Amiciffimi

315 1025 455 1069 Episcopi
468 1025 632 1064 Alexandri
652 1026 695 1056 ad
705 1026 849 1057 Acilinum
865 1025 1019 1075 Barbaltffi
1030 1028 1091 1066 Epi
1092 1023 1148 1066 sco—

313 1085 388 1119 pum
403 1099 413 1115 ,
434 1080 490 1117 qui
509 1077 698 1107 indicaverat
711 1081 738 1107 ei
756 1099 766 1114 ‚
793 1076 875 1116 quod
894 1077 1015 1107 multam
1036 1075 1151 1113 instan-

297 1124 559 1168 »ciam-sustineret
578 1124 858 1168 Magnificentiffimfi
877 1128 944 1157 Loci
980 1128 1148 1157 Servatoris

271 1197 274 1201 ·
319 1179 384 1208 Titi
399 1200 408 1215 ‚
435 1176 480 1208 his
503 1174 635 1218 quisunt
655 1181 687 1207 in
703 1175 804 1213 Castro
817 1177 992 1219 mandantis
1006 1199 1015 1213 ‚
1041 1185 1074 1206 ut
1098 1183 1149 1206 aut

309 1234 486 1269 praeparcnt
510 1236 576 1258 eum
603 1231 724 1260 introixe
739 1227 781 1257 ad
795 1223 1002 1257 Antiochenam
1014 1248 1024 1264 ,
1051 1234 1104 1256 aut
1116 1225 1152 1256 de

271 1301 274 1306 .
311 1278 410 1310 eodem
433 1275 536 1313 castro
555 1276 767 1317 propellerent.
1068 1275 1151 1307 ibid.

263 1326 371 1369 Caput
397 1327 503 1371 CLV.
533 1326 668 1367 Epistola
691 1350 702 1366 ,
730 1326 1010 1367 inquit‘,·Mcletii
1032 1326 1075 1357 ad
1094 1327 1153 1356 Deo

315 1374 711 1421 Amicffmum‘Eptscopum
722 1377 927 1408 Alexandrum
940 1400 951 1415 ,
978 1386 1067 1417 quam
1083 1373 1151 1417 scri-

305 1426 364 1469 pfit
378 1422 546 1469 cognoscens
558 1451 568 1465 ,
589 1428 675 1467 *quod
679 1426 740 1467 post
752 1431 907 1459 introitum
915 1429 979 1474 Deo
992 1425 1152 1464 Amiciffimi

307 1475 451 1521 Episcopi
467 1476 638 1508 Theodoreti
651 1481 685 1508 in
701 1475 1027 1508 Antiochiamsscdmmoti
1046 1476 1152 1507 Cilices

317 1527 354 1558 de
371 1526 457 1559 rebus
466 1524 618 1567 propositis
634 1525 759 1566 diversa
770 1526 938 1561 tratffarent'
947 1550 954 1558 .
1086 1524 1150 1572 316

1085 934 1150 971 315
1204 958 1206 961 v

1135 138 1250 188 C‘A
1287 157 1309 185 1²
1344 156 1365 184 ι»
1402 158 1426 185 τ
1462 158 1486 193 υ
1526 157 1584 186 Μ.

1272 220 1385 264 scripsit
1404 224 1447 255 ad
1467 227 1525 256 Deo
1545 224 1746 264 Amiciffimum
1766 224 1947 269 Episcopum
1974 223 2105 259 Alexan-

1276 273 1385 312 drum,
1412 274 1555 306 indicans
1568 277 1647 316 quod
1665 274 1944 309 communicaverint
1966 274 2110 318 secund}

1274 323 1388 355 Ciliciae
1400 324 1572 357 sacerdotes
1585 347 1596 364 ,
1617 330 1725 364 primae
1748 329 1819 359 vero
1839 338 1885 359 eos
1895 325 1976 369 sequi
1999 328 2101 368 potius

1272 373 1385 405 vellent
1396 397 1403 404 .
1636 408 1641 413 ,
2021 376 2103 415 lbid.

1224 420 1332 464 Caput
1352 422 1510 458 CLXIV.
1539 422 1669 463 Epistola
1690 445 1701 462 ,
1729 423 1838 467 inquit
1863 449 1874 464 ,
1901 427 2032 460 Helladii
2060 428 2106 460 ad

1274 475 1335 504 Deo
1358 475 1560 519 Amicjffimum
1580 470 1755 514 Episcopum
1781 475 1986 509 Alexandrum
2006 501 2016 517 ,
2043 489 2103 520 qua

1270 523 1419 556 indicavit
1430 549 1440 564 ,
1464 525 1545 565 quod
1549 521 1671 565 secundi
1687 525 1805 565 quidem
1826 526 1933 557 Cilices
1945 523 2100 561 communi:

1270 580 1428 613 caverint,
1456 575 1646 614 compellatur
1657 576 1728 606 vero
1752 572 1857 616 &ipse
1878 575 1917 609 ab
1936 578 2102 611 omnicle-
2142 581 2144 583 ’

1239 637 1242 640 ⁴
1269 634 1301 655 ro
1322 644 1333 660 ‚
1368 626 1401 657 (9·
1422 622 1577 665 Episcopis
1598 625 1771 656 —Provinciae
1802 622 1866 665 fitae
1883 649 1894 665 ,
1923 623 2102 661 Antiocheno

1257 676 1425 716 conjungi,
1452 673 1615 706 dicentibus
1634 671 1690 714 sibi
1703 673 1868 715 praefatis,
1897 687 1934 708 ne
1953 677 2100 710 deteriora

1268 724 1351 755 mala
1361 725 1532 766 contingant
1542 723 1590 756 his
1603 748 1614 764 ‚
1640 724 1748 765 quibus
1769 734 1845 757 nunc
1866 725 2029 760 coarctatur
2039 730 2101 760 Ec}

1265 772 1356 813 clefia.
2031 788 2096 824 325

1219 823 1327 865 Caput
1352 822 1490 857 CLXV.
1519 821 1650 864 Epistola
1672 847 1683 862 ,
1710 823 1837 865 inquit,
1865 826 1926 857 Deo
1939 828 2099 866 Amiciffimi

1266 871 1405 915 Episcopi
1429 874 1616 912 Alexandri,
1642 885 1733 915 quam
1756 873 1914 916 Tharsenfi
1931 874 2072 918 rescripsit
2089 902 2100 919 ,

1267 925 1575 966 vituperansquidem
1587 925 1708 965 Scripta
1716 922 1804 964 ipsius
1814 948 1824 964 ,
1849 925 2012 958 admonens
2023 930 2096 959 vero

1264 984 1355 1013 eum,
1379 985 1422 1006 ne.
1429 972 1571 1016 desereret
1581 985 1615 1006 ea
1627 998 1638 1014 ‚
1663 984 1729 1016 quae
1739 971 1833 1017 semel
1845 976 1906 1008 Deo
1927 977 2097 1009 amabiliter

1258 1024 1415 1066 judicasset
1426 1049 1433 1056 .
1542 1052 1543 1055 ,
1931 1024 1933 1032 ‘
2015 1026 2098 1059 lbid.

1217 1072 1326 1116 Caput
1337 1073 1494 1108 CLXVI.
1521 1074 1655 1116 Epistola
1677 1073 1868 1114 Theodoreti,
1895 1074 2003 1120 inquit
2018 1099 2029 1115 ,
2053 1079 2100 1107 Ε-

1259 1123 1372 1165 piscopi
1393 1126 1437 1155 ad
1457 1128 1519 1156 Deo
1543 1125 1742 1164 Amiciffimum
1764 1123 1944 1167 Episcopum
1969 1126 2101 1159 Alexan-

1265 1175 1355 1206 drum
1374 1198 1384 1212 ,
1411 1184 1500 1214 quam
1520 1172 1633 1216 scripsit
1651 1169 1814 1216 postquam
1828 1175 1965 1217 ingressus
2001 1180 2099 1208 Antio-

1266 1222 1362 1255 chiam
1367 1226 1397 1266 J
1401 1230 1488 1255 oanni
1507 1223 1545 1262 est
1565 1225 1716 1256 collocutus
1732 1248 1743 1263 ‚
1770 1226 1804 1258 <5
1822 1222 1976 1265 praefarus
2000 1228 2099 1259 Senex

1266 1276 1327 1306 Deo
1339 1274 1522 1313 Amiciffimus
1538 1275 1601 1314 ejus
1617 1298 1627 1313 ‚
1654 1275 1687 1306 id
1698 1274 1735 1314 est
1745 1298 1756 1314 ,
1785 1273 1960 1308 Theodoreti
1980 1300 1992 1317 ,
2006 1276 2097 1309 collo-

1238 1353 1239 1356 ,
1263 1330 1364 1365 quium
1376 1334 1432 1355 non
1442 1323 1480 1360 el}
1487 1323 1588 1365 passus
1608 1325 1731 1356 ulterius
1742 1348 1749 1356 .
2030 1336 2099 1372 327

1216 1372 1322 1416 Caput
1333 1372 1505 1406 CLXVII.
1532 1373 1665 1413 Epistola
1686 1397 1696 1412 ‚
1725 1374 1856 1417 inquit,
1884 1377 1944 1407 Deo
1967 1375 2101 1414 Amic-iffi-

1263 1429 1305 1455 mi
1323 1421 1462 1464 Episcopi
1488 1422 1677 1461 Alexandri,
1702 1433 1763 1464 qua
1787 1421 1940 1464 respondit
1962 1425 2100 1466 indicam:

1252 1474 1384 1514 ,quidem
1396 1469 1501 1513 causas
1513 1494 1524 1510 ,
1550 1482 1618 1512 quae
1633 1473 1668 1503 id
1677 1482 1733 1504 non
1737 1471 1866 1512 fincrent
1874 1472 1943 1513 fieri
1954 1497 1963 1512 ,
1989 1485 2100 1516 rogans

1262 1525 1334 1556 vero
1346 1533 1382 1555 ne
1394 1521 1428 1554 ob
1440 1519 1550 1561 bocfibi
1562 1522 1599 1553 dc
1609 1530 1713 1553 caetero
1734 1521 1892 1560 instaretur
1908 1547 1929 1554 ..
2016 1523 2098 1557 lbid.
2115 1540 2126 1547 *-

263 1575 372 1617 Caput
399 1574 524 1608 CLVI.
555 1574 684 1615 Epistola
703 1599 713 1613 ‚
741 1576 854 1617 inquit
874 1598 883 1613 ‚
911 1578 972 1608 Deo
993 1576 1152 1614 Amicifflmi
1192 1574 1323 1617 ¹Caput
1346 1569 1533 1605 CLXVIII.
1562 1571 1697 1612 Epistola
1718 1595 1729 1610 ,
1756 1571 1864 1614 inquit
1889 1596 1900 1611 ‚
1928 1571 2099 1606 Theodoreti

310 1624 449 1667 Episcopi
477 1625 642 1656 Alexandri
664 1626 710 1656 ad
738 1628 800 1657 Deo
814 1626 1011 1664 Amiciffimum
1026 1623 1150 1666 Episco—

246 1682 274 1686 κ
304 1684 378 1717 pum
392 1675 542 1708 Meletium
558 1698 567 1713 ‚
596 1686 687 1716 quam
695 1673 812 1716 scripfit
827 1699 837 1714 ,
864 1686 928 1707 eum
953 1675 1071 1716 quidem
1092 1682 1150 1715 ap-

303 1724 441 1767 probans
464 1734 520 1766 pro
545 1725 599 1757 tali
612 1723 770 1763 constantia
788 1749 799 1764 ,
825 1726 1002 1770 reliquorum
1018 1727 1151 1757 veroin-

1261 1624 1303 1654 ad
1332 1625 1393 1654 Deo
1426 1621 1622 1661 Amiciffimum
1661 1615 1838 1664 Episcopum
1866 1623 2070 1656 Alexandrum
2082 1642 2101 1663 ,-

1263 1670 1507 1715 quafignificavit
1518 1696 1526 1711 ‚
1554 1672 1634 1713 quod
1643 1673 1750 1704 Cilices
1763 1674 1796 1706 <⁸1
1806 1670 1903 1714 Isauri
1914 1670 2091 1715 subscriptis

1263 1722 1481 1755 conditionibus>
1490 1721 1663 1755 Antiocheno
1677 1720 1738 1762 fint
1749 1723 1894 1755 adunati.
2024 1733 2092 1770 329

308 1774 501 1817 parisinis-‘iarn
524 1776 684 1815 reprobans
709 1799 719 1814 ,
747 1776 780 1808 (9⁹
811 1777 948 1808 indicans
970 1773 1152 1817 persecutio-
1191 1788 1194 1802 ι
1214 1771 1323 1815 Caput
1344 1771 1498 1806 CLXIX.
1525 1771 1682 1813 Epistola„
1707 1772 1815 1816 inquit
1838 1794 1849 1812 ,
1875 1776 1938 1806 Deo
1963 1774 2096 1814 Amicissi-

309 1838 376 1859 nem
381 1825 502 1866 faciam
517 1829 578 1858 Deo
593 1826 754 1864 amiciffimo
768 1826 1052 1867 Epifiopoadcilino.
1085 1836 1102 1871 3
1111 1836 1150 1870 17

265 1876 377 1916 Caput
393 1875 531 1907 (2LV11.
561 1875 695 1915 Epistola
709 1897 719 1911 ,
748 1875 877 1916 inquit,
908 1874 1038 1915 Hesscbii
1050 1874 1148 1911 Casia>

309 1924 432 1965 balenfis
458 1922 595 1964 Episcopi
623 1925 667 1954 ad
678 1921 855 1963 Episcopum
876 1924 1049 1961 Meletium‚
1075 1923 1149 1954 indi·

311 1985 383 2007 cans
399 1976 478 2013 quod
487 1970 622 2013 persuaso
643 1970 822 2003 Antiocheno
832 1994 842 2009 ‚
870 1981 903 2002 ut
916 1976 947 2001 in
957 1971 1064 2002 litteris
1077 1970 1154 2002 nibil

310 2022 495 2066 superfluum
502 2030 663 2062 poneretur
678 2045 689 2060 ‚
716 2021 751 2051 id
761 2019 798 2058 est
810 2044 820 2058 ‚
847 2021 887 2051 de
904 2019 1030 2059 Nestorii
1049 2019 1150 2102 dipofi-

318 2079 400 2108 tione
416 2096 427 2111 ,
455 2069 594 2114 Personae
615 2074 895 2102 communicaverint
913 2068 969 2108 hi,
994 2074 1046 2111 qui
1082 2078 1151 2101 rant

318 2134 355 2156 ex
366 2121 495 2165 secunda
517 2121 622 2157 Cilicia
637 2145 643 2152 .
940 2143 943 2146 -
1067 2119 1149 2152 lbid.

272 2172 381 2215 Caput
408 2170 559 2205 CLVIII.
589 2171 674 2204 Velut
698 2178 733 2202 ut
752 2168 994 2213 Anagnosticum,
1020 2169 1150 2212 inquit,

315 2227 378 2256 Deo
407 2222 568 2261 Amiciffimz·
607 2219 745 2263 Episcopi
766 2221 880 2254 Meletii
899 2221 1169 2284 adMaximinum{

316 2271 493 2315 Episcopum
505 2271 661 2303 Anazarhi
669 2296 676 2302 .
878 2295 880 2299 ,
1085 2280 1102 2317 3
1110 2267 1150 2305 18

267 2324 378 2366 Caput
394 2321 514 2356 CLIX.
543 2323 700 2360 synodica,
727 2321 835 2364 inquit
854 2345 864 2359 ,
893 2323 1058 2373 MaxImJitu'
1081 2321 1151 2359 s&

321 2385 420 2407 eorum
429 2378 480 2414 qui
494 2379 579 2404 erant
600 2382 638 2404 ex
654 2369 784 2413 secunda
798 2370 904 2403 Cilicia
915 2395 924 2410 ,
951 2371 993 2401 ad
1005 2369 1151 2403 Antioche-

318 2434 391 2456 num
403 2424 440 2455 de
449 2428 659 2454 commuuione.
686 2425 731 2454 Et
745 2423 781 2454 de
795 2419 1024 2461 Capitulitfhcit
1048 2430 1080 2451 ut
1093 2419 1154 2452 bae·

319 2477 416 2505 reticis
441 2477 613 2503 mentionem
625 2494 632 2500 .
912 2504 916 2508 λ
1085 2478 1153 2515 320

269 2522 380 2564 Caput
392 2519 496 2554 CLX.
523 2519 655 2558 Epistola
666 2541 677 2556 ‚
702 2519 809 2559 inquit
819 2543 829 2557 ,
854 2516 1022 2549 Theodoreti
1034 2516 1150 2558 Episco-

316 2577 352 2613 pi
370 2570 417 2601 ad
433 2569 601 2602 helladium
614 2565 810 2609 Tharsensem
822 2572 908 2607 ,yqui
928 2571 956 2597 ei
971 2564 1132 2607 scripserat
1143 2591 1153 2606 ,

320 2621 517 2655 &direxerat
537 2618 654 2648 litteras
670 2642 680 2656 ,
707 2627 774 2659 quae
797 2618 817 2648 ὰ
839 2615 1086 2657 Constantinopoli
1106 2628 1144 2649 ve

322 2676 444 2702 nerant.
474 2663 588 2707 scripfit
600 2667 670 2698 vero
686 2674 712 2699 ei
736 2666 881 2699 hortando
893 2677 957 2698 eum
971 2689 982 2705 ,
1009 2676 1042 2698 ut
1061 2672 1153 2698 unire·

323 2729 372 2752 tur
391 2716 581 2756 Antiocheno,
604 2715 732 2758 firmans
745 2741 755 2756 ,
781 2716 889 2757 quoda
914 2722 1028 2749 nemine
1049 2727 1152 2759 cogere—

326 2763 375 2802 'tun
391 2766 556 2808 depositioni
578 2764 735 2807 consentire
758 2764 912 2808 Personae.
1079 2778 1151 2801 -221

281 2820 393 2862 Caput
406 2814 524 2851 CLXI.
552 2816 704 2857 Epistola,
732 2817 836 2859 inquit
858 2839 870 2854 ,
893 2813 1023 2856 ejusdem
1043 2816 1087 2847 ad
1097 2820 1154 2854 Cy-

326 2870 426 2902 rillum
441 2863 620 2907 Adanensem
632 2888 643 2905 ‚
669 2877 758 2908 quam
766 2862 877 2907 scripsit
888 2876 994 2907 rogans
1006 2867 1039 2898 (ν
1052 2863 1155 2907 ipsum,

328 2928 361 2952 ut
371 2926 427 2959 pro
435 2924 509 2957 pace
512 2914 663 2959 satageret
676 2938 686 2954 ‚
710 2913 850 2957 confisus,
883 2921 954 2956 quia
980 2914 1058 2948 nibil
1077 2916 1157 2949 abeo

327 2976 528 3010 expeteretur,
558 2964 613 3006 nisi
626 2963 689 3007 sola
709 2970 885 2999 communio.
1090 2976 1156 3012 322

290 3019 397 3060 Caput
409 3015 544 3057 CLX11.
572 3014 703 3056 Epistola
715 3039 725 3055 ‚
752 3015 877 3057 inquit,
905 3013 1033 3057 ejusdem
1046 3016 1088 3046 ad
1096 3019 1155 3047 Mo-

331 3073 438 3102 cimum
451 3091 461 3107 ,
489 3069 548 3103 Deo
560 3064 756 3103 Amicifflmum
769 3065 954 3098 OEeonomum
964 3066 1156 3106 Hierapolita-

332 3129 379 3149 nae
402 3115 552 3157 Ecclesia,
578 3122 632 3155 per
653 3126 742 3156 quam
749 3113 893 3157 fignificat
912 3116 991 3156 quod
1015 3120 1046 3146 in
1061 3119 1155 3154 Antio

332 3165 430 3199 chiam
456 3164 591 3208 ingr-effus
611 3167 733 3208 Joanni
757 3165 913 3199 collocutus
922 3162 983 3205 fit,
1011 3165 1045 3197 (Ὺ
1067 3175 1100 3197 ea
1123 3165 1159 3198 de

333 3214 438 3258 quibus
451 3220 550 3256 agitur
561 3239 572 3254 ,
600 3216 730 3248 decenter
742 3216 774 3248 cb·
785 3214 952 3256 optabiliter
963 3213 1158 3257 composuerit.

362 3274 414 3309 24·
529 3287 531 3289 -

286 3276 398 3363 Ca{ut
413 3313 564 3349 CLXIII.
594 3313 724 3358 Epistola
737 3338 748 3356 ‚
775 3313 903 3359 inquit,
926 3316 1037 3351 Meletii
1048 3338 1058 3355 ,
1071 3326 1160 3358 quam

1264 1829 1306 1855 mi
1318 1821 1456 1865 Episcopi
1466 1822 1631 1855 Alexandri
1644 1847 1655 1863 ‚
1681 1834 1772 1865 quam
1783 1820 1920 1865 rescripfit
1935 1824 1994 1870 IJeo
2017 1826 2096 1856 Ami-

1261 1873 1363 1910 ciffimo
1374 1870 1517 1912 Episcopo
1529 1871 1703 1904 Theodoreto
1715 1896 1726 1910 ,
1752 1871 1901 1912 insinuans
1923 1878 1994 1914 quia
2016 1871 2096 1905 nibil

1262 1921 1403 1961 interesset
1423 1921 1508 1960 apud
1521 1917 1577 1960 se,
1601 1921 1685 1961 quod
1700 1920 1808 1954 Cilic'es
1833 1919 1974 1962 &Isauri
1996 1916 2107 1955 Antio?

1261 1967 1611 2009 'chenocommunicaffent
1622 1992 1633 2007 ,
1660 1970 1778 2010 quando
1790 1967 1850 2011 ipse
1871 1974 1970 2002 omnia
1979 1968 2099 2011 sustine-

1263 2029 1295 2051 rc
1303 2023 1478 2059 propietate
1488 2018 1631 2059 delegerit
1644 2041 1650 2048 .
2028 2030 2097 2068 330

1216 2068 1325 2111 Caput
1336 2066 1473 2100 CLXX.
1503 2069 1626 2099 Domino
1648 2079 1727 2108 meo,
1754 2069 1788 2101 (9
1803 2067 1963 2110 secundum
1987 2077 2100 2103 verita-

1266 2127 1327 2151 tem
1355 2120 1415 2150 Deo
1426 2116 1612 2155 Amiciffimo‚
1640 2127 1729 2159 atque
1745 2118 1919 2158 sanc‘liffimo
1946 2123 2036 2153 Patri
2061 2122 2097 2154 &³

1264 2165 1407 2210 Episcopo
1420 2166 1549 2204 Nestorio
1562 2166 1752 2201 Theodorctus
1764 2175 1796 2201 in
1809 2172 1934 2202 Domino
1945 2169 2074 2214 salutem
2087 2196 2095 2204 .

1268 2228 1344 2265 33¹·

1218 2267 1328 2311 Caput
1350 2267 1504 2301 CLXXI.
1542 2267 1674 2309 Epistola
1698 2293 1708 2309 ‚
1742 2268 1849 2310 inquit
1873 2292 1883 2308 ,
1918 2272 2032 2303 Meletii
2052 2271 2098 2302 ad

1270 2321 1332 2351 Deo
1357 2319 1553 2356 Amiciffimum
1576 2316 1750 2360 Episcopum
1776 2320 1980 2352 Alexandrum
2000 2328 2095 2362 ‚'qua

1262 2366 1374 2410 scripfit
1386 2392 1395 2408 ‚
1420 2370 1501 2409 quod
1519 2367 1550 2399 hi
1567 2369 1706 2409 quidem,
1731 2373 1781 2410 qui
1802 2379 1890 2402 erant
1907 2381 1945 2403 ex
1966 2369 2097 2412 secunda

1269 2420 1396 2456 Cilicia,
1423 2423 1703 2450 communicaverint
1723 2442 1734 2457 ‚
1760 2419 1814 2451 alii
1840 2422 1911 2452 vero
1932 2421 2040 2453 Cilices
2065 2421 2098 2453 Θ

1270 2465 1370 2509 Isauri
1374 2465 1511 2506 stmiliter
1518 2466 1578 2506 fint
1590 2465 1776 2510 transgreffi,
1805 2477 1871 2509 quae
1886 2471 1940 2509 pic³
1950 2458 2105 2502 indicaves
2118 2509 2127 2513 ⁶

1268 2525 1340 2548 runt
1371 2517 1454 2547 olim.
2031 2528 2049 2563 3
2056 2529 2100 2565 32

1218 2564 1326 2607 Caput
1339 2564 1510 2597 CLXXII.
1537 2563 1668 2603 Epistola
1688 2567 1746 2596 Deo
1769 2566 1930 2604 Amicsffimi
1958 2565 2098 2609 Episcopi

1267 2613 1368 2646 Tbeod
1400 2619 1410 2644 i
1432 2615 1477 2644 ad
1484 2617 1515 2656 J
1519 2620 1641 2655 oannem
1666 2613 1899 2655 Antiochenam,
1924 2615 2014 2658 causa
2038 2620 2099 2650 Deo

1272 2669 1364 2695 Amici
1384 2670 1433 2696 imi
1448 2661 1585 2704 Episcopi
1597 2663 1760 2705 Alexandri
1773 2689 1778 2695 .
2032 2666 2101 2714 333*

1219 2714 1327 2757 Caput
1340 2711 1527 2746 CLXXIII.
1552 2715 1680 2745 Domino
1691 2725 1751 2745 meo
1759 2721 1815 2754 per
1828 2720 1926 2747 omnia
1945 2720 2007 2749 Deo
2022 2722 2100 2749 Ami·

1267 2765 1365 2804 ciffimo
1386 2787 1397 2803 ‚
1434 2764 1468 2796 &
1493 2762 1665 2802 5anc‘liffimo
1689 2762 1836 2806 Episcopo·
1850 2766 1968 2798 *Meletio
1990 2770 2075 2799 Titus
2091 2791 2098 2798 .

1220 2864 1327 2907 Caput
1343 2862 1530 2897 CLXXIV.
1557 2866 1681 2895 Domino
1691 2874 1750 2896 meo
1765 2872 1820 2905 per
1835 2872 1938 2897 omnia
1952 2870 2099 2900 Reveren-

1267 2914 1373 2953 a'iffimo
1383 2938 1392 2953 ,
1419 2915 1453 2946 Θ
1468 2914 1719 2953 Admirandtfflmo
1728 2938 1741 2954 ,
1770 2916 1804 2947 ὠ·
1821 2908 2118 2959 Magnificentissimo:

1268 2967 1335 2996 Tito
1349 2963 1486 2996 Meletius
1497 2987 1504 2994 .
2030 2978 2096 3014 335

1221 3015 1328 3056 Caput
1340 3012 1514 3046 CLXXV.
1540 3013 1673 3055 Epistola
1685 3038 1697 3054 ‚
1723 3013 1832 3058 inquit
1843 3038 1855 3054 ,
1879 3016 2005 3050 Zenobii
2021 3021 2099 3058 Epi-

1265 3061 1345 3106 scopi
1366 3062 1507 3104 Zephyrii
1526 3065 1570 3096 ad
1588 3065 1652 3096 Deo·
1682 3066 1879 3105 Amiciffimum
1917 3066 2098 3109 Episcopum

1270 3114 1474 3146 Alexandrum
1494 3138 1504 3152 ,
1537 3113 1687 3152 insinuans
1710 3116 1805 3157 exiisse
1825 3116 1864 3149 ab
1885 3116 2015 3158 Ecclefia
2036 3121 2098 3149 Deo

1270 3164 1468 3203 Amicissimum
1479 3163 1657 3206 Episcopum
1668 3165 1826 3198 Meletium.
2013 3168 2048 3210 '3
2055 3176 2098 3213 37

1224 3213 1333 3256 Caput
1351 3212 1541 3247 CLXXVI.
1580 3214 1716 3253 Piiffimis
1742 3216 1775 3248 Θ
1798 3216 1983 3249 Amatoribus
2011 3215 2102 3248 chria

1262 3263 1304 3303 sii
1328 3263 1555 3304 Imperatoribus
1579 3262 1680 3302 nostris
1702 3289 1712 3305 ,
1737 3266 1860 3300 Fluviis
1887 3264 2037 3305 Theodofio
2063 3267 2098 3299 (5

1272 3313 1476 3348 Valentiniano
1506 3338 1517 3356 ,
1550 3313 1820 3357 Triumpbatoribus
1854 3338 1866 3356 ,
1902 3314 2064 3348 Vitioribus
2086 3338 2100 3355 ‚

1903 3364 2048 3409 Augustis,
2091 3392 2094 3395 .
