2320 3730
346 167 413 209 ao

275 238 424 276 maxime·
440 244 506 273 tua·
525 186 735 283 Resigiofitas
759 248 830 271 non
857 236 962 277 debet'
981 234 1130 271 admirari
1146 259 1157 277 ,

270 291 356 332 ⁴dum
376 288 475 324 habes
497 287 632 332 antiqua
653 286 749 329 hujus
770 288 920 332 exempla
941 287 1159 331 perplurima.

276 340 354 374 Post
371 338 540 396 paululum
553 337 632 374 vero
645 362 656 379 ,
681 339 703 372 si
716 339 809 373 Deus
818 337 996 378 voluerit
1013 334 1159 370 laudabi-

275 400 327 426 tur
341 390 489 424 nostrum
500 390 585 424 circa
599 388 685 423 istud
707 399 841 432 quoque
852 387 1047 422 consilium.
1075 385 1160 419 Om-

273 451 351 475 nem
364 463 375 481 ‚
401 451 470 484 quas
491 449 601 475 tecum
621 463 632 480 ,
657 439 895 474 fraternitatem
921 448 985 481 ego
1005 460 1016 476 ,
1043 435 1077 472 &
1097 434 1159 477 qui

269 500 325 525 me
336 501 412 525 cum
423 491 522 530 sunt,
542 490 743 527 salutamus,
770 488 971 526 Incolumis,
995 487 1159 529 oransque

270 551 332 583 pro
352 538 448 576 nobis
472 550 658 584 permaneas
672 562 684 580 ‚
709 539 805 573 omui
825 538 953 573 honore
974 534 1074 580 digne
1088 557 1100 574 ,
1122 540 1157 570 ὅ(

271 590 348 626 Deo
377 589 601 625 Amiciffime.
636 616 637 619 η

275 673 280 681 ,
324 639 404 677 Post
417 640 688 684 subscriptionem
701 638 926 682 conspiciens,
950 645 987 671 ut
998 634 1155 678 arbitror,

269 700 385 726 contra
397 702 476 731 eos,
501 691 774 744 quioccafionem
786 687 984 729 exquirunt,
1009 687 1043 720 &
1063 687 1151 727 alio,

269 739 358 785 quod
379 740 518 786 amplius
537 740 689 784 expedit,
715 738 855 771 utimur.
883 736 973 770 Nam
987 736 1074 779 prius
1091 746 1155 771 tuae

215 827 218 831 ,
267 791 509 840 Religiositatis
525 790 686 834 Epistolas
713 787 751 821 in
771 786 827 821 illa
850 786 998 820 doctrina
1017 809 1028 826 ,
1054 797 1154 828 quam

205 842 209 847 '
267 840 417 884 publice
409 854 443 876 ιιι
459 833 600 883 Ecclesia
615 838 779 876 fecimus,
795 837 935 880 amplius
950 848 1005 880 per
1008 838 1154 895 gratiam

106 2801 243 2844 mattha.

265 890 376 925 Dei&
388 891 520 927 Clerum
533 912 544 928 ,
571 888 606 922 δε
616 887 804 930 Populum,
831 888 871 922 ἀ
879 886 939 923 hos
960 888 1017 931 qui
1040 890 1077 921 in
1090 888 1153 956 Im·

265 940 437 984 perialibus
459 939 534 974 sunt
543 935 664 978 Aulis,
686 937 910 1006 attraximus.

262 1040 391 1081 Sermo
401 1036 564 1079 Nestorii
578 1004 988 1103 Constantinopolitani
1001 1035 1153 1091 Fp1sto-

315 1099 377 1152 pi,
398 1108 510 1154 quern
519 1095 638 1143 dixit,
657 1095 745 1137 dum
756 1095 896 1148 tardius
921 1093 1083 1136 intrasset
1099 1095 1152 1136 ad

264 1207 266 1209 -
311 1148 478 1200 'Mensa‘s'‚
499 1151 548 1193 eo
559 1150 670 1209 quod
675 1152 803 1194 necess
805 1166 898 1194 tates
907 1146 1151 1207 poposcissent

316 1214 355 1251 ln
368 1209 594 1265 Secr‘etario.
621 1210 741 1251 Unde
752 1212 854 1250 omni
868 1210 988 1250 Clero
998 1223 1152 1250 concur-

263 1309 265 1311 .
315 1270 410 1309 renti
423 1258 497 1313 ad
482 1281 564 1322 eum
575 1260 687 1313 multa
704 1268 750 1319 dc
771 1262 957 1324 Dogmate
967 1255 1125 1320 disputat
1138 1296 1149 1315 ,

314 1327 380 1380 qui
393 1324 438 1365 fic
453 1327 526 1373 ejus
538 1316 789 1381 Magisterium
800 1323 881 1366 sunt
893 1325 1090 1371 admirati,
1112 1337 1149 1364 ut

315 1382 670 1466 anathematizarent
679 1385 826 1439 e052qui
840 1385 892 1426 ita
903 1396 980 1425 non
993 1379 1146 1436 sapiunt.

308 1494 398 1528 Cum
409 1494 540 1528 diversis
553 1493 678 1529 diversa
697 1493 877 1538 expediant
890 1494 984 1538 super
995 1500 1113 1527 terram
1131 1514 1142 1531 ,

255 1543 376 1586 §taliis
396 1543 530 1587 quidem
554 1543 673 1577 militia
692 1545 791 1588 prosit
817 1569 828 1585 ,
843 1545 928 1578 ‘aliis
949 1553 1059 1577 autem
1081 1541 1144 1578 fori

261 1595 437 1638 negotium
451 1618 462 1634 ‚
488 1593 562 1626 aliis
573 1592 648 1627 vero
660 1595 828 1627 maritimae
836 1605 917 1629 artes
929 1619 939 1635 ,
966 1605 1055 1628 nunc
1070 1590 1146 1627 vero

256 1642 763 1686 quibusdamterrenaexercitia
773 1656 783 1687 ;
793 1645 923 1687 pietatis
933 1643 1061 1688 agnitio
1074 1655 1148 1677 om-

255 1692 357 1728 inibus
378 1692 570 1729 hominibus
592 1693 686 1728 simul
708 1693 753 1727 est
778 1693 891 1728 utilis:
921 1694 964 1727 Et
987 1690 1145 1738 Principi-

257 1743 338 1786 bu5‚
366 1744 399 1778 δι
410 1743 640 1779 Sacerdotibus
651 1769 663 1785 ,
689 1745 724 1778 &
738 1743 937 1779 Potentibus
951 1768 961 1783 ,
988 1743 1022 1777 &
1034 1742 1146 1788 Popu-

258 1793 318 1827 lis.
348 1794 430 1828 Haec
450 1795 516 1839 ipsa
541 1794 652 1835 verd,.
666 1794 701 1829 id
725 1793 771 1828 cst
791 1819 802 1835 ,
831 1794 963 1839 pietatis
987 1794 1120 1840 agnitio
1133 1818 1144 1834 ,

256 1853 296 1877 nt
310 1843 451 1878 breviter
460 1845 580 1886 aliquis
589 1844 680 1878 dicat
690 1869 702 1884 ,
730 1856 830 1887 parco
841 1845 930 1879 e'nim
942 1868 954 1884 ,
982 1844 1142 1887 quoniam

254 1892 291 1935 βε
302 1904 366 1937 ego
379 1893 557 1928 valde'sum
575 1893 756 1938 fatigatus,
775 1894 884 1927 &vos
899 1891 1042 1926 omnino
1063 1904 1143 1926 con·

253 1943 355 1979 stricti
370 1966 381 1982 ,
407 1943 691 1976 consubstantialis
702 1943 748 1975 est
762 1942 982 1985 Deiloquium
994 1943 1141 1976 Trinita-

254 1991 298 2025 tis
309 2015 319 2031 ,
347 1989 541 2026 humanatio
553 1990 737 2034 Unigeniti
752 2013 764 2030 ,
774 1989 808 2023 s&
820 1990 953 2024 Divinae
969 2000 1091 2024 naturae
1102 1992 1141 2025 ad

256 2041 436 2084 humanam
463 2050 612 2076 naturam
634 2040 780 2075 nostram
805 2040 840 2075 in
860 2050 952 2074 utero
974 2039 1153 2085 Virginali·

253 2092 314 2130 ami
322 2092 370 2126 tio
383 2089 571 2131 ineffabilis,
582 2091 754 2132 duarumq3
769 2091 803 2123 in
817 2101 885 2124 uno
895 2090 985 2124 Filio
996 2100 1142 2125 contem-

256 2142 362 2187 platio
382 2150 570 2176 naturarum
584 2166 592 2173 .
618 2141 675 2176 Ob
687 2140 752 2175 haec
776 2139 870 2174 vobis
883 2140 1084 2185 frequentius
1097 2139 1142 2175 di·

255 2192 390 2233 orimus,
417 2193 576 2236 quoniam
588 2191 723 2231 Christus
735 2217 745 2231 ,
773 2190 864 2225 idest
877 2216 888 2231 ,
914 2189 979 2225 hoc
1003 2191 1140 2235 appella·

257 2243 360 2285 ¹tionis
381 2253 501 2277 nomen
516 2267 526 2283 ,
545 2242 807 2286 ,fignificarivum
834 2242 879 2275 est
902 2252 1114 2283 utrarumque
1129 2267 1138 2284 ,

255 2292 293 2329 id
305 2292 349 2326 est
361 2316 371 2332 ‚
400 2292 466 2327 Dei
489 2291 682 2331 &hominis
693 2316 701 2323 .
727 2292 804 2325 Etsi
816 2289 938 2326 dixerit
959 2292 1076 2334 aliquis
1090 2293 1140 2326 so-

258 2342 328 2377 lum
341 2341 629 2388 Christumdieere
640 2348 815 2386 utrumque
829 2366 840 2382 ‚
868 2341 1050 2377 intellestus
1062 2342 1139 2376 vero

254 2403 372 2429 eorum
387 2415 398 2432 ‚
408 2403 479 2437 quae
490 2393 646 2428 dicuntur
657 2419 668 2434 ,
682 2403 853 2436 coaptatur
865 2393 906 2427 ad
923 2404 1139 2437 unamquam-

255 2453 321 2485 que
342 2449 491 2478 naturam
512 2468 519 2475 .
548 2444 643 2479 Hinc
669 2444 702 2477 δε
724 2444 845 2477 Beatus
873 2442 1138 2485 'Evangeliorurn
1179 2473 1182 2476 .

258 2492 476 2535 Conscriptor
494 2492 693 2533 MatthaeuS,
720 2491 761 2526 ad
784 2491 996 2535 Genealogiae
1016 2491 1139 2534 Myste-

257 2542 343 2579 tium
357 2543 511 2581 veniens,
535 2542 554 2574 a
566 2550 679 2576 neutra
693 2551 808 2575 natura
823 2540 1022 2583 principium
1043 2552 1139 2584 gene-

257 2591 395 2625 rationis
419 2591 549 2624 exorsus
571 2590 639 2631 est,
667 2591 725 2624 nisi
748 2590 790 2623 ab
816 2589 885 2632 ipso
898 2589 1054 2630 Christo,
1081 2591 1138 2634 qui

256 2641 305 2675 est
313 2641 467 2675 omniurn
478 2640 666 2675 Dominus.
696 2641 839 2683 Oportet
850 2650 927 2673 vero
938 2635 1084 2682 idipsum
1105 2640 1139 2673 δι

259 2689 463 2731 manifestius
483 2689 590 2724 dicere
615 2714 625 2731 ,
652 2700 689 2724 ut
709 2690 868 2724 efficiatur
889 2689 930 2723 ad
949 2690 1139 2732 perspicien-

258 2740 340 2775 dum
361 2741 485 2774 cunetis
498 2739 627 2774 facilior
637 2740 837 2774 intellestus.
866 2739 980 2779 Liber,
1007 2740 1138 2781 inquit,

260 2788 557 2835 Generationisjesu
581 2789 705 2837 Christi.
731 2789 814 2824 Non
839 2790 908 2823 ait.-
935 2790 1023 2822 Liber
1045 2793 1139 2823 Gene-

252 2847 386 2875 7ιιιιιὶοηὶι
411 2843 468 2874 Dei
493 2840 582 2874 Verbi
600 2865 608 2873 .
636 2839 755 2883 Neque
777 2851 788 2870 .·
818 2839 907 2872 Liber
934 2838 1064 2881 Geni-fios
1088 2839 1138 2872 bo-

259 2896 352 2925 minis·
365 2916 372 2923 .
397 2890 431 2925 Si
441 2891 531 2925 enim
542 2888 671 2924 dixisset
685 2915 697 2931 ,
719 2890 811 2923 Liber
824 2893 1032 2923 Generationis
1047 2890 1139 2922 bomi-

262 2947 312 2975 nis
324 2967 334 2983 ,
361 2952 479 2984 purum
492 2940 589 2975 nobis
600 2939 772 2974 hominem
785 2939 954 2974 Christum
976 2940 1138 2973 videretur

260 2991 453 3034 ostenderc;
480 2991 502 3025 si
526 2990 605 3025 vero
625 2990 775 3029 dixisset,
803 2989 893 3023 Liber
920 2989 1052 3031 Genffos
1081 2993 1138 3023 Det·

262 3040 370 3079 Verbi,
395 3040 616 3076 Divinitatem
640 3040 735 3074 nobis
755 3049 900 3084 exparte
923 3037 1138 3074 humanitatis

262 3090 446 3124 induceret.
476 3091 643 3134 Utrasque
665 3091 768 3135 igitur
787 3100 918 3124 naturas
938 3090 973 3124 in
1002 3089 1139 3133 appella-

257 3139 356 3174 tione
367 3140 507 3175 Domini
521 3139 645 3176 Christi
658 3140 884 3184 complestitur
894 3164 905 3181 ,
932 3150 974 3173 ne
987 3140 1066 3182 quid
1082 3138 1142 3173 ho-

263 3199 336 3224 rum
359 3189 425 3223 sine
444 3191 510 3225 alio
522 3191 614 3234 poffit
628 3191 789 3235 intelligi.
815 3190 910 3224 Hinc
932 3190 978 3223 est
992 3189 1082 3232 quod
1106 3190 1140 3223 &

263 3239 371 3274 Beatae
386 3240 570 3284 Sanetaeque
584 3240 718 3285 Virgini
730 3251 842 3284 aptum
852 3239 898 3274 est
910 3265 920 3280 ,
948 3249 984 3272 ut
997 3240 1032 3273 &
1043 3237 1142 3272 Chri-

260 3289 303 3323 sti
324 3288 477 3323 Genitrix
498 3293 686 3324 nominetur
707 3313 718 3330 ,
756 3290 878 3333 duplici
899 3289 1141 3333 fignificatione

263 3337 441 3380 vocabuli,
467 3337 502 3373 id
524 3340 591 3381 est,
616 3339 683 3375 Dei
712 3338 912 3381 Genitricis,
935 3339 968 3372 &
997 3338 1141 3373 hominis

266 3388 448 3426 Genitricis
464 3414 471 3421 .

311 3438 484 3487 Qoniam
505 3437 583 3481 vcro,
606 3441 808 3476 conveniens
829 3439 875 3476 est
896 3448 1024 3486 propter
1049 3438 1141 3481 illos,

653 171 670 178 —
679 145 1033 198 νιιιιοιιυιι
1065 144 1317 198 Paruum
1340 139 1675 204 {Epis-rotis,

1219 245 1276 277 qui
1287 242 1387 268 etiam
1404 235 1576 273 clarIorem
1600 237 1641 273 de
1658 234 1787 273 Partice
1809 236 1933 274 Christi
1953 238 2100 286 exigunt-

1219 283 1419 318 intellestum
1433 307 1444 324 ,
1470 285 1505 319 δε
1513 288 1657 331 maxime
1665 299 1741 322 cum
1761 290 1824 324 fint
1834 289 1981 325 Ecclesiae
1990 291 2069 326 Filii
2081 316 2094 334 ,

1218 335 1253 369 ἃ
1264 332 1331 369 hoc
1343 334 1428 378 apud
1440 346 1497 369 cos
1508 337 1556 370 uti
1571 338 1732 372 vocabulo
1744 338 1894 381 clariori,
1927 342 2094 386 propterea

1218 397 1287 428 quae
1298 383 1384 428 prius
1396 385 1484 421 brevi
1497 386 1716 428 appellatione
1723 388 1764 422 de
1775 389 1876 425 Beata
1887 391 1943 425 illa
1965 393 1999 426 ἀ
2011 393 2093 426 San-

1219 436 1268 468 ‹Sia
1279 434 1421 479 Virgine
1441 436 1705 478 praedicavimus,
1732 435 1800 471 haec
1821 438 1856 472 &
1875 452 1965 475 nunc
1988 443 2095 477 mani-

1218 484 1401 520 festioribus
1423 486 1616 525 nominibus
1637 487 1861 527 exclamamus
1886 501 1894 522 ε
1920 491 2093 538 Qoniam

1218 536 1331 570 Sansta
1344 535 1451 580 Virgo
1470 537 1578 571 &Dei
1602 537 1756 571 Genitrix
1779 538 1864 573 ideo·
1875 563 1885 579 ,
1910 542 1987 583 quia
2009 542 2092 577 illud

1218 585 1422 629 Templum,
1447 587 1537 631 quod
1550 587 1584 621 in
1609 598 1645 621 ea
1668 599 1710 621 ex
1724 587 1844 630 Spiritu
1869 590 1988 625 saneto
2009 602 2093 626 crea-

1218 645 1289 670 tum
1310 635 1358 670 est
1378 662 1388 678 ,
1417 637 1542 671 Deitati
1564 646 1632 671 erat
1655 638 1786 672 unitum
1807 651 1817 682 ;
1845 638 1990 674 hominis
2014 642 2093 676 vero

1219 685 1405 727 Genitrix,
1432 686 1566 732 eoquod
1589 688 1702 722 nostrae
1725 698 1847 722 naturae
1866 691 2027 732 primitias
2048 693 2094 726 as.-

1217 736 1349 780 sumpfit
1370 737 1478 772 Deus.
1505 737 1588 772 Haec
1613 739 1733 772 suntin
1748 738 1832 773 brevi
1859 737 2015 785 dogmata
2026 741 2093 786 pie-

1217 788 1313 821 tatis.
1342 787 1423 821 Haec
1433 789 1556 831 semper
1566 788 1752 823 memoriter
1762 790 1944 831 custodite,
1968 791 2091 836 ubique

1218 836 1301 871 male
1313 835 1468 871 haereticis
1488 838 1607 881 placita
1629 838 1852 874 declinantes.
1881 841 1962 875 Non
1985 842 2092 877 creda

1216 887 1281 926 tis,
1307 887 1439 930 eoquod
1456 890 1540 930 apud
1563 888 1639 921 illos
1661 889 1853 923 consuetum
1875 902 1997 925 nomen
2020 892 2090 932 est,

1215 948 1251 971 ut
1273 937 1339 970 Dei
1359 938 1513 972 Genitrix
1541 939 1732 972 nominetur
1754 964 1765 979 ,
1791 940 1832 973 sic
1853 940 1889 974 &
1911 940 2090 975 Ecclesiam

1217 987 1281 1023 Dei
1292 985 1398 1021 dicere
1410 988 1589 1022 Theotocon:
1618 989 1708 1036 Qia
1721 989 1764 1023 fic
1786 990 1821 1023 ὅ(
1834 990 1911 1023 Filii
1925 990 2011 1034 apud
2029 1002 2089 1027 nos

1213 1037 1247 1071 ὃς
1259 1037 1346 1081 apud
1358 1038 1434 1072 illos
1446 1039 1623 1082 appellatio
1634 1049 1699 1073 una
1711 1040 1756 1073 est
1770 1064 1780 1080 ,
1806 1040 1859 1073 sed
1882 1039 1977 1083 ipsius
1992 1041 2092 1076 Filia-

1215 1087 1315 1122 tionis
1328 1088 1412 1122 inter
1424 1097 1484 1126 nos
1505 1090 1538 1124 dc
1551 1089 1624 1123 illos
1637 1099 1704 1122 non
1717 1100 1801 1123 unus
1822 1088 1868 1123 est
1880 1087 2085 1125 intellecius.

1214 1135 1316 1180 Apud
1329 1137 1405 1171 illos
1427 1139 1517 1172 enim
1531 1139 1729 1174 vocabulum
1746 1139 1823 1172 Filii
1835 1150 1958 1174 nomen
1980 1141 2026 1175 est
2040 1143 2090 1176 so·

1213 1186 1281 1221 lum
1298 1211 1308 1226 ,
1337 1187 1598 1232 nudumqueilla
1610 1188 1846 1228 similitudine,
1874 1201 1973 1233 quarn
1986 1192 2091 1226 Filius

1214 1236 1310 1272 habet
1323 1236 1362 1270 ad
1376 1237 1504 1273 Patrem
1520 1263 1531 1279 ‚
1556 1240 1640 1282 apud
1654 1239 1801 1273 nosFilii
1822 1240 1998 1282 appellatio
2014 1253 2093 1276 vera

1211 1287 1255 1320 est
1270 1287 1416 1322 instituta
1429 1312 1436 1320 .
1464 1289 1517 1323 Sic
1529 1290 1634 1323 rursus
1645 1289 1730 1332 apud
1753 1289 1828 1323 illos
1842 1290 2009 1325 Dominus
2020 1302 2090 1326 om-

1213 1338 1305 1371 nium
1318 1337 1469 1376 Christus
1480 1338 1662 1382 appellatur
1672 1340 1763 1374 Deus
1771 1363 1781 1379 ‚
1796 1339 1884 1382 quod
1895 1341 2090 1375 confitemur

1210 1388 1244 1422 ὅ(
1265 1399 1347 1422 nos:
1374 1388 1436 1422 Sed
1459 1389 1545 1431 apud
1580 1388 1674 1425 illos,
1701 1398 1737 1422 ut
1762 1399 1890 1423 creatus
1911 1414 1923 1429 ,
1948 1390 2091 1425 creditur

1213 1438 1327 1478 Deus,
1353 1437 1440 1482 apud
1464 1448 1524 1472 nos
1538 1437 1636 1479 vero,
1664 1437 1744 1472 sicut
1766 1437 1833 1481 ejus
1856 1438 2016 1482 Genitor,
2043 1441 2093 1474 in*

1210 1499 1356 1523 creatus.
1960 1483 1965 1489 “
2084 1517 2090 1521 ,

1260 1538 1343 1572 Non
1356 1538 1456 1583 igitur
1483 1550 1542 1583 pro
1565 1538 1777 1575 similitudine
1803 1539 1948 1573 nominis
1965 1539 2000 1574 in
2013 1551 2091 1574 eun«

1209 1587 1283 1622 dem
1295 1589 1495 1632 deponamur
1507 1590 1548 1624 ab
1562 1590 1714 1624 haereticis
1725 1590 1766 1624 de
1779 1588 1830 1625 his
1839 1601 1911 1633 quae
1920 1589 2090 1634 loquimur

1208 1638 1436 1681 intellestum,
1463 1638 1516 1673 sed
1538 1641 1649 1675 Deum
1673 1639 1892 1674 &hominem
1916 1651 2021 1675 unum
2037 1642 2094 1675 Fi*-

1208 1689 1290 1723 lium
1313 1691 1487 1724 fateamur.
1517 1690 1636 1736 Neque
1651 1691 1727 1724 Deo
1751 1692 1783 1724 in
1796 1690 1904 1725 Carne
1927 1692 2089 1725 confuso:

1206 1738 1415 1774 Immutabilc
1443 1740 1488 1774 est
1500 1740 1588 1774 enim
1601 1741 1833 1786 quodcumque
1846 1741 2010 1776 Divinum
2021 1741 2066 1775 est
2079 1767 2088 1775 .

1208 1790 1250 1824 Et
1265 1790 1330 1825 hoc
1345 1792 1439 1825 Deus
1453 1790 1570 1834 Judaeis
1582 1791 1758 1826 ostendens
1771 1792 1898 1836 inquit:
1926 1790 2089 1836 Egosum,

1204 1852 1253 1884 ego
1261 1840 1350 1884 sum,
1379 1843 1413 1875 ὁ·
1429 1852 1487 1882 ³¹⁰2?
1495 1840 1562 1884 sum
1571 1851 1721 1881 mutatus,
1750 1842 1868 1886 Neque
1888 1842 1923 1874 in
1939 1851 2091 1877 naturam

1207 1890 1433 1933 incorpoream
1450 1890 1559 1924 Carne
1574 1892 1744 1924 translata.
1772 1891 1854 1925 Non
1865 1892 1955 1924 enim
1979 1891 2092 1926 erube-

1207 1940 1265 1978 scit
1277 1940 1391 1975 videns
1406 1951 1506 1981 quam
1528 1941 1664 1982 suscepit
1677 1951 1825 1973 naturam
1840 1965 1847 1971 .
1877 1941 1996 1983 Neque
2014 1948 2091 1979 cort·

1206 1987 1356 2030 funditur
1380 1988 1414 2020 in
1444 1989 1510 2030 ipsa
1534 1999 1686 2032 regnare.
1715 1989 1748 2021 Si
1760 1990 1849 2022 enirn
1873 1999 2090 2029 revereretur,

1205 2049 1276 2072 eam
1293 2038 1429 2072 minime
1442 2038 1643 2080 suscepisset.
1672 2038 1855 2082 Suscipiens
1869 2038 1943 2072 vero
1961 2050 2091 2084 propter

1207 2087 1571 2121 incommensurabilem
1584 2087 1796 2129 charitatem,
1823 2088 1919 2122 habet
1936 2090 2092 2133 insepara-¹

1204 2137 1314 2172 biliter
1324 2147 1423 2182 quam
1439 2137 1594 2181 suscepit.
1612 2139 1746 2171 Horum
1759 2139 1883 2172 bonum
1898 2138 1943 2172 est
1958 2140 2093 2182 poffide-

1205 2200 1237 2223 re
1255 2188 1449 2222 memoriam
1477 2189 1602 2233 semper
1625 2189 1660 2223 in
1673 2187 1807 2233 Christo
1823 2213 1834 2230 ,
1861 2189 1914 2224 cui
1929 2189 2061 2235 gloria'
2052 2203 2089 2230 in

1369 2237 1500 2274 Arnen.

2107 1777 2226 1823 Malacli
2237 1797 2253 1828 3
2261 1809 2270 1823 ι

1205 2238 1341 2275 saecula.

1398 2335 1897 2384 SCHOLION.

1315 2440 1384 2478 AEc
1411 2440 1558 2483 Epistola
1582 2441 1680 2476 docet
1711 2452 1772 2474 nos
1797 2442 1887 2484 plura
1905 2466 1912 2472 .
1951 2440 2066 2476 Primo
2079 2466 2091 2482 ,

1339 2488 1580 2524 intolerabilem
1594 2489 1711 2528 fastum
1726 2514 1738 2530 ,
1764 2490 1942 2529 vanitatem
1952 2514 1963 2530 ‚
1989 2502 2028 2525 ac
2039 2492 2089 2525 su·

1203 2538 1346 2581 perbiam
1364 2539 1529 2572 Nestorii.
1558 2539 1750 2573 Vanitatem
1762 2548 1887 2573 tantam
1902 2564 1912 2579 ‚
1938 2551 2003 2583 qua
2024 2551 2090 2573 cre-

1204 2587 1288 2621 didit
1313 2588 1528 2630 suspicionem
1554 2587 1686 2621 Haeresis
1711 2588 1746 2620 in
1770 2589 1802 2621 se
1813 2588 1990 2632 nequidem
2000 2591 2088 2632 posse

1202 2637 1315 2672 cadere
1330 2662 1337 2669 .
1367 2637 1534 2671 Vanitatis
1545 2636 1795 2672 fundamentum
1807 2647 1876 2673 erat
1889 2663 1900 2679 ,
1919 2638 2010 2682 quod
2023 2638 2089 2678 bel-

1203 2689 1271 2721 lum
1286 2687 1454 2720 indixisset
1466 2686 1804 2722 omnibus'Haereticis
1814 2715 1822 2722 .
1850 2689 1982 2722 Etenim
2007 2682 2089 2732 quo-

1204 2735 1306 2771 modo
1328 2736 1413 2771 inter
1437 2737 1503 2780 ipsa
1527 2738 1588 2771 suae
1600 2737 1803 2781 Episcopalis
1818 2738 2088 2773 Consecrationis

1202 2787 1369 2822 Solemnia
1398 2786 1507 2821 statim
1525 2789 1659 2830 coeperit
1684 2786 1874 2823 debacchari
1901 2789 1936 2822 in
1956 2791 2088 2823 cunstas

1202 2849 1281 2873 tunc
1301 2839 1476 2881 grassantes
1499 2837 1666 2878 Haereses,
1691 2836 1799 2873 videre
1813 2839 1909 2882 poffis
1929 2839 2017 2883 apud
2030 2840 2088 2873 So-

1201 2897 1323 2922 cratem
1349 2887 1384 2924 &
1396 2887 1478 2920 alios
1490 2911 1497 2919 .
1522 2887 1615 2921 Hinc
1630 2889 1704 2922 suos
1714 2888 1856 2933 Legatos
1867 2888 1975 2923 statim
1987 2889 2086 2923 trans²

1203 2938 1288 2978 misit
1300 2937 1334 2971 in
1348 2936 1489 2980 Lydiam
1499 2960 1509 2976 ,
1524 2938 1670 2981 aliasque
1681 2938 1829 2973 Afiaticae
1843 2939 2000 2974 Dioecefis
2012 2937 2088 2973 Pro-

1204 2987 1331 3022 vincias
1342 3011 1353 3027 ,
1381 2996 1555 3021 vexaturus
1567 2987 1899 3035 Qarto-decimanos
1910 3014 1920 3030 ‚
1940 2990 2087 3032 aliosque

1203 3037 1273 3072 istic
1285 3037 1462 3071 Haereticos
1474 3062 1481 3069 .
1509 3037 1552 3070 Et
1563 3048 1597 3072 re
1608 3049 1679 3072 vera
1692 3038 1782 3072 fuisse
1793 3039 1935 3073 zelosum
1947 3063 1958 3079 ,
1985 3050 2022 3073 ac
2041 3040 2091 3072 in·

1202 3081 1462 3131 defatigabiliter'
1479 3087 1659 3122 studiosum
1684 3088 1821 3123 affirmat
1843 3088 1877 3122 in
1903 3089 2028 3133 scriptis
2044 3088 2088 3122 a'd

1204 3136 1437 3182 ipsumlitteris
1449 3137 1477 3170 S
1490 3137 1649 3171 Pontifex
1657 3137 1865 3173 -Celestinusz
1892 3137 2088 3183 Expergifie-
2104 3156 2178 3186 Pa„
2199 3165 2222 3186 ¹

1203 3199 1233 3224 re
1245 3188 1369 3220 tandem
1380 3211 1390 3227 ‚
1403 3193 1475 3228 quia
1486 3197 1545 3219 non
1554 3186 1630 3230 sunt
1640 3187 1702 3227 istae
1715 3190 1850 3223 dicendae
1862 3192 1994 3233 vigum,
2009 3199 2087 3230 quas
2102 3194 2193 3234 Epist
2216 3198 2260 3226 18.

1203 3248 1260 3273 non
1275 3236 1397 3270 exhibes
1414 3236 1567 3276 custodiae,
1590 3236 1649 3280 sed
1665 3241 1968 3280 raplnae.Dorm1re
1985 3246 2016 3270 te
2037 3248 2088 3271 ve-

1205 3289 1291 3321 limus
1308 3292 1340 3319 in
1353 3286 1402 3320 boc
1414 3287 1494 3328 quod
1498 3289 1652 3328 praedzcas
1663 3312 1673 3327 ,
1702 3291 1735 3323 (vt
1747 3290 1877 3333 vigilare
1889 3293 1924 3319 in
1944 3286 1998 3320 boc
2007 3289 2089 3329 quod

1203 3343 1377 3380 impugnas.
1410 3337 1500 3378 ,Quid
1520 3338 1609 3371 dico?
1637 3335 1752 3372 Levids
1774 3338 1852 3372 ema
1867 3336 2017 3378 ferremus
2030 3360 2041 3376 ‚
2059 3335 2091 3378 fi

1203 3393 1235 3422 in
1247 3396 1368 3428 utroque
1378 3387 1522 3421 dormires
1534 3411 1541 3418 .
1568 3386 1620 3420 Ex
1635 3382 1751 3432 grandi
1762 3386 1823 3422 hac
1836 3386 1932 3421 studii
1945 3386 2088 3430 diligen—

1203 3440 1250 3472 tia
1261 3436 1355 3473 fuifle
1368 3435 1409 3479 ab
1420 3435 1576 3474 omnibus
1587 3438 1778 3481 :estimatum
1803 3449 1841 3472 ac
1851 3436 2003 3472 dilectum
2015 3459 2026 3474 ‚
2050 3436 2087 3470 δε

1889 3487 2037 3522 evectum
