2320 3730
587 185 898 238 Scu0L11s,
937 196 999 226 ετ
1034 180 1232 226 Nor1s
1266 188 1648 224 utusrRArAE.

202 267 276 310 xit,
302 263 524 302 seddestudio
538 266 737 302 seminandae
758 268 1003 306 controverfiae,
1029 267 1084 300 seu

201 317 383 354 discordiae.
411 316 456 350 Et
479 316 539 350 ista
562 318 707 352 aculeata
719 319 885 352 calumnia
902 319 964 352 fuit
975 317 1004 351 S.
1018 317 1085 358 Cy·

201 368 278 404 rillo
298 365 399 411 longe
420 365 620 402 acerbiffima
644 394 650 400 .
679 369 791 403 Etiam
814 366 1086 412 consequentium

200 424 376 453 contextus
388 418 479 451 estin
493 418 673 452 Caffinenfi
685 420 800 454 codice
812 420 955 452 omnino
975 416 1088 450 distin-

202 467 303 501 etior.
331 466 402 501 Hic
412 469 458 502 est
478 469 590 503 tertius
602 468 714 504 locus:
742 467 897 511 suspensos
915 467 966 500 hos
978 467 1088 500 libellos

201 516 351 558 offerimus
362 526 518 561 tamquam
528 530 626 552 coram
637 518 813 559 Sanc‘liffimo
837 522 898 550 Deo
916 517 1089 551 exhibenda

201 568 269 611 esset
282 567 378 608 nostra
389 567 537 611 excusatio
551 594 557 602 .
585 574 660 603 Non
675 570 754 612 quod
759 577 816 610 pro
827 570 976 612 Religione
987 571 1088 600 minus

202 619 318 652 alacres
333 618 483 660 fuerimus
497 644 508 660 ‚
530 618 588 663 sed
602 624 712 662 pietati
726 618 901 659 studentes,
929 619 964 652 (3·
984 625 1040 659 pro
1055 628 1090 650 ea

199 667 348 713 sermones
364 668 536 710 facientes.
565 668 656 717 Qud
677 667 732 702 fibi
760 669 855 710 vult,
878 666 1036 711 Suspensas
1056 668 1090 699 li·

204 719 317 753 bellos?
344 718 478 754 Refflor
498 731 553 764 per
573 719 686 754 omnia
697 720 743 754 est
755 715 1091 753 Caffinenfistransla-

202 770 275 803 tio:
302 773 396 803 Nunc
417 774 488 804 vero
514 769 691 802 adhibemus
699 768 944 812 supplicationem
948 767 1022 811 ficut
1034 773 1092 801 uti-

205 831 264 862 que
286 824 318 852 in
335 818 483 863 conspectu
503 819 674 860 Sandliffimi
687 823 744 854 Dei
751 819 896 862 futuram
904 817 1090 863 satisfao‘lio-

204 881 274 903 nem
286 894 297 910 ‚
319 877 524 912 peroraturam
539 878 598 912 pro
619 870 703 903 nobis
726 896 737 913 ‚
757 870 787 913 fi
803 870 881 904 nibil
904 881 1002 904 eorum
1024 878 1089 910 quae

201 928 259 962 pro
281 923 430 963 Religieme
441 919 547 963 facere
565 921 732 965 possumus,
755 929 813 964 per
832 919 986 965 segnitiem
1007 925 1089 951 omit-

204 978 326 1003 tamus.

257 1019 309 1052 En
334 1029 487 1062 quartum
508 1019 641 1054 locum:
668 1024 819 1055 Pietatem
845 1021 998 1062 vestram,
1024 1029 1091 1062 quae

203 1069 332 1110 vafritie
349 1070 543 1109 quorumdam
568 1070 735 1112 obsidetur,
763 1073 801 1105 id
818 1083 848 1105 re
869 1071 936 1115 ipsa
958 1072 1094 1104 adimen-

201 1123 300 1157 tium,
330 1118 365 1151 (5
383 1120 532 1152 Haeretica
551 1124 665 1163 Capita
672 1122 749 1163 fidei
766 1120 1094 1165 subintrodudlastabi-

204 1169 363 1207 lientium,
389 1179 455 1210 quae
478 1173 595 1203 omnino
618 1173 639 1203 ᾶ
657 1171 747 1215 sanis
771 1172 961 1216 dogmatibus
993 1172 1093 1204 aliena

199 1216 293 1261 sunt,
322 1220 356 1252 &¹
368 1229 433 1253 cum
454 1218 603 1253 haereticis
614 1222 801 1263 opinionibus
818 1228 1000 1256 conveniunt
1012 1244 1023 1260 ,
1049 1219 1095 1252 ob-

200 1265 412 1311 secravimus,
437 1278 471 1302 ut
481 1271 535 1303 vel
545 1269 576 1311 fi
589 1277 658 1313 quis
671 1273 733 1305 illic
749 1270 939 1314 subscribat,
969 1271 1023 1304 vel
1031 1281 1097 1303 con-

198 1316 334 1361 sentiat,
362 1320 397 1352 o·
414 1319 478 1360 post
498 1322 668 1364 promiffam
699 1323 719 1354 ἃ
741 1322 828 1356 vobis
848 1327 972 1356 veniam
984 1328 1095 1354 conten-

205 1369 277 1401 dere
290 1370 372 1401 ultra
381 1370 456 1402 nolit
466 1392 477 1408 ,
498 1377 664 1413 praecipias
673 1373 757 1405 illam
769 1378 802 1404 in
828 1374 957 1405 medium
968 1377 1072 1405 venire
1086 1393 1096 1410 ,

204 1419 243 1451 ὁ*
261 1417 466 1459 Ecclesiasticis
482 1425 585 1461 poenis
603 1420 758 1464 subiacere
777 1446 789 1463 ,
816 1433 873 1466 quo
893 1431 1030 1466 pugnare
1042 1429 1099 1463 pro

202 1473 320 1510 pietate
341 1468 445 1501 melius
460 1471 564 1510 poffis.
594 1472 680 1518 Qae
704 1472 751 1506 est
775 1473 833 1507 ista
845 1483 900 1516 per
911 1471 1098 1515 Principem

182 1517 361 1569 ‘promiffit
382 1519 503 1552 venia?
527 1518 599 1554 Cur
621 1522 697 1564 post
716 1522 811 1555 illam
830 1522 1032 1556 contendere
1044 1533 1104 1555 no-

206 1566 352 1601 lentibus
363 1566 534 1613 infligatur
545 1580 641 1613 poena
656 1572 673 1603 .2
699 1571 785 1619 Qua:
794 1572 855 1605 erit
867 1573 928 1606 ista
949 1572 1073 1615 justitia
1087 1572 1103 1603 ,θ

204 1616 393 1665 Qomodo
416 1628 497 1652 tunc
519 1619 677 1664 Princeps
701 1622 796 1665 poffit
818 1622 938 1655 melius
958 1632 1102 1665 pugnare

207 1678 270 1711 pro
280 1668 400 1711 pietate
410 1668 626 1704 ?›Caffinenfis
636 1671 808 1706 translatio
826 1673 873 1706 est
884 1671 1079 1706 lucidiffima
1097 1684 1103 1703 ε

207 1715 413 1761 ραιβιηιω,
440 1727 474 1752 ut
484 1730 571 1760 eam,
598 1732 668 1763 quae
690 1733 768 1756 nune
792 1731 1005 1767 expugnatur,
1030 1722 1102 1755 ulci-

204 1766 333 1811 scamini
340 1774 487 1811 pietatem
499 1794 506 1801 .
534 1773 580 1802 Et
584 1771 720 1812 jubeatis
732 1795 743 1811 ,
768 1780 800 1805 ut
811 1772 951 1806 haeretica
975 1773 1028 1806 illa
1042 1777 1100 1805 Ca-

205 1818 330 1860 pitula,
352 1818 659 1862 quaesubjntroduc‘i'a
671 1821 745 1865 sunt
762 1822 858 1864 fidei,
887 1824 1100 1864 expellantur.

211 1870 296 1911 ,Quia
315 1866 388 1910 sunt
411 1871 576 1903 omnimode
599 1874 619 1903 ἃ
640 1872 728 1904 reHis
757 1872 945 1914 dogmatibus
957 1872 1102 1904 aliena&

211 1916 362 1951 baereticis
372 1919 505 1963 vesaniis
524 1918 647 1962 consona
659 1945 666 1952 .
695 1924 752 1953 Aut
776 1923 853 1954 certe
863 1920 894 1962 fi
901 1927 969 1964 quis
981 1932 1079 1955 eorum
1090 1945 1101 1961 ,

211 1972 266 2010 qui
284 1966 488 2010 consenserunt
508 1970 543 2002 (τ
564 1969 798 2012 subfiripserunt
818 1976 860 2004 eis
882 1995 894 2011 ,
920 1972 954 2004 <5
969 1971 1033 2012 post
1053 1981 1101 2003 ve-

211 2022 317 2056 niam,
343 2027 409 2059 quae
431 2019 453 2050 ἃ
476 2018 559 2051 nobis
578 2019 718 2062 promissa
731 2019 788 2059 est,
814 2022 897 2054 ultra
907 2021 1078 2054 contendere
1091 2043 1100 2058 ,

211 2065 290 2100 bunc
298 2073 402 2100 venire
427 2070 462 2101 in
482 2070 614 2102 medium
618 2070 756 2110 jubeam
770 2093 781 2109 ‚
809 2072 843 2103 (¹5
855 2069 1010 2111 manifesti?
1019 2070 1101 2102 illum

206 2115 266 2160 sub
275 2119 306 2149 E
309 2116 481 2159 eclesiasticis
493 2119 745 2161 increpationibus
773 2129 836 2153 tuae
851 2123 982 2154 Pietatis
988 2121 1102 2160 judicio

209 2167 380 2202 vindicate.
408 2168 621 2204 Contestatio
643 2171 715 2215 agit
739 2171 775 2204 in
798 2171 874 2205 illos
899 2170 1102 2214 Episc0p0s‚

211 2228 282 2251 non
295 2217 352 2259 qui
372 2216 527 2261 deinceps
552 2219 717 2263 Capitulis
728 2220 951 2255 consenserint
964 2232 1021 2254 aut
1033 2219 1102 2253 sub·

212 2266 397 2309 scripserint
409 2291 420 2307 ‚
447 2268 501 2302 sed
513 2268 569 2312 qui
582 2270 657 2313 ipfis
669 2270 755 2314 apud
770 2269 936 2314 Ephesum
949 2270 1104 2313 Synoda-

212 2316 287 2350 liter
299 2317 525 2353 consenserant
536 2319 571 2353 &
582 2319 846 2364 subscripserant.
876 2321 991 2355 Fastio
1013 2321 1103 2354 enim

213 2368 388 2410 permansit
398 2368 434 2401 in
445 2379 551 2404 errore
562 2393 573 2409 ,
599 2382 667 2412 quo
677 2371 816 2405 credidit
828 2370 984 2414 Capitula
1011 2371 1104 2405 fuisse

214 2416 428 2457 Synodaliter
446 2421 665 2459 canonizata,
691 2421 724 2453 &
743 2420 920 2462 subscripta
945 2420 986 2453 ab
997 2420 1104 2452 omni-

217 2464 297 2497 bus.
323 2465 453 2498 Laudat
475 2466 605 2500 veniam
620 2491 631 2507 ,
656 2478 756 2509 quam
781 2468 1014 2511 Capitulorum
1026 2467 1113 2502 Subr

217 2512 431 2557 scriptoribus
451 2517 596 2558 promisit
610 2517 643 2550 in
657 2518 725 2560 ipsa
737 2541 747 2557 ,
774 2528 837 2562 qua
850 2528 905 2551 eos
913 2529 1105 2552 excommu-

217 2563 341 2597 nicavit
363 2565 524 2599 sententia
551 2578 558 2597 :
588 2566 784 2599 Anathemati
804 2566 958 2609 subjacete
980 2591 991 2607 ,
1017 2569 1106 2602 donec

216 2618 324 2659 agnita
344 2614 430 2655 culpa
449 2614 547 2654 vestra
570 2614 742 2660 refipiftatis
763 2642 770 2650 .
798 2618 900 2651 Hanc
925 2618 1106 2660 promistio-

217 2675 295 2697 nem
307 2662 416 2697 denuo
426 2665 622 2707 confirmat,
648 2667 853 2710 &supplicat
877 2667 966 2701 illius
978 2668 1105 2711 Spreto-

166 2756 171 2761 ζ
217 2724 266 2747 res
288 2725 344 2748 aut
355 2714 618 2751 Praevaricatores
639 2728 693 2759 per
704 2717 890 2761 Principem
915 2719 1106 2762 exemplari-

217 2774 267 2798 ter
288 2764 455 2810 castigari.
483 2765 613 2801 Verum
632 2766 826 2802 Orthodoxi
855 2769 1011 2812 Episcopi
1034 2780 1104 2803 non

217 2825 380 2858 eguerunt
401 2815 459 2849 ista
480 2817 574 2851 venia
585 2842 596 2858 ‚
622 2817 763 2860 ideoque
789 2818 824 2852 &
836 2819 945 2853 nullus
957 2819 1082 2862 accepit
1095 2844 1102 2851 .

217 2865 277 2897 An
299 2862 365 2899 haec
388 2865 531 2900 clausula
545 2891 556 2907 ,
583 2869 666 2912 ,ραι
686 2868 809 2911 vafritie
831 2870 1027 2911 quorumdam
1038 2868 1104 2911 obfi-

217 2915 326 2956 detur,
352 2915 495 2950 fueritin
517 2918 656 2959 Graeco,
682 2918 784 2953 &cur
795 2919 990 2955 Caffinenfis
1004 2921 1105 2954 trans-

219 2962 411 3008 latioipsam
423 2969 656 3010 praetermiserit
671 2994 682 3010 ,
709 2969 828 3015 ignoro
844 2995 851 3003 .

283 3014 340 3047 Est
359 3015 540 3061 &quintus
553 3019 664 3052 locus:
690 3022 722 3053 51
733 3026 801 3063 quis
811 3030 913 3055 autem
927 3019 1101 3064 sermones,

217 3070 275 3104 pro
296 3065 402 3105 quibus
422 3068 595 3111 delinquens
614 3069 705 3111 fuit,
732 3073 883 3116 negligens
905 3073 1032 3105 voluerit
1049 3079 1104 3113 per

221 3115 408 3155 Praeceptum
432 3118 520 3152 rec‘lae
538 3120 611 3162 fidei
629 3122 818 3163 pra-valere,
848 3121 1050 3165 tuaeJustitiae
1071 3131 1105 3153 at

217 3164 345 3209 Judicii
361 3164 460 3206 fuerit
483 3170 661 3210 attendere,
687 3183 758 3204 num
776 3173 811 3206 ὦ·
830 3171 924 3216 ipsam
946 3172 1103 3205 nostorum

223 3214 450 3256 appellationem
461 3217 619 3258 abjecerint
630 3225 651 3252 ii
662 3245 672 3261 ,
697 3227 747 3264 qui
760 3223 798 3256 de
810 3223 999 3267 dogmatibus
1012 3229 1104 3255 intro-

223 3265 336 3298 ducunt
350 3289 361 3305 ,
382 3268 548 3308 periclitari
554 3280 745 3313 gravantur,
772 3273 973 3314 &praedic‘lis
993 3271 1104 3316 subjici

223 3316 353 3349 nolentes
367 3340 377 3355 ,
402 3326 437 3350 ut
449 3328 506 3351 non
527 3320 743 3364 redarguantur
766 3325 855 3365 impie
878 3324 961 3367 egisse
981 3348 993 3364 ,
1013 3334 1105 3366 neque

221 3377 289 3402 cum
313 3365 445 3408 refutare
463 3379 499 3403 ea
520 3371 614 3415 digna
633 3379 807 3415 putantes,
833 3382 868 3407 ut
883 3381 984 3409 mutua
1007 3385 1105 3409 eorum

1870 196 1964 243 107

1146 261 1319 307 conspiratio
1340 274 1398 296 non
1408 261 1555 295 habeatur
1576 264 1711 297 inutilis.
1742 265 1865 302 Nescio
1887 269 1958 312 quis
1982 269 2024 303 ad

1149 314 1331 358 marginem
1351 313 1433 347 reste
1457 313 1596 357 scripsit:
1624 316 1899 360 Locus-mendosus.
1928 319 2029 354 Caffi.

1134 372 1137 406 ξ
1150 365 1254 398 nensis
1266 363 1381 398 Codex
1394 364 1488 407 plene
1498 361 1652 398 emendat
1664 376 1676 396 .·
1704 365 1735 396 Si
1748 372 1798 406 qui
1811 372 1881 400 vero
1889 378 1946 410 pro
1956 369 2004 403 bis
2016 394 2029 410 ,

1135 409 1216 456 lquae
1232 413 1379 457 peccando
1390 413 1594 458 commiserunt,
1606 438 1617 455 ‚
1644 412 1812 454 baefitantes
1830 417 2031 461 ferresermo.

1151 476 1225 506 nes,
1246 463 1300 508 seu
1322 466 1443 499 reddere
1461 471 1613 504 rationes,
1640 465 1752 498 reliam
1772 465 1866 507 fidem
1886 470 1967 501 velut
1991 482 2032 503 ex

1153 516 1310 550 donatione
1331 522 1508 558 imperantes
1524 514 1686 559 subjugare
1706 515 1877 556 voluerint,
1904 523 1949 550 tui
1975 526 2034 552 erit

1147 565 1219 607 justi
1232 568 1340 606 judicii
1358 568 1540 608 providere,
1562 565 1591 608 fi
1610 575 1668 599 non
1688 565 1831 609 &ipsum
1857 567 2035 601 vocabulum

1154 614 1308 658 amiserint
1334 616 1561 661 Magistrorum,
1585 622 1637 660 qui
1659 615 1829 658 haefitantes
1850 626 1961 651 certare
1978 627 2036 660 pro

1155 665 1204 698 his
1219 667 1414 710 Dogmatibus
1426 691 1436 707 ,
1463 679 1530 710 quae
1543 669 1707 708 inducunt,
1733 669 1767 700 (u
1783 679 1841 700 non
1851 669 2038 702 con-uolentes

1152 715 1303 758 probare,
1329 727 1397 757 quae
1420 718 1592 751 direxerunt
1605 742 1616 758 ,
1642 729 1678 752 ne
1691 717 1791 761 fecisse
1803 720 1895 761 impie
1916 725 2041 752 convin-

1156 775 1262 799 cantur
1276 790 1283 797 .
1312 769 1379 798 Nec
1398 776 1433 798 ea
1454 770 1600 807 expellere
1624 769 1811 812 dignantur,
1838 780 1875 802 ne
1890 768 1973 810 forte
1997 775 2044 803 in-

1148 813 1303 859 fruc‘luosa
1328 820 1396 855 eis,
1421 814 1527 847 habita
1549 821 1627 851 inter
1642 818 1814 863 semetipsos
1829 843 1840 860 ,
1865 817 2042 863 conspiratio

1153 866 1227 909 fiat.
1258 864 1351 912 Quid
1364 865 1431 906 est,
1458 867 1490 898 Si
1502 871 1570 906 quis
1588 865 1759 910 sermones,
1781 878 1838 912 pro
1861 871 1969 913 quibus
1993 871 2047 903 de-

1158 918 1296 959 linquens
1307 915 1397 957 fuit,
1425 917 1574 959 negligens
1590 915 1607 946 ?
1635 917 1843 958 Exponitur:
1873 923 1967 963 siqui
1985 928 2044 963 pro

1159 966 1207 999 his
1219 991 1230 1007 ,
1258 978 1326 1008 quae
1335 967 1483 1008 peccando
1501 964 1704 1009 commiserunt
1715 990 1726 1006 ‚
1753 967 1920 1008 baefitantes
1925 969 2045 1011 fuerint

1152 1016 1236 1060 ferre
1255 1015 1424 1060 sermones.
1453 1015 1548 1049 Hinc
1572 1016 1663 1050 enim
1686 1015 1855 1050 subditur:
1882 1022 1947 1062 ,Qui
1965 1019 2048 1062 baefi·

1161 1076 1262 1101 tantes
1275 1076 1387 1100 certare
1395 1074 1449 1107 pro
1463 1065 1510 1098 bis
1523 1066 1720 1108 Dogmatibus
1733 1090 1744 1107 ,
1770 1077 1839 1107 quae
1850 1067 2026 1103 direxerunt
2035 1095 2045 1103 .

1165 1117 1259 1164 Quid
1271 1117 1316 1151 est
1329 1142 1340 1158 ‚
1369 1120 1429 1151 Per
1441 1119 1628 1158 Praeceptum
1649 1116 1737 1150 reeiae
1758 1116 1833 1158 fidei
1847 1119 2017 1157 pra-valere
2031 1119 2048 1151 ἓ

1165 1167 1373 1212 Exponitur:
1402 1167 1526 1200 uetiam
1543 1167 1637 1209 fidem
1659 1167 1748 1201 velut
1768 1179 1807 1201 ex
1830 1168 1988 1201 donatione
1998 1173 2051 1201 im-

1158 1227 1303 1260 perantes
1320 1215 1482 1262 subJ'ugare
1501 1219 1651 1252 voluerint
1675 1244 1682 1251 .
1711 1218 1792 1251 Hoc
1814 1219 1882 1258 est,
1910 1219 1968 1259 qui
1992 1220 2052 1253 Or-

1163 1267 1348 1302 thodoxam
1360 1268 1461 1301 fidem
1474 1269 1532 1302 suo
1546 1268 1684 1312 imperio
1708 1280 1746 1302 ac
1758 1266 1892 1302 arbitrio
1905 1269 2027 1303 subesse
2041 1292 2054 1309 ,

1163 1318 1198 1352 &
1213 1329 1288 1352 cum
1305 1318 1492 1352 Donatistis
1514 1320 1682 1353 voluerint
1700 1318 1829 1360 dicere,
1857 1320 1950 1363 ‚Quod
1970 1320 2053 1353 volu-

1163 1379 1229 1402 mus
1241 1393 1252 1409 ,
1278 1368 1420 1402 Sanllum
1430 1369 1470 1409 est
1481 1393 1492 1408 ,
1518 1368 1659 1413 ideoque
1673 1369 1842 1404 noluerint
1861 1369 1938 1403 dare
1951 1370 2054 1404 rado·-

1166 1429 1223 1453 nes
1233 1420 1367 1454 suorum
1381 1419 1613 1463 Capitulorurn
1624 1445 1631 1452 .
1660 1421 1730 1469 Qi
1742 1417 1944 1454 orthodoxa
1958 1422 2055 1465 Dog-

1167 1480 1255 1504 mata
1272 1469 1439 1504 voluerint
1465 1471 1623 1510 uastare,
1649 1473 1696 1504 uti
1721 1472 1793 1504 suas
1818 1473 1964 1513 proprIas
1982 1481 2054 1509 res,

1166 1531 1246 1564 quas
1267 1519 1396 1554 donant
1408 1520 1544 1564 quando
1572 1520 1737 1565 &quibus
1759 1521 1938 1564 placuerit,
1965 1520 2055 1554 ideo-

1168 1582 1232 1614 que
1249 1570 1323 1605 istic
1340 1581 1409 1604 non
1422 1570 1612 1615 obligantur
1634 1570 1676 1604 ad
1697 1570 1854 1604 rationes.
1883 1569 2056 1603 Contesta-

1165 1622 1214 1654 tio
1227 1631 1322 1665 urget
1336 1620 1568 1664 Capitulorum
1583 1619 1751 1654 Authores
1761 1630 1799 1652 ac
1811 1620 1955 1652 fautores
1966 1630 2056 1653 com-

1165 1671 1242 1714 pelli
1255 1671 1296 1705 ad
1322 1671 1389 1713 ipsa
1412 1681 1524 1703 coram
1537 1668 1694 1713 Principe
1716 1670 1750 1703 in
1766 1669 1900 1712 Scriptis
1910 1680 2056 1715 purgan-

1164 1721 1208 1755 da
1229 1721 1265 1757 &
1285 1718 1512 1760 defendenda,
1537 1719 1572 1753 &
1585 1729 1642 1753 eos
1653 1719 1969 1763 quidetrestaverint
1991 1730 2059 1754 cer·

1164 1781 1275 1806 tamen
1293 1796 1304 1810 ,
1328 1781 1386 1805 aut
1410 1771 1445 1804 in
1461 1770 1521 1804 illo
1544 1769 1796 1810 succubuerint,
1821 1769 1958 1813 judicari
1973 1769 2059 1803 indi-

1165 1832 1250 1865 gnos
1269 1821 1428 1855 Dostoris
1448 1832 1486 1854 ac
1510 1821 1668 1863 Episcopi
1694 1821 1852 1861 nomine,
1873 1821 1907 1854 &
1928 1820 1998 1863 ipso
2022 1821 2058 1854 in

1165 1881 1357 1914 perpetuum
1382 1869 1502 1912 privari
1523 1894 1530 1901 .
1563 1869 1670 1903 Addit
1694 1871 1830 1904 unicum
1857 1868 2059 1904 detrectandi

1165 1920 1352 1954 certaminis
1365 1919 1619 1953 fundamentum
1631 1920 1694 1954 effe
1713 1920 1830 1954 initam
1844 1921 2060 1964 conspiratio-

1166 1981 1242 2004 nem
1255 1994 1265 2010 ,
1293 1968 1385 2011 cuius
1397 1971 1538 2002 fructum
1552 1969 1662 2003 nolint
1686 1970 1839 2003 amittere
1850 1993 1859 2000 .

1216 2020 1320 2052 Hunc
1347 2019 1488 2055 frustum
1515 2029 1690 2062 exponunt
1729 2019 1898 2063 sequentia
1938 2019 2057 2054 verba.

1167 2068 1403 2103 Obscuriffima
1424 2094 1430 2100 .
1462 2068 1506 2102 Et
1532 2066 1588 2102 hic
1614 2069 1661 2102 est
1684 2070 1793 2104 sextus
1819 2070 1912 2104 locus
1934 2082 1941 2102 :
1974 2074 2060 2115 Jam

1165 2125 1246 2153 enim
1252 2127 1308 2161 per
1320 2120 1484 2152 Ordinatos
1496 2118 1685 2160 manifestum
1696 2119 1734 2159 est
1746 2145 1756 2161 ,
1784 2119 1926 2163 quosdam
1947 2132 1985 2154 ex
1997 2122 2060 2154 illis

1162 2178 1220 2212 pro
1250 2169 1306 2203 hac
1330 2175 1484 2211 impietate
1506 2171 1665 2202 meditatos
1691 2171 1742 2213 effe
1766 2196 1776 2211 ,
1802 2180 1834 2203 ut
1854 2171 2059 2215 dignitatibus

1165 2220 1290 2258 conceffis
1315 2220 1468 2252 nonnullos
1496 2221 1703 2253 demereantur
1722 2245 1732 2261 ,
1759 2222 1794 2254 Θ
1816 2222 1890 2253 alios
1914 2220 2060 2264 quosdam

1167 2271 1266 2302 modos
1288 2270 1485 2313 excogitasse.
1518 2273 1564 2302 Et
1587 2272 1623 2302 id
1645 2269 1836 2312 manifestius
1860 2269 1965 2312 obfistet
1987 2296 1998 2311 ,
2024 2274 2059 2305 Θ·

1166 2320 1285 2353 videbit
1294 2331 1341 2353 eos
1358 2323 1462 2353 Pietas
1483 2327 1535 2352 tua
1549 2323 1607 2353 nori
1625 2322 1715 2353 multo
1733 2321 1796 2363 post
1804 2323 1981 2364 proditionis
1993 2320 2058 2364 fiiae

1166 2371 1350 2408 mercedem,
1377 2369 1460 2411 quasi
1460 2368 1561 2412 spolia
1578 2369 1652 2411 fidei
1665 2370 1799 2414 Christi,
1828 2372 2056 2412 distributuros.

1170 2418 1362 2452 Caffinenfis
1394 2420 1568 2452 translatio
1595 2420 1735 2454 illustrat
1771 2432 1869 2464 atque
1895 2423 2057 2464 exponit:

1162 2471 1247 2512 Jam
1261 2466 1409 2509 siquidem
1434 2468 1641 2509 meditantur,
1666 2478 1700 2501 ut
1709 2478 1763 2510 pro
1791 2469 1879 2511 hujus
1891 2475 2060 2512 impietatis

1164 2522 1291 2560 praemio
1308 2518 1428 2550 Sedium
1450 2517 1644 2557 restituantur
1669 2521 1884 2561 principatus.
1913 2523 1960 2553 Et
1981 2522 2060 2553 alias

1168 2569 1212 2601 ad
1232 2570 1447 2608 corruptionem
1471 2578 1617 2600 canonum
1642 2568 1798 2609 formulas
1822 2593 1833 2610 ‚
1859 2581 1927 2612 quae
1953 2572 1987 2605 (τ
2002 2579 2061 2613 per

1167 2629 1202 2650 ea
1225 2641 1237 2658 ,
1262 2625 1331 2660 quae
1351 2619 1419 2649 olim
1435 2615 1510 2660 sunt
1535 2618 1574 2649 ab
1595 2623 1638 2650 eis
1668 2627 1791 2652 tentata
1812 2643 1823 2659 ,
1841 2622 1914 2661 jam
1931 2622 2059 2663 prodita

1162 2666 1236 2711 sunt
1249 2692 1259 2708 ‚
1285 2668 1320 2701 (5
1332 2666 1430 2700 adhuc
1443 2667 1698 2708 demonstrabilius
1709 2667 1863 2711 elucescent
1876 2694 1886 2710 ‚
1910 2669 1966 2712 nisi
1973 2680 2060 2704 tuum

1166 2718 1245 2752 talia
1269 2715 1432 2760 compescat
1455 2722 1617 2760 Imperium
1636 2743 1643 2750 .
1673 2723 1761 2752 Nam
1787 2720 1906 2753 videbit
1931 2733 1977 2754 eos
2001 2731 2060 2754 non

1166 2770 1259 2802 multo
1280 2767 1342 2810 post
1363 2773 1456 2801 etiam
1478 2771 1585 2802 Pietas
1610 2777 1665 2802 tua
1686 2768 1775 2811 hujus
1784 2772 1966 2811 proditionis
1984 2783 2060 2804 mer-

1166 2820 1274 2858 cedes,
1301 2827 1460 2861 tamquam
1471 2827 1562 2861 capta
1583 2820 1621 2852 de
1627 2819 1689 2862 fide
1703 2819 1812 2860 Christi
1834 2822 1969 2854 volentes
1987 2819 2060 2862 spo-

1167 2871 1232 2908 lia,
1256 2866 1431 2911 dispertire.
1462 2868 1673 2904 Contestatio
1687 2871 1778 2914 supra
1802 2870 1964 2904 accusavit
1986 2882 2058 2905 non

1168 2919 1252 2953 solos
1266 2918 1470 2964 AEgyptios,
1498 2920 1552 2954 sed
1574 2921 1609 2955 &
1622 2921 1757 2954 cunstos
1772 2918 1939 2964 Ephefinae
1951 2921 2058 2964 Syno-

1165 2969 1198 3003 di
1224 2969 1405 3013 Episcopos
1421 2994 1432 3011 ,
1457 2971 1548 3014 quod
1573 2971 1702 3014 frigidis
1729 2971 1850 3013 Cyrilli
1873 2970 2057 3014 prorniffio-

1166 3020 1263 3054 nibus
1275 3020 1487 3054 circumducti
1501 3022 1671 3064 sperassent
1684 3020 1819 3054 Sedium
1834 3022 2056 3056 Proefidentias

1165 3070 1436 3114 &principatus‚
1463 3082 1559 3115 atque
1582 3082 1626 3105 ex
1649 3068 1712 3104 hac
1734 3070 1873 3105 libidine
1897 3071 2055 3106 serviliter

1166 3122 1220 3164 ipfi
1243 3119 1426 3156 obedissent
1449 3122 1492 3155 ad
1512 3120 1740 3155 damnandum
1765 3121 1958 3156 Nestorium
1980 3146 1991 3162 ,
2019 3122 2055 3156 &

1167 3169 1412 3216 comprobanda
1435 3172 1608 3215 Capitula.
1638 3171 1710 3215 Jam
1722 3172 1924 3216 semetipsam
1946 3172 2055 3206 &ista

1166 3223 1280 3256 omnia
1290 3222 1462 3266 explanat.
1492 3221 1647 3255 Affirmat
1661 3221 1736 3255 aliis
1753 3222 2053 3267 Autocephaliam,

1168 3273 1240 3307 aliis
1253 3270 1496 3311 Exarchatum‚
1522 3272 1594 3306 aliis
1604 3272 1887 3315 Metropoliticam
1909 3273 2055 3318 dignita-

1168 3334 1255 3364 tem,
1280 3323 1344 3356 alia
1364 3323 1437 3356 aliis
1458 3320 1645 3366 hujusmodi
1670 3323 1764 3357 fuisse
1784 3325 1802 3358 a
1825 3323 1956 3368 Cyrillo
1980 3333 2051 3366 pro-

1170 3373 1284 3415 missa,
1308 3373 1440 3419 &ipsos
1461 3372 1519 3407 ista
1537 3373 1683 3409 vanitate
1711 3374 1857 3411 seductos
1880 3400 1887 3407 .
1914 3372 2050 3456 Alliadit

1963 3431 1981 3454 a
