2320 3730
273 272 316 303 eis
340 266 519 310 injustitIam
539 265 690 309 pertulit,
714 271 748 299 in
767 267 845 299 nullo
856 276 905 299 nec
916 265 1021 306 vestris
1036 262 1182 296 sanato--

273 318 362 352 nibus
387 317 570 361 contraisset,
597 318 632 351 ὼ·
655 315 880 357 Ecclcstasticam
889 315 981 356 fidem
994 290 1184 347 orthodoxel

268 368 473 413 praedicaffet.
501 372 587 400 Nam
611 368 645 401 (θ’
668 365 729 410 ipse
755 365 948 409 hujusmodi,
975 363 1163 396 metuendum

274 428 376 452 tamen
386 417 424 459 est
437 430 475 452 ne
480 419 551 461 fidei
560 416 633 459 laefio
645 428 835 460 quacumque
847 422 998 458 contingat
1010 438 1019 453 ,
1047 424 1078 445 eo
1087 415 1165 454 quod

274 470 382 503 illicita
403 469 457 502 illa
477 469 601 510 dejeeiio
620 469 658 500 ab
684 469 744 501 illis
762 467 855 509 fac‘la
869 466 926 507 fit,
953 469 1004 505 qui
1023 462 1163 497 haeretica

266 517 470 564 superduxere
496 520 658 561 capitula.
686 519 768 555 Haec
793 515 886 550 verba
905 540 915 555 ,
941 518 1027 546 Nam
1050 515 1083 548 δ’
1103 512 1164 556 ipse

268 568 468 613 huiusmodi,
495 571 568 604 sunt
592 568 708 602 mutila
740 593 746 600 .
775 563 921 608 Suppleri
944 563 1063 606 possint
1098 564 1162 599 hoc

268 621 397 654 modo:
426 625 514 653 Nam
537 618 591 660 etfi
607 618 668 662 ipse
691 617 856 659 hujusmodi
872 613 912 655 fit
929 637 939 653 ‚
966 615 1000 648 et
1018 616 1179 648 tumultus

259 669 386 717 fugiens
407 672 515 704 millies
537 671 626 703 malit
644 673 796 711 privatim
821 675 907 708 agere
932 688 939 696 .
967 665 1159 703 Nestorium

266 721 508 756 commendant
531 719 549 755 ὲ
574 719 694 754 tribus:
722 714 777 747 Ab
798 713 998 749 Orthodoxa
1011 716 1158 759 praedica·

265 773 385 814 tione,
409 771 427 805 a
452 771 547 815 plena
569 770 604 802 in
630 769 740 800 Sacras
761 764 926 808 Principis
946 765 1100 808 jussiones
1121 779 1158 802 ac

263 823 379 858 Sacros
393 831 538 855 canones
552 814 761 856 obedientia,
788 816 821 849 &
838 814 879 850 ab
905 816 1024 861 insigni
1045 830 1157 852 amore

262 870 444 906 Monastici
459 866 604 904 Silentii.
635 865 731 899 Hinc
745 866 951 901 concludunt
964 868 1031 911 ejus
1044 868 1155 912 degra-

261 922 431 956 dationem
444 920 508 951 fine
523 916 693 951 manifesta
719 915 913 951 Orthodoxi
928 918 1095 962 dogmatis
1107 919 1155 952 in-

259 971 339 1015 juria
362 979 428 1001 non
443 968 530 1011 posse
553 966 760 1002 confirmari.
792 968 844 1001 Ex
857 979 925 1012 quo
940 969 1030 1002 vides
1045 972 1074 1005 S.
1090 969 1154 1013 Cy·

259 1020 372 1055 xillum
394 1029 432 1053 ac
456 1016 655 1060 Ephefinam
679 1017 855 1061 synodum
870 1031 937 1052 non
958 1020 1026 1053 fine
1038 1020 1153 1054 funda-

256 1078 370 1103 mento
390 1068 516 1103 sensisse
532 1092 543 1108 ,
570 1079 607 1101 ac
635 1070 821 1112 frequenter
846 1070 998 1114 scripsisse
1026 1095 1036 1111 ,
1062 1070 1151 1112 quod

254 1116 323 1155 haec
346 1118 529 1156 Orientalis
551 1118 664 1153 Faetio
673 1131 741 1153 non
756 1120 924 1163 eisetpura
937 1121 953 1153 ὲ
969 1120 1073 1154 scabie
1087 1121 1152 1154 Ne·

254 1169 349 1204 storii
371 1195 379 1203 .
406 1169 451 1203 Et
473 1167 562 1202 hisce
585 1170 704 1204 litteris
729 1181 848 1204 omnes
876 1170 1148 1213 subscripserunt.

254 1219 394 1256 Etenim
417 1219 608 1255 Caffinensis
630 1219 802 1257 translatio
822 1219 933 1254 addit:
961 1224 1008 1253 Et
1025 1219 1153 1266 subscri·

251 1276 386 1317 ptiones.

305 1320 569 1364 Subscripserunt
585 1319 738 1365 Episcopi
753 1318 970 1365 quadraginta
991 1321 1076 1355 duo.
1108 1321 1151 1355 Et

253 1371 375 1416 Legati
388 1382 480 1406 erant
493 1373 586 1406 od'to.
614 1371 807 1406 Univerfim
831 1372 932 1417 igitur
945 1382 1039 1406 erant
1056 1372 1151 1416 quin-

253 1423 432 1470 quaginta.
460 1423 509 1457 At
524 1420 647 1456 veroin
663 1421 803 1464 libello,
829 1433 897 1466 quo
909 1423 957 1456 sui
979 1423 1153 1465 reparatio-

251 1481 330 1508 nem
345 1472 362 1506 ὲ
377 1474 493 1508 Sanssa
517 1471 656 1516 Synodo
679 1474 909 1517 postularunt,
936 1472 1086 1516 Cyrillus
1113 1484 1150 1506 ac

252 1523 420 1558 Memnon
432 1524 621 1558 constanter
632 1523 797 1559 affirmant
823 1523 943 1566 Joanni
968 1521 1152 1558 Antioche·

251 1584 302 1608 no
322 1575 460 1609 adfuisse
484 1575 572 1609 solos
592 1575 731 1619 triginta
744 1599 765 1607 ,Α
780 1574 824 1608 Et
848 1575 915 1618 ipsa
932 1572 1089 1617 Synodus
1116 1574 1149 1607 in

252 1621 452 1664 Keladone,
479 1624 633 1667 quamde
645 1625 701 1658 sua
714 1625 830 1667 quinta
844 1625 987 1661 Aetione
1008 1624 1087 1658 fecit
1108 1624 1150 1658 ad

252 1671 444 1717 Principem
456 1697 468 1714 ‚
493 1672 611 1710 diserte
624 1673 735 1707 scribit
748 1675 841 1708 fuisse
864 1676 985 1707 tantum·
997 1680 1127 1718 triginta
1141 1699 1148 1706 .

252 1723 358 1770 Qod
372 1723 476 1767 ipsum
490 1723 608 1767 repetit
622 1724 656 1757 in
670 1723 849 1759 Relatione
860 1725 901 1758 ad
913 1725 1066 1758 Sanctum
1089 1724 1152 1758 Ce-

251 1773 412 1811 lestinum
426 1774 629 1808 Pontificem
642 1798 650 1806 .
679 1774 799 1809 Scribit
821 1785 960 1809 numero
978 1774 1126 1809 rotundo
1140 1800 1147 1808 .

251 1823 419 1859 Accurate
441 1824 586 1858 scribens
610 1825 645 1857 in
659 1823 837 1860 Relatione
850 1849 860 1865 ‚
888 1836 987 1869 quam
1002 1835 1057 1868 per
1077 1824 1148 1858 Pal—

251 1874 380 1908 ladium
400 1874 660 1918 Magistrianum
681 1875 857 1908 transmisit
877 1874 918 1907 ad
930 1873 1118 1916 Principem
1139 1898 1150 1914 ,

252 1922 321 1959 haec
340 1922 442 1958 habet
458 1937 469 1957 .·
494 1925 571 1956 Sunt
585 1924 649 1961 illi,
677 1930 729 1965 qui
746 1921 867 1966 diversa
879 1925 899 1956 ἃ
910 1920 990 1956 rebla
1009 1922 1151 1966 fidesen-

253 1981 357 2013 tiunt,
386 1975 431 2007 ad
439 1975 597 2016 tegendam
611 1973 800 2014 imposturam
824 1972 913 2015 usque
934 1975 1008 2005 adeo
1024 1975 1149 2013 callidi,

252 2034 286 2058 ut
296 2025 422 2066 quidam
433 2033 546 2064 quoque
557 2022 729 2061 Sancliffimi
744 2020 885 2063 Episcopi
901 2023 1045 2055 occultato
1073 2034 1149 2055 erro-

252 2085 285 2107 re
308 2076 327 2106 ἃ
344 2071 476 2112 Nestorio
498 2073 611 2113 decepti
629 2070 693 2113 fine
704 2095 716 2112 ,
742 2074 776 2105 (5
790 2076 816 2104 ei
835 2069 898 2114 sese
922 2073 1147 2111 adjunxerint,

254 2122 392 2166 actisque
402 2124 480 2156 illius
488 2119 719 2164 subscripserint
730 2147 737 2153 .
765 2123 832 2164 ,Qui
847 2129 949 2153 tamen
956 2121 1148 2163 posteaquam

254 2174 386 2209 dilucide*
399 2174 475 2215 quid
492 2170 639 2214 sentiret,
666 2171 753 2215 essent
770 2171 981 2213 percunctati,
1008 2171 1147 2213 illumque

251 2223 325 2269 ficas
339 2222 543 2266 blasphemias
553 2230 730 2266 retegentem
740 2223 936 2264 comperissent
947 2245 958 2261 ,
984 2220 1023 2253 ab
1050 2233 1081 2256 eo
1102 2222 1153 2255 de-

250 2273 406 2319 sciverunt
419 2297 430 2313 ,
458 2283 494 2307 ac
504 2272 616 2305 samia
637 2274 746 2311 synodo
763 2271 1019 2315 Jeadjunxerunt
1033 2295 1043 2311 ,
1065 2279 1149 2314 pate·

246 2325 394 2368 faciatque
417 2321 551 2366 eiusdem
575 2321 764 2365 blasphemia
778 2346 788 2361 ,
813 2324 1065 2355 condemnationis
1083 2321 1151 2364 sen-

254 2382 384 2408 tentiam
396 2374 543 2407 adversus
555 2373 739 2416 praedic‘lum
749 2372 918 2412 Nestorium
931 2384 992 2405 una
1004 2370 1148 2414 nobiscum

254 2426 389 2458 tulerunt
411 2449 418 2456 .
444 2429 549 2466 Itaque
575 2424 666 2466 apud
685 2423 855 2463 Nestorium
878 2425 911 2455 (5
937 2423 1147 2464 Reverendiffi·

253 2487 336 2508 mum
360 2473 541 2516 Episcopum
554 2477 712 2517 Joannem
726 2472 943 2505 Antiochenam
966 2475 1094 2514 triginta
1102 2469 1148 2514 se-

249 2534 337 2570 ptem
353 2550 364 2566 ‚
388 2525 480 2566 paulo
499 2525 627 2565 plures,
656 2523 750 2556 relic‘li
768 2521 842 2566 sunt
865 2547 872 2554 .
900 2525 1014 2554 Eorum
1036 2531 1149 2564 quoque

254 2581 378 2609 nomina
399 2576 443 2607 ad
470 2573 600 2613 vestram
622 2572 810 2613 Maiestatem
830 2571 955 2613 mifimus
975 2594 982 2602 .
1013 2571 1147 2605 Relatio

254 2624 324 2660 haec
344 2624 406 2658 fuit
428 2623 544 2667 scripta
557 2621 713 2656 Calendis
725 2622 838 2664 Juliis.
868 2621 911 2653 Et
933 2620 1045 2655 Fastio
1068 2622 1148 2654 sem·

254 2687 311 2719 per
332 2673 494 2709 decrevit.
523 2672 659 2705 Etenim
680 2671 851 2711 convitio,
879 2670 969 2712 quod
992 2670 1146 2715 vigesima

255 2725 393 2767 septima
403 2721 457 2756 die
468 2721 555 2765 Junii
570 2722 712 2766 Joannes
725 2720 958 2755 Antiochenus
970 2719 1099 2755 latravit
1112 2721 1145 2753 in

255 2776 412 2810 Sanctum
442 2772 608 2816 Cyrillum
636 2784 673 2807 ac
694 2783 830 2809 omnem
851 2772 1024 2813 synodum
1039 2795 1051 2811 ,
1077 2769 1148 2808 sub-

255 2825 450 2868 scripserunt
462 2822 680 2867 quadraginta
693 2833 776 2863 tres,
805 2823 839 2856 &
853 2823 942 2866 ipsos
957 2820 1048 2856 audis
1063 2821 1148 2855 intra

258 2885 381 2920 paucos
400 2873 485 2908 adeo
497 2872 566 2908 dies
576 2872 668 2907 fuifle
679 2875 863 2907 contrastos
884 2871 924 2906 ad
947 2873 1083 2917 triginta
1106 2872 1150 2905 se-

258 2935 369 2969 ptem.
397 2922 502 2959 Porro
515 2925 644 2967 praesens
665 2923 811 2968 Epistola
825 2923 870 2958 est
892 2923 1009 2967 scripta
1021 2922 1061 2956 ad
1085 2933 1150 2956 me-

257 2977 352 3011 dium
363 2973 526 3011 octobris.
554 2974 738 3020 Qomodo
749 2975 849 3020 igitur
862 2984 942 3008 tunc
953 2982 1045 3007 erant
1056 2973 1152 3016 quin·

698 179 1034 226 VAnroRuM
1070 167 1322 223 Pirenen
1358 169 1692 236 Epzsmm,

1226 260 1454 304 adpraemium‚
1484 267 1594 310 collegit
1621 267 1656 301 es
1676 265 1807 299 direxit.
1837 262 1999 300 Attamen
2025 265 2112 303 inter

1225 311 1362 355 Joannis
1381 311 1435 349 hic
1461 314 1698 350 subscribentes
1718 316 1900 360 Episcopos
1920 317 2019 351 multi
2042 318 2112 353 fuel-

1224 372 1300 396 runt
1312 362 1425 407 magni
1436 364 1582 397 nominis
1592 376 1688 408 atque
1698 366 1837 400 scientiae
1848 392 1856 401 .
1888 367 2024 401 Etenim
2039 368 2111 403 sub-

1223 414 1357 456 scriptos
1380 413 1434 447 hic
1460 414 1549 448 vides
1573 414 1740 457 Julianum
1771 415 2015 460 sardicensem,
2042 419 2110 463 Cy-

1222 474 1293 497 rum
1319 464 1526 507 Tyriorum,
1553 464 1725 498 Bofforum
1748 465 1995 510 Gangrensern,
2022 469 2110 503 Rab-

1224 514 1332 548 bulam
1346 513 1543 549 Edessenum
1555 539 1566 555 ‚
1593 515 1727 550 Petrum
1739 515 2109 561 Trajano—Politanum,

1222 576 1336 598 omnes
1346 565 1583 610 Metropolitas
1594 590 1604 605 ‚
1632 566 1667 600 ὅ(
1679 566 1762 600 alios
1772 566 1930 608 quosdam
1944 591 1955 607 ,
1966 580 2109 609 quorum

1221 616 1333 650 nullus
1355 615 1537 660 subscripfit
1552 618 1683 660 praefato
1697 616 1846 651 Latratui
1859 643 1866 650 .
1894 617 1994 652 Certe
2013 630 2109 663 opor-

1222 677 1266 700 tet
1292 667 1453 709 quoidam
1487 668 1701 710 supervenisse
1722 693 1729 700 .
1770 667 1862 703 Dico
1884 693 1895 710 ,
1924 668 2108 713 Quosdam.

1220 716 1428 762 Qibusdam
1454 717 1623 753 Rabbulas
1637 719 1816 752 Edeffenus
1829 717 1956 753 videtur
1972 718 2110 755 adfuisse

1220 767 1262 800 ab
1287 768 1443 802 exordio.
1472 769 1553 812 Ejus
1574 780 1715 813 namque
1727 769 1901 811 Presbyter
1925 770 2109 814 &Synceb

1221 818 1292 857 lus,
1322 819 1429 861 postea
1458 818 1644 860 Successor,
1672 820 1745 854 lbas
1766 821 1801 853 in
1820 820 1943 854 famosa
1960 822 2016 855 sua
2030 821 2111 865 Epi·

1220 868 1302 902 stola
1322 868 1437 903 diserte
1459 869 1598 903 affirmat
1618 872 1649 903 se
1673 881 1749 903 cum
1771 871 1898 913 Ioanne
1919 870 2109 906 Patriarcha

1222 919 1352 953 intraffe
1380 918 1568 963 Ephesum:
1598 920 1641 954 Et
1668 919 1796 955 videtur
1817 933 1886 955 non
1901 921 2109 956 intraffefine

1219 970 1275 1002 suo
1303 969 1489 1014 Episcopo.
1519 970 1574 1004 Est
1603 982 1652 1004 res
1675 970 1818 1013 implexa
1844 996 1850 1003 .
1878 972 2015 1006 Etenim
2038 972 2108 1016 ipse

1218 1019 1289 1052 Ibas
1303 1021 1335 1053 in
1357 1022 1410 1054 sua
1424 1022 1545 1055 famosa
1563 1020 1709 1065 Epistola
1725 1021 1858 1057 scribit:
1885 1022 1952 1063 Post
1973 1023 2109 1055 duonu—

1218 1078 1278 1102 tem
1298 1071 1364 1104 dies
1389 1072 1597 1105 damnationis
1621 1071 1752 1112 Nestorii
1774 1077 1911 1105 venimus
1931 1071 2086 1115 Ephesum
2098 1096 2108 1105 .

1219 1118 1403 1161 Implexum
1425 1116 1474 1155 vest
1499 1146 1510 1161 ,
1536 1134 1614 1156 cum
1638 1122 1756 1165 quibus
1777 1123 1902 1157 venerit
1922 1147 1929 1154 .
1970 1123 2109 1157 Etenim

1217 1179 1343 1203 certum
1354 1171 1396 1203 est
1411 1170 1573 1213 Joannem
1589 1170 1841 1204 Antiochenum
1853 1183 1929 1205 cum
1952 1173 2018 1206 suis
2031 1172 2109 1216 Epi-

1216 1221 1322 1263 scopis
1335 1231 1402 1254 non
1416 1221 1557 1261 venisse,
1588 1221 1646 1254 nisi
1659 1221 1773 1262 quinta
1787 1221 1856 1265 post
1870 1221 1964 1255 istam
1975 1222 2109 1262 damna-

1216 1271 1343 1303 tionem
1365 1270 1435 1304 die.
1466 1270 1610 1305 Proinde
1636 1272 1670 1305 &
1694 1283 1819 1305 certum
1838 1272 1985 1313 videtur,
2015 1269 2108 1315 quod

1217 1319 1388 1363 Presbyter
1408 1320 1483 1355 Ibas
1502 1322 1608 1364 ipsum
1619 1321 1732 1355 triduo
1744 1323 1931 1365 praevenerit
1944 1348 1951 1355 .
1979 1321 2107 1356 Omnia

1219 1370 1371 1414 Epistola>
1383 1372 1581 1414 exemplaria
1592 1372 1779 1405 constanter
1792 1373 1837 1406 ita
1851 1373 1967 1416 legunt
1980 1396 1991 1412 ,
2019 1372 2111 1405 ideo-

1216 1431 1280 1463 que
1294 1432 1364 1455 non
1382 1421 1480 1454 video
1491 1420 1593 1454 alium
1603 1421 1729 1454 exitum
1742 1445 1749 1452 .
1778 1421 1835 1454 An
1846 1421 1918 1455 lbas
1930 1431 2004 1455 cum
2020 1420 2110 1455 Rab-

1216 1471 1292 1505 bula
1307 1495 1319 1511 ,
1341 1479 1397 1506 aut
1416 1482 1493 1505 curn
1516 1471 1590 1505 aliis
1626 1470 1821 1515 Episcopis‚
1847 1471 1882 1507 &
1901 1482 1977 1505 cum
1990 1470 2110 1514 quibus

1217 1520 1341 1555 venerit
1355 1546 1366 1562 ,
1395 1533 1450 1557 me
1461 1522 1542 1556 latet
1553 1546 1560 1553 .
1589 1521 1628 1555 In
1641 1532 1674 1555 re
1686 1520 1822 1556 obscura
1833 1521 1959 1563 aliquid
1972 1521 2111 1557 luminis

1215 1573 1398 1615 accipimus
1419 1584 1461 1606 ex
1484 1571 1619 1612 litteris,
1649 1582 1729 1615 quas
1749 1572 1893 1615 Ioannes
1915 1569 2110 1606 Patriarcha

1215 1634 1257 1656 ex
1272 1624 1324 1657 via
1339 1622 1462 1666 scripfit
1473 1622 1514 1656 ad
1527 1623 1679 1657 sanctum
1695 1621 1884 1665 Cyrillum:
1913 1624 2051 1667 Triginta
2065 1630 2109 1654 to-

1216 1682 1261 1705 tos
1286 1674 1351 1705 dies
1374 1678 1431 1706 iter
1452 1671 1543 1716 usque
1559 1672 1646 1715 facio
1665 1696 1676 1712 ,
1708 1672 1786 1706 nihil
1805 1675 1972 1715 quidquam
1994 1677 2108 1715 quietis

1211 1722 1337 1766 prorsus
1358 1722 1432 1755 mihi
1451 1725 1610 1767 indulgens
1630 1749 1641 1765 ‚
1667 1725 1773 1757 multis
1790 1729 1913 1757 interim
1934 1720 2109 1767 Religiofiffi-

1216 1780 1273 1807 mis
1288 1772 1445 1816 Episcopis
1457 1773 1492 1807 ob
1507 1780 1622 1808 itineris
1644 1775 1850 1816 difficultatem
1861 1779 2004 1818 graviter
2027 1772 2109 1814 affliu

1216 1825 1273 1857 c‘iis
1300 1848 1312 1863 ,
1338 1835 1432 1866 neque
1450 1830 1558 1866 paucis
1582 1835 1693 1868 quoque
1706 1827 1858 1864 jumentis
1882 1821 1917 1856 ob
1935 1828 2107 1856 continuum

1211 1873 1407 1918 profedlionis
1427 1874 1558 1908 lahorem
1596 1874 1741 1907 extinllis
1765 1898 1774 1906 .
1814 1873 1944 1907 Praefati
1981 1872 2108 1917 igitur,

1216 1932 1384 1967 quotquot
1407 1922 1460 1956 isti
1473 1923 1622 1957 Latratui
1643 1934 1712 1958 non
1725 1922 2000 1965 subscripserunt,
2029 1921 2109 1966 Epi-

1218 1974 1303 2016 scopi
1326 1973 1447 2015 possint
1473 1973 1542 2007 iaffi
1570 1982 1626 2006 aut
1647 1974 1773 2009 infirmi
1785 1972 1905 2007 haefiffe
1926 1972 1961 2005 in
1974 1973 2048 2013 via,
2063 1972 2109 2009 ’ἃ

1217 2033 1286 2056 non
1310 2023 1370 2055 nisi
1395 2022 1506 2066 postea
1529 2022 1694 2056 advenisse
1722 2021 1910 2066 Ephesum.
1938 2021 1996 2055 An
2022 2022 2110 2056 inter

1217 2071 1278 2105 hos
1300 2072 1400 2105 etiam
1423 2072 1592 2105 Rabbulas
1610 2071 1731 2112 fuerit,
1758 2075 1900 2116 ignoro.
1929 2070 2028 2106 Certe
2039 2072 2109 2116 ejus

1215 2120 1387 2164 Presbyter
1398 2119 1470 2155 Ibas
1483 2121 1580 2166 poffit
1598 2122 1781 2166 Episcopos
1804 2122 2004 2165 praeveniffe.

1267 2171 1344 2205 Hac
1365 2172 1401 2205 in
1419 2171 1567 2215 Epistola
1591 2172 1700 2206 notari
1722 2172 1825 2206 etiam
1845 2181 1976 2216 oportet
1988 2170 2106 2207 verba:

1218 2226 1362 2262 Oramus,
1391 2223 1427 2256 Θ
1449 2231 1519 2255 ante
1542 2221 1665 2267 vestigia
1689 2221 1787 2261 vestra
1805 2224 2015 2263 provolvimur
2034 2245 2046 2262 ,
2069 2229 2107 2255 ut

1217 2284 1271 2304 nos
1293 2283 1359 2304 cum
1381 2273 1610 2315 longanimitate
1637 2271 1831 2305 humiliantes
1852 2271 1960 2312 vestrae
1989 2274 2106 2305 Pietati

1213 2320 1403 2365 suscipiatis,
1429 2323 1463 2355 i&
1482 2323 1563 2364 juste
1581 2331 1721 2364 petentes
1734 2323 1771 2355 de
1788 2321 1900 2364 offensa
1914 2321 2044 2366 persona
2064 2321 2106 2354 ab

1212 2371 1260 2405 his
1272 2397 1283 2413 ‚
1310 2379 1360 2415 qui
1371 2381 1544 2415 receperunt
1554 2372 1695 2407 haeretica
1707 2372 1852 2415 Capitula
1873 2373 1998 2411 cyrilli,
2027 2366 2105 2405 &in

1214 2424 1310 2455 Deum
1321 2421 1418 2465 ipsum
1433 2424 1523 2465 impie
1534 2433 1676 2466 egerunt.
1704 2428 1793 2455 Nam
1805 2427 1856 2464 qui
1870 2424 2106 2455 introduxerunt

1213 2471 1354 2505 haeretica
1378 2474 1526 2514 capitula
1539 2495 1549 2512 ,
1576 2474 1611 2505 (τ
1632 2471 1835 2505 turbaverunt
1855 2472 2030 2504 Sannorum
2043 2474 2107 2504 Pa-

1213 2530 1294 2554 trum
1302 2521 1398 2563 fidem
1410 2547 1420 2563 ,
1446 2522 1525 2555 hanc
1534 2520 1663 2564 ipsorum
1670 2530 1793 2562 partem
1804 2526 1837 2554 in
1856 2520 1925 2563 ipfis
1950 2525 2106 2556 Commen-

1213 2577 1300 2604 tariis
1322 2578 1415 2605 etiam
1433 2574 1569 2604 illicitam
1582 2570 1785 2612 depofitionem
1793 2570 1952 2610 fecerunt.
1979 2575 2027 2603 Et
2045 2582 2106 2604 cre-

1213 2623 1313 2654 dimus
1326 2632 1384 2653 non
1398 2619 1497 2658 vil'um
1503 2620 1590 2661 fuiffe
1600 2625 1768 2661 incorrupto
1782 2618 1876 2658 vestro
1902 2621 1937 2654 (⁹5
1959 2620 2035 2653 πᾶα
2051 2623 2107 2662 ju-

1213 2672 1285 2703 dicio
1287 2669 1401 2710 justam
1412 2670 1527 2703 illorum
1533 2669 1614 2709 stare
1629 2671 1900 2702 condemnationem
1910 2694 1921 2710 ‚
1947 2681 2020 2712 quos
2038 2681 2104 2703 con-

1212 2723 1348 2754 demnari
1359 2718 1516 2761 manifhste
1533 2728 1668 2761 oportet,
1694 2728 1795 2761 utpote
1815 2720 1962 2752 convictos
1982 2719 2103 2754 haereti-

1212 2782 1258 2804 cos
1279 2795 1286 2802 .
1316 2772 1399 2807 Sunt
1418 2769 1639 2805 obscuriffirna
1652 2794 1664 2810 ,
1689 2780 1727 2803 ac
1749 2770 1816 2804 sine
1840 2771 1934 2804 sensu
1956 2794 1964 2801 .
2000 2770 2104 2804 Gaffi-

1216 2821 1319 2854 nenfis
1331 2818 1501 2855 translatio
1512 2819 1556 2854 est
1568 2820 1795 2854 commodior:
1824 2822 1908 2856 Unde
1917 2818 2101 2863 quaesumus,

1212 2883 1246 2905 ac
1258 2869 1445 2915 nosmetipsos
1456 2869 1668 2913 prosternimus
1680 2870 1812 2914 vestigiis
1825 2870 1930 2911 vestris
1942 2896 1953 2912 ,
1980 2881 2014 2904 ut
2036 2881 2103 2904 cum

1208 2926 1363 2965 patientia
1381 2932 1434 2954 nos
1463 2921 1626 2955 humillime
1644 2919 1849 2966 supplicantes
1871 2924 1978 2955 Pietas
2001 2921 2102 2960 vestra

1210 2970 1351 3017 suscipiat
1357 2979 1414 3014 pro
1426 2972 1477 3005 illa
1483 2970 1611 3014 persona
1620 2998 1631 3012 ,
1658 2977 1704 3005 cui
1710 2970 2049 3014 praejudiciumfaclum
2061 2970 2101 3010 est

260 3027 416 3071 quaginta
430 3025 607 3069 Episcopi?
635 3025 834 3069 Respondeo
857 3024 947 3068 quod
962 3022 1150 3058 Patriarcha
1211 3022 1250 3055 ab
1276 3022 1347 3063 bis,
1373 3028 1425 3064 qui
1447 3021 1586 3056 haeretica
1612 3024 1714 3061 cyrilli
1735 3023 1936 3056 Alexandrini
1958 3022 2102 3062 capitula

262 3075 429 3120 Joannes,
456 3075 664 3111 deficientem
690 3076 880 3110 Fastionem
904 3074 1065 3109 suffulcire
1087 3073 1150 3107 stu-

263 3125 367 3166 dens,
393 3128 504 3161 fecerit
526 3126 611 3160 istud
634 3126 760 3170 ipsum,
787 3126 878 3170 quod
901 3123 1078 3168 postmodo
1089 3123 1148 3157 Ita-

264 3173 315 3206 liae
326 3176 438 3210 Clerus
451 3178 491 3211 de
504 3177 704 3220 Imperatore
715 3178 902 3220 Justiniano
919 3199 930 3215 ,
957 3175 1079 3218 quintae
1091 3175 1148 3217 Sy-

264 3223 347 3257 nodi
360 3223 564 3262 decrementa
578 3237 711 3261 curante
722 3252 733 3267 ,
759 3227 880 3271 scripsit
889 3225 931 3259 ad
945 3226 1147 3259 Francorum

265 3273 408 3317 {legatos
436 3287 444 3307 :
473 3277 639 3318 PraefeAEus
670 3277 780 3318 Africae
801 3302 812 3318 ‚
832 3276 862 3320 fi
880 3287 952 3319 quos
976 3280 1095 3308 invenit
1115 3280 1147 3307 in

265 3323 360 3370 Ast-ca
385 3322 549 3366 Episcopos
572 3352 583 3367 ,
610 3335 662 3360 aut
692 3326 794 3369 causas
825 3332 963 3370 proprias
983 3324 1146 3365 habentes,

266 3383 320 3408 aut
331 3373 478 3419 simplices
503 3375 554 3410 ‘vel
571 3380 689 3418 ignaros
713 3399 726 3417 ,
751 3385 804 3411 aut
823 3378 945 3413 venales
969 3376 1004 3410 Θ·
1017 3383 1146 3420 paratos

1207 3071 1417 3116 susceperunt,
1442 3074 1684 3115 impietatemque
1695 3082 1797 3106 contra
1808 3073 1865 3112 id,
1891 3074 1970 3114 quod
1979 3075 2103 3105 Divini-

1212 3130 1288 3156 tatis
1312 3122 1350 3164 est
1364 3148 1375 3164 ,
1403 3122 1575 3166 effecerunt.
1603 3125 1668 3166 ,Qui
1691 3130 1770 3156 enim
1793 3122 1933 3156 haeretica
1955 3122 2102 3164 Capitulae

1210 3173 1497 3217 subintroduxerunt
1519 3197 1530 3214 ,
1556 3174 1729 3206 Sanc‘l'orum
1754 3176 1883 3206 Patrum
1904 3172 2103 3215 perturbaveb

1215 3224 1384 3266 runtfidem
1397 3248 1408 3263 ,
1434 3225 1518 3266 quod
1524 3226 1568 3256 ad
1575 3223 1651 3267 ipsos
1658 3230 1793 3265 pertinet
1806 3248 1816 3264 ,
1842 3230 1875 3256 in
1898 3221 1965 3265 iplr‘s
1987 3222 2100 3263 Gestis.

1214 3278 1259 3308 Et
1287 3276 1423 3308 illicitam
1438 3274 1578 3316 fecerunt
1600 3274 1804 3316 depofitionem
1826 3298 1832 3306 .
1866 3276 1912 3305 Et
1932 3274 2103 3312 credimus,

1214 3331 1286 3367 quia
1300 3323 1500 3358 indeclinabili
1512 3325 1644 3367 rectoque
1654 3327 1770 3366 judicio
1781 3324 1874 3363 vestro
1882 3322 1995 3364 justum
2016 3326 2102 3355 mini-

1213 3375 1260 3411 me*
1282 3375 1439 3421 apparebit
1468 3377 1738 3410 condemnationem
1759 3374 1880 3418 fallam
1899 3381 2101 3416 permanere,

1977 3433 2050 3467 quos
