2320 3730
372 177 473 225 264

286 249 429 292 :eiecerit
449 249 466 280 a
489 247 788 283 fitacommunione
802 271 812 287 ,
837 246 983 289 alloquio
996 267 1006 282 ‚
1025 251 1127 290 atque
1139 240 1181 274 εὖ

282 301 397 343 pestu-
424 297 688 334 Hinc⁴2Andreas
711 298 828 337 infert,
854 295 942 338 quod
967 293 1031 335 jam
1046 288 1180 334 impune

284 348 380 391 poffit
389 349 630 383 communicare
642 360 719 383 cum
731 345 883 380 Rabbula
896 355 904 374 ε
933 339 1107 388 Qoniam
1120 340 1178 374 ista

283 407 377 443 poena
392 409 459 433 non
483 398 577 443 poffit
601 399 701 441 repeti
724 404 781 429 aut
804 391 975 436 ampliari.
1003 390 1177 436 Qoniam

283 447 476 484 Alexander
498 461 566 483 non
593 448 687 491 possit
709 455 763 488 per
783 442 932 486 singulos
947 465 957 481 ,
982 440 1176 483 quibuscum

285 498 438 534 Andreas
448 496 739 533 communicaverit
750 519 761 535 ,
789 492 969 536 Episcopos
980 490 1109 535 exigere
1122 491 1178 525 fin·

285 548 380 593 gulas
396 546 576 583 istiusmodi
590 545 755 579 ultiones.
787 543 829 575 Et
844 541 1035 586 indignatur
1050 565 1061 580 ‚
1087 540 1177 584 quod

284 597 488 638 Alexander,
520 597 578 642 qui
605 596 705 629 libere
730 594 881 637 loquatur
902 602 979 625 cum
1003 588 1118 634 Judaeis
1140 601 1178 624 ac

283 647 445 694 Paganis,
471 647 555 681 nolit
579 646 779 689 Episcopum
801 641 980 686 loquicurn
993 641 1178 684 Episcopo,

282 694 459 743 nequidem
484 709 561 732 cum
587 693 802 736 Metropolita
823 692 953 727 alterius
976 691 1176 732 Provincias,

283 748 354 782 imo
372 759 433 781 nec
450 757 525 781 cum
547 744 678 791 proprio
691 741 875 778 patriarcha
887 767 894 775 .
921 741 988 775 His
1011 741 1113 786 igitur
1126 742 1177 775 of-

282 798 392 832 fensus
406 796 554 829 Andreas
567 818 578 834 ,
605 794 759 829 detreffltt
769 793 808 827 ad
821 793 928 837 ipsum
938 791 1092 838 deinceps
1104 791 1161 825 scri

282 847 377 887 bere,
406 845 545 888 ideoque
557 844 612 878 illa
626 868 637 885 ‚
664 855 736 888 quae
757 844 812 887 ipfi
839 842 1006 878 reserenda
1025 842 1154 876 fueraut
1165 864 1176 882 ‚

282 895 393 930 scribit
405 896 445 930 ad
459 895 659 930 OEconomos
685 894 850 928 Ecclesiae.

334 946 378 978 Et
394 945 503 980 scribit
515 947 624 989 plura.
652 942 786 985 Primo,
813 943 902 988 quod
923 942 1176 988 pacificatoriam

280 996 392 1030 Santsti
416 995 538 1039 Cyrilli
560 994 743 1039 Epistolam
766 995 888 1037 judicet
910 993 1004 1038 plene
1021 991 1177 1028 orthodo-

278 1057 379 1085 xam,
400 1045 541 1089 ideoque
559 1046 594 1080 δε
614 1045 831 1079 Ecclesiarum
860 1055 973 1087 pacem
991 1042 1155 1078 admiserit
1168 1066 1175 1073 .

279 1093 434 1131 Secundo
446 1119 457 1136 ‚
483 1094 573 1140 quod
583 1095 706 1130 cunetis
721 1094 816 1137 hujus
829 1094 916 1136 pacis
926 1092 1110 1127 auctoribus
1132 1090 1173 1124 E-

277 1145 419 1190 piscopis
455 1147 555 1180 etiam
577 1156 619 1178 ex
644 1144 760 1178 animo
789 1143 1014 1177 communicet
1035 1167 1042 1175 .
1071 1140 1175 1188 Qod

278 1195 521 1235 eommunicet,
548 1205 617 1228 non
644 1193 706 1228 soli
729 1194 788 1227 suo
810 1190 1007 1226 Patriarchae
1030 1191 1150 1236 Joanni
1166 1214 1177 1231 ,

279 1244 334 1280 sed
357 1245 458 1279 etiam
480 1245 588 1279 Xixto
610 1243 766 1278 Romano
786 1242 965 1284 Pontifici,
992 1242 1083 1287 pacis
1095 1252 1172 1276 con-

278 1297 456 1336 firmatori,
484 1296 601 1329 &msto
616 1293 745 1338 Cyrillo
757 1317 767 1333 ,
790 1293 1000 1328 Maximiano
1014 1292 1175 1327 Constan-

277 1345 504 1390 tinopolitano
533 1347 677 1387 itemque
708 1342 865 1378 Rabbulae
898 1354 936 1381 ac
968 1342 1173 1378 Melitinenfi

275 1395 407 1430 Acacio
421 1420 432 1437 ,
458 1396 491 1430 &
509 1395 666 1430 omnibus
678 1395 828 1429 Ponticis
841 1394 1028 1439 Episcopis.
1056 1393 1131 1427 Imo
1142 1393 1174 1427 &

276 1446 436 1480 omnibus
459 1446 517 1480 sub
533 1446 640 1480 coelo:
669 1445 866 1479 Dummodo
890 1453 1001 1479 tamen
1019 1441 1175 1476 orthodo-

278 1495 350 1529 xis.
378 1495 502 1529 Tertio
515 1519 527 1535 ,
550 1495 690 1538 exponit
700 1493 924 1528 orthodoxam
937 1492 1174 1528 deDominicae

275 1544 689 1588 Incarnationismysterio
715 1544 815 1579 fidem
827 1568 839 1585 ,
864 1544 964 1587 ipsam
983 1544 1175 1587 profitetur,

279 1596 315 1629 &
327 1595 418 1629 addit
431 1594 650 1637 profitendam
661 1594 759 1628 etiam
779 1594 821 1629 ab
833 1593 1026 1628 Alexandro
1035 1617 1042 1625 .
1072 1594 1173 1639 Quar-

279 1643 341 1685 to,
366 1644 413 1679 ait
438 1643 507 1678 haec
517 1645 573 1678 sua
589 1645 676 1678 sensa
689 1655 757 1679 non
783 1644 862 1683 esse,
891 1642 945 1677 sed
957 1644 1043 1678 scita
1055 1643 1176 1677 senfiffe

281 1695 394 1729 statim
421 1694 462 1728 ab
475 1694 583 1729 allatis
607 1706 644 1729 ae
655 1693 728 1728 visis
739 1693 1176 1738 Sanaicyrinipacificato-

276 1746 336 1780 tiis
346 1745 483 1780 litteris.
512 1744 558 1779 Et
580 1744 639 1778 ista
650 1745 704 1778 sua
730 1745 820 1779 sensa
839 1755 921 1779 mox
931 1743 1105 1788 aperuisse.
1133 1743 1177 1777 Et

279 1793 420 1829 tandem*
426 1793 598 1829 concludit
612 1806 620 1826 z
647 1798 770 1828 Utinam
776 1794 901 1836 pofflbtle
910 1794 985 1827 mibi
995 1795 1060 1836 effer
1073 1802 1105 1826 ut
1119 1804 1178 1825 om-

279 1857 333 1879 ues
345 1869 356 1885 ,
383 1850 433 1887 qui
454 1855 512 1878 non
536 1842 720 1887 confirmant
741 1868 753 1885 ,
776 1846 980 1888 conjungerem
1003 1844 1179 1876 adunarem-

279 1907 337 1939 que
361 1893 513 1937 Ecclefiae.
545 1894 683 1939 Essetque
703 1893 778 1927 mibi
800 1895 822 1926 ἃ
847 1897 910 1927 Deo
930 1895 1043 1927 donata
1056 1893 1180 1935 efficacia

285 1945 375 1985 baec,
403 1957 463 1986 qua
485 1956 532 1978 me
556 1943 682 1977 arbitrer
691 1948 860 1977 maximum
869 1945 914 1976 ad
923 1951 1037 1977 aeterna
1047 1944 1180 1986 reperiffe

280 1995 465 2041 remedium,
486 1993 550 2034 five
564 1991 704 2034 solatium
718 2018 726 2026 .
753 1993 807 2026 Ex
826 1992 942 2036 quibus
963 1992 1120 2027 omnibus
1135 1994 1180 2026 vi-

283 2043 400 2079 demus
425 2041 593 2076 Andream
615 2043 708 2076 fuisse
730 2042 835 2074 virum
858 2041 952 2074 bonae
978 2052 1016 2073 ac
1039 2041 1181 2083 pacificae

283 2092 424 2129 mentis.
453 2093 538 2126 ltem
559 2089 708 2125 videmus
727 2114 739 2130 ‚
765 2089 856 2134 quod
877 2088 1066 2124 Alexander
1086 2090 1118 2123 se
1138 2097 1180 2123 et-

285 2146 353 2179 iam
363 2143 381 2176 ὲ
394 2143 554 2177 Romanae
568 2140 716 2175 Ecclesiae
727 2140 965 2174 communione
975 2139 1183 2183 separaverit,

285 2194 430 2233 ideoque
451 2191 549 2224 fuerit
575 2189 671 2232 plene
697 2187 935 2223 schismaticus.
963 2188 1053 2232 Qia
1065 2187 1182 2232 nempe

287 2243 412 2281 Xixtus
435 2239 594 2275 Pontifex
623 2237 862 2281 pacificatorias
889 2237 1057 2281 utriusque
1083 2238 1182 2281 partis

291 2295 412 2333 litteras
423 2290 671 2327 confirmaverat
683 2312 692 2322 .

303 2438 368 2449 -“
390 2447 393 2449 .

521 2574 780 2626 CAPUT
815 2577 962 2622 cv11.
1035 2587 1174 2632 -195

300 2735 377 2804 Epi
408 2730 469 2780 ola
503 2727 618 2777 Pauli
649 2725 818 2794 Emefim'
840 2725 1016 2798 Epiftopi
1026 2763 1040 2790 ,
1074 2727 1186 2793 osten-

512 2799 595 2850 dem
629 2802 703 2868 ejus
737 2802 941 2847 intentiones
958 2834 971 2846 .

405 2994 534 3030 Omino
545 3003 621 3027 meo
633 3017 643 3034 ‚
664 2991 698 3026 &
710 2998 839 3036 propter
848 2988 960 3025 omnia
973 2988 1190 3035 Magnificen-

430 3045 551 3080 tiffimo
563 3042 727 3088 Magistro
737 3040 869 3075 Militiae
879 3038 1063 3074 Anatholio
1075 3063 1086 3079 ,
1107 3038 1189 3073 Pau-

310 3097 359 3129 lus
376 3096 460 3130 clare
474 3096 577 3130 sciens
591 3118 603 3135 ,
629 3092 719 3137 quod
735 3090 984 3136 Magnificentia
1006 3089 1106 3123 vestra
1127 3090 1189 3123 val-

310 3144 351 3178 de
372 3145 525 3179 desideret
547 3144 745 3188 cognoscere
765 3141 919 3176 declarari
929 3140 994 3174 Dei
1015 3139 1134 3173 Pacem
1157 3140 1190 3173 δε

309 3193 554 3228 ordinationem
566 3217 577 3234 ‚
604 3203 683 3227 nota
694 3192 782 3227 facio
793 3217 805 3233 ‚
830 3202 900 3234 quae
910 3201 962 3235 per
972 3190 1038 3224 Dei
1051 3190 1190 3235 gratiam

311 3242 465 3279 Berrhaeae
485 3244 550 3276 una
574 3253 651 3276 curn
671 3243 742 3277 viro
759 3242 881 3277 devoto
903 3241 1057 3275 Maximo
1083 3240 1191 3284 Magi-

312 3293 435 3329 striano
444 3292 589 3336 cognovi
611 3302 651 3324 ex
672 3293 718 3325 eis
732 3315 743 3330 ,
768 3304 839 3336 quae
859 3291 975 3335 scripsit
996 3290 1072 3324 Deo
1098 3290 1191 3324 Ami-

313 3343 454 3382 ciffimus
467 3340 612 3389 Cyrillus
622 3334 818 3386 Episcopus:
846 3341 938 3391 Qia
959 3351 1015 3388 per
1035 3341 1100 3376 Dei
1116 3351 1192 3387 ⁸gra-

717 165 1046 212 Vnntonvm
1081 161 1326 208 PATRUM
1361 157 1696 217 Evtsrotae,

1240 239 1321 274 tiam
1346 239 1622 283 propositionibus
1641 243 1759 279 nostris
1776 244 1924 286 ass'enfit,
1949 243 1984 280 δι
2002 242 2118 280 omnia

1241 290 1378 333 suscepit
1392 298 1488 331 atque
1499 289 1689 334 approbavit
1702 304 1743 327 ex
1754 294 1899 337 plurimis
1909 318 1921 335 ‚
1945 305 2014 339 quae
2026 294 2044 329 a
2059 306 2118 329 no-

1240 339 1291 374 bis
1304 340 1394 373 sunt.
1423 338 1611 386 Qomodo
1620 340 1711 374 enim
1723 343 1853 377 nonita
1872 345 2014 386 faceret,
2039 355 2117 380 cum

1240 391 1324 424 recta
1346 388 1447 423 essent
1467 389 1659 435 Dogmata,
1685 388 1862 425 &Parrum
1882 393 2020 429 sensibus
2041 405 2118 429 con-

1241 440 1344 474 sona?
1371 440 1438 474 Pro
1457 450 1520 483 qua
1542 451 1597 480 re,
1624 439 1773 473 Domine
1798 439 2118 485 Magnificentissimo

1240 490 1521 524 &Gloriofissime
1543 514 1554 531 ,
1580 491 1616 524 in
1640 490 1734 525 omni
1756 490 1924 534 voluptate
1951 494 2037 534 esto,
2064 506 2118 529 co-

1240 541 1400 585 gnoscens
1433 538 1520 583 quod
1549 551 1603 583 per
1623 540 1762 585 gratiam
1796 540 1862 574 Dei
1897 540 2050 577 velociter
2081 545 2118 578 in

1239 592 1378 626 Oriente
1405 590 1511 625 vestro
1545 591 1578 624 δε
1599 590 1667 625 Dei
1689 589 1830 625 Ecclesia
1853 591 2004 633 ordinem
2020 593 2120 628 *susci-

1239 641 1330 684 piens
1341 650 1581 684 competentem
1593 664 1605 682 ,
1631 652 1710 684 pace
1719 642 1874 675 consueta
1896 641 2042 682 fruetur,
2070 654 2120 677 ve-

1239 690 1299 724 stra
1310 691 1562 736 Magnificentia
1576 692 1701 736 magis,
1727 702 1824 733 quam
1839 692 1953 736 magni
1964 692 2122 726 aestiman·

1239 749 1271 777 te
1283 765 1294 781 ‚
1321 751 1355 775 ut
1367 752 1473 784 coepta
1487 752 1548 786 pax
1559 742 1732 785 perfectum
1744 741 1941 785 perducatur·
1957 742 1998 776 ad
2011 743 2122 776 termi-

1239 803 1328 825 num.
1350 791 1494 826 Festinat
1507 790 1581 825 veto
1602 792 1642 826 ad
1655 789 1835 826 Berrhaeam
1846 791 2015 826 Dominus
2029 803 2120 826 meus

1239 841 1467 882 Sanstiffimus‚
1476 843 1510 876 δε
1521 843 1597 876 Deo
1608 841 1834 876 Amiciffimus
1846 842 1925 885 Joan
1932 853 1987 876 nes
1999 839 2123 875 Archi-

1239 891 1438 936 Episcopus,
1463 902 1500 926 ut
1518 891 1774 926 manifestissime
1786 892 1827 926 de
1845 891 2000 926 omnibus
2012 890 2122 927 collo-

1238 951 1354 986 quatur
1379 942 1412 975 &
1436 942 1573 976 statuat.
1602 941 1693 976 Dato
1714 942 1804 975 enim
1819 953 1874 986 per
1901 941 2038 987 gratiam
2053 941 2123 975 Dei

1239 992 1401 1036 principio
1415 1016 1426 1032 ,
1451 992 1598 1026 universa
1621 992 1663 1025 de
1684 992 1813 1035 reliquo
1832 992 1873 1026 ad
1886 991 2122 1026 correctionem

1238 1043 1409 1084 perfectam
1422 1053 1524 1085 prona
1536 1051 1629 1076 erunt
1642 1066 1649 1073 .
1677 1039 1785 1075 Vobis
1797 1051 1938 1083 namque
1949 1040 2124 1076 incolumi-

1239 1091 1297 1125 bus
1310 1115 1322 1131 ,
1348 1091 1480 1124 Orienti
1494 1090 1579 1124 nihil
1590 1091 1694 1124 deerit
1702 1090 1743 1124 ad
1756 1091 1918 1135 integram
1927 1090 2125 1136 dogmatum

1239 1139 1504 1175 emendationem
1524 1163 1536 1179 ,
1571 1140 1606 1173 &
1637 1139 1865 1174 omnimodam
1902 1141 2121 1176 Ecclesiarum

1241 1190 1509 1234 tranquillitatem
1521 1214 1528 1221 .
1556 1188 1638 1222 Haec
1653 1189 1757 1232 scripsi
1771 1190 1873 1223 sciens
1885 1190 1974 1231 quod
1985 1201 2022 1224 ea
2034 1215 2046 1231 ,
2055 1200 2125 1234 quae

1241 1243 1393 1275 nunciata
1409 1241 1483 1273 sunt
1495 1263 1507 1280 ,
1533 1239 1804 1284 Magnitudinem
1816 1239 1951 1274 vestram
1965 1239 2060 1274 valde
2075 1239 2128 1273 lae-

1239 1291 1366 1326 tificent
1378 1299 1508 1334 propter
1518 1299 1663 1323 amorem
1675 1313 1686 1330 ,
1712 1290 1769 1334 qui
1783 1290 1818 1324 in
1835 1287 1928 1324 vobis
1939 1289 1984 1323 est
1996 1314 2008 1330 ,
2034 1289 2099 1324 Dei
2112 1314 2126 1331 ‚

1239 1340 1429 1376 &validum
1455 1351 1553 1383 atque
1572 1340 1752 1373 ferventem
1775 1339 1883 1374 zelum
1895 1341 1980 1374 circa
2002 1338 2126 1373 Ortho-

1239 1391 1374 1426 doxiam
1384 1416 1392 1423 .
1419 1389 1592 1424 Praedistus
1604 1388 1682 1422 vero
1699 1389 1918 1423 sanctissimus
1932 1387 2126 1431 Archi-Epi-

1241 1443 1356 1484 scopus
1365 1438 1470 1484 jussit,
1499 1448 1537 1472 ut
1552 1449 1607 1481 per
1621 1449 1682 1472 nos
1693 1437 1759 1473 haec
1782 1437 1869 1475 bona
1885 1437 2005 1473 nuncia
2026 1437 2127 1474 vestra

1240 1489 1502 1537 Magnanimitas
1525 1488 1678 1524 disceret.

1427 1697 1919 1743 Senot10N.

1353 1841 1423 1877 AEc
1434 1841 1582 1885 Epistola
1594 1852 1663 1876 non
1675 1841 1722 1876 est
1731 1841 1918 1886 responsum
1931 1865 1942 1882 ‚
1966 1840 2022 1876 sed
2036 1839 2133 1876 Rela:

1377 1893 1426 1927 tio
1447 1892 1528 1926 fasta
1541 1903 1582 1926 ex
1601 1889 1757 1927 mandato
1768 1892 1905 1936 Joannis
1916 1889 2132 1926 Patriarchaee

1244 1942 1414 1977 Praedu'lus
1438 1942 1633 1982 Sanfflffimus
1655 1940 1942 1985 Archi-Epiftopus
1959 1941 2072 1983 Jufflt·,
2096 1947 2132 1973 ut

1241 2002 1295 2035 per
1315 2004 1367 2026 nos
1391 1993 1455 2027 baec
1469 1992 1546 2025 bona
1559 1996 1665 2026 nuntia
1686 1991 1783 2033 vestra
1795 1996 2034 2037 Magnanimum
2044 1987 2135 2033 dtsce·

1243 2051 1289 2074 ret
1314 2066 1320 2072 .
1347 2041 1403 2074 Ad
1426 2042 1516 2076 huuc
1535 2041 1734 2076 Anatolium
1762 2053 1878 2077 extant
1906 2043 2013 2085 plures
2032 2039 2133 2075 etiarn

1243 2088 1451 2123 Theodoreti
1482 2089 1636 2131 Epistolae
1659 2113 1667 2120 .
1695 2089 1752 2122 Est
1789 2090 1931 2123 omnino
1965 2090 2047 2129 ille,
2075 2087 2134 2132 qui

1244 2138 1505 2173 Chalcedonensi
1516 2137 1655 2181 synodo
1675 2137 1801 2178 adfuit,
1828 2139 1952 2182 primus
1962 2138 2048 2172 inter
2058 2137 2132 2181 glo-

1244 2188 1582 2232 riofiffimosjudica,
1600 2187 1758 2231 Magister
1768 2186 1911 2222 militum
1925 2212 1938 2228 ,
1963 2185 2134 2222 Exconsul

1244 2237 1449 2278 ordinarius,
1475 2248 1513 2271 ac
1535 2236 1718 2271 Patricius.
1745 2235 1826 2279 Ejus
1846 2236 2038 2271 consulatus
2047 2247 2134 2271 con-

1245 2288 1345 2322 currit
1371 2298 1448 2321 eum
1469 2287 1589 2332 quinto
1608 2285 1780 2320 consulatu
1801 2286 2033 2322 Valentiniani
2046 2285 2134 2321 tertii

1245 2337 1454 2380 Imperatoris
1474 2362 1485 2379 ,
1512 2335 1554 2370 ad
1579 2336 1689 2380 quinti
1715 2336 1822 2370 saeculi
1847 2347 1972 2371 annum
1997 2335 2134 2379 quadra-

1244 2387 1401 2432 gefimum
1429 2413 1437 2421 .
1478 2387 1609 2429 Septem
1651 2386 1746 2420 annis
1782 2385 1854 2430 post
1891 2385 1977 2420 hanc
2012 2385 2135 2430 episto⁴

1246 2439 1312 2471 lam
1340 2462 1347 2470 .
1384 2437 1455 2481 Ipsa
1492 2436 1583 2470 enim
1618 2435 1697 2470 data
1730 2433 1777 2468 est
1803 2434 1912 2470 statim
1947 2434 2019 2479 post
2040 2434 2137 2470 Pauli

1247 2487 1399 2522 Emeseni
1413 2498 1453 2521 ex
1469 2485 1624 2531 AEgypto
1632 2485 1774 2520 reditum
1788 2508 1800 2526 ,
1811 2485 1844 2519 &
1854 2495 1915 2520 nos
1925 2483 2022 2519 docet
2034 2484 2135 2528 plura.

1246 2536 1360 2574 Primo
1374 2561 1388 2580 2
1412 2536 1501 2581 quod
1516 2536 1573 2570 ille
1585 2533 1803 2570 Antiochiam
1814 2533 1914 2570 redux
1929 2534 2038 2569 statim
2057 2545 2135 2576 cum

1247 2588 1371 2631 Joanne
1395 2582 1583 2621 Patriarcha
1609 2582 1791 2618 Berrhaeam
1818 2583 1957 2618 adiverit
1982 2608 1993 2624 ‚
2018 2584 2136 2619 omnia

1245 2636 1544 2672 communicaturus
1562 2632 1709 2667 Acacio.
1736 2634 1879 2675 Joannes
1901 2633 1991 2667 enim
2015 2635 2133 2668 cunila

1247 2685 1395 2732 privatim
1405 2696 1480 2719 cum
1500 2682 1576 2716 'solo
1597 2681 1661 2716 fere
1684 2680 1811 2717 Acacio
1821 2692 1951 2727 egerat:
1978 2681 2058 2717 hinc
2070 2683 2136 2717 fine

1248 2738 1319 2781 ipso
1342 2734 1426 2770 nihil
1447 2734 1546 2768 etiam
1567 2731 1673 2766 voluit
1694 2732 1730 2766 in
1741 2733 1973 2767 executionem
1984 2733 2132 2780 mittere5

1247 2785 1419 2827 Secundo,
1445 2782 1534 2829 quod
1558 2781 1680 2817 Paulus
1699 2781 1820 2818 clausas
1833 2782 1851 2817 ὲ
1873 2784 1989 2819 Santsto
2001 2782 2136 2828 Cyrillo

1249 2839 1370 2872 litteras
1391 2833 1532 2871 retulerit
1551 2833 1736 2877 &ipsarum
1748 2833 1942 2867 sententiam
1954 2833 2133 2878 ignorarit,

1248 2888 1353 2923 donec
1375 2896 1429 2920 eas
1451 2885 1591 2928 Joannes
1602 2882 1687 2927 apud
1711 2883 1871 2917 Acacium
1881 2884 2023 2926 aperuit.
2051 2882 2135 2918 Ter-

1248 2937 1320 2979 tio,
1348 2935 1438 2981 quod
1457 2934 1518 2969 hac
1541 2933 1575 2968 in
1588 2945 1619 2968 re
1632 2934 1772 2981 Joannes
1783 2943 1912 2968 tantum
1923 2932 2075 2969 detulerit
2086 2931 2134 2966 A·

1249 2988 1358 3028 cacio,
1384 2995 1422 3020 ut
1444 2985 1566 3019 litteras
1595 2995 1665 3018 non
1686 2984 1744 3018 nisi
1759 2983 1843 3027 apud
1856 2983 1983 3027 ipsum,
2008 2982 2133 3017 &cum

1250 3039 1318 3083 ipso
1343 3036 1481 3071 voluerit
1503 3034 1642 3079 aperire.
1671 3034 1821 3081 Qum,
1847 3034 1937 3077 quod
1948 3032 2134 3069 orientales

1251 3087 1404 3133 Episcopi
1426 3087 1529 3120 varias
1551 3084 1639 3128 pacis
1661 3083 1868 3119 conditiones
1888 3096 1926 3118 ac
1938 3083 2134 3118 viasSansto

1251 3137 1381 3183 Cyrillo
1397 3135 1576 3171 obtulerint
1589 3159 1600 3177 ,
1626 3134 1761 3178 &quod
1784 3134 1850 3178 ipse
1862 3136 1892 3168 se
1903 3133 2134 3169 accomodave·

1251 3191 1293 3224 rit
1315 3187 1382 3224 istis
1403 3186 1591 3230 Episcopis.
1621 3185 1858 3228 Joannesenim
1871 3182 2057 3219 Patriarcha
2077 3191 2132 3218 vo-

1252 3239 1339 3274 lebat
1360 3235 1461 3271 videri
1486 3237 1588 3270 vietor
1601 3259 1612 3276 ,
1639 3245 1794 3277 tanquam
1821 3246 1886 3268 non
1903 3236 1967 3276 ipse
1981 3231 2128 3277 Cyrillo,

1253 3289 1306 3324 sed
1325 3286 1472 3332 Cyrillus
1505 3286 1561 3330 ipsi
1585 3285 1717 3320 ceffiffet
1743 3310 1750 3318 .
1775 3284 1976 3318 Praevidebat.
2003 3285 2130 3317 suorum

1253 3339 1490 3385 Episcoporum
1503 3338 1609 3383 plures
1633 3336 1707 3381 paci
1725 3334 1969 3376 adversaturos,
1992 3330 2131 3414 idat-[lue
