2320 3730
590 172 900 226 Senorlrs,
942 183 1004 211 ET
1040 165 1227 210 Nous
1263 178 1670 214 ILLUSTRATAE.

207 265 302 294 tiones
333 261 474 292 incantos
490 256 580 298 fuiffe
592 254 710 298 divisa:
731 263 876 297 apparet.
907 253 950 286 Et
963 251 1003 286 ad
1016 252 1096 295 prio-

209 321 278 344 rem
290 307 420 343 titulum
445 305 580 339 scribit.-
608 305 902 347 stablafiantdlow,
928 304 1007 337 unde
1018 307 1096 341 orti,

205 359 278 404 sunt
299 356 393 389 drc‘li.
421 358 511 390 Forte
532 357 709 400 legendum,
737 355 937 392 Stabaliani,
966 358 1016 396 qui
1030 351 1097 394 fue-

209 416 279 446 runt
300 406 409 440 Galliae
423 407 546 449 Populi.
575 405 754 441 Habebant
777 405 834 438 fibi
856 403 1096 437 ministrantem

208 459 397 492 Diaconum
409 480 419 495 ,
445 458 501 500 qui
512 456 691 501 aliquando
701 456 737 490 in
751 455 907 499 AEgypto
919 478 929 494 ‚
952 452 1098 496 aliquan-

207 508 254 542 do
277 508 406 542 videtur
419 508 566 541 mansisse
581 507 615 539 in
628 506 773 540 Thracia
786 530 793 538 .
820 506 898 551 Qa
928 503 1099 536 occafione

208 558 244 592 in
267 557 512 601 Euphratefiam
536 557 747 591 Provinciam
772 556 896 589 venerit
918 577 929 593 ‚
956 553 1093 597 ignoro.

209 609 315 652 Sergii
327 607 643 651 CyrenfisnEpiscopi
655 605 798 640 excessus
819 602 963 647 contigit
977 602 1034 636 sub
1047 601 1100 644 Ju-

208 658 392 702 stiniprimi
413 657 574 701 Imperio:
605 658 661 690 An
674 665 754 689 tuuc
777 656 850 699 quis
862 654 955 688 istius
977 651 1100 686 militiae

210 720 334 743 cuneus
357 708 443 752 apud
467 706 684 742 Antiochiam
707 703 852 745 haeserit,
879 702 1033 748 permitto
1047 701 1100 736 di·-

210 758 419 792 icutiendum
431 758 520 792 aliis.
549 757 749 800 Justinianus
757 756 847 801 enirn
859 780 870 795 ,
883 765 963 788 tunc
978 754 1100 788 Comes

211 809 383 848 Orientis,
410 808 511 842 multa
534 807 673 840 mutavit
696 806 731 839 in
753 804 912 849 Imperio.
944 803 1099 838 Subnota-

213 860 263 893 tio
281 860 386 892 rursus
404 867 518 902 purgat
532 855 786 895 Theodoretum
798 880 809 896 ,
834 855 1016 889 &affirmat
1037 863 1101 886 una

213 920 289 943 cum
304 909 428 950 Joanne
440 906 626 942 Patriarcha
640 931 650 946 ,
678 906 802 940 Acacio
812 904 1000 939 Berrhaeenfi
1016 926 1027 943 ,
1051 903 1102 936 Sa-

213 952 387 996 mosatenfi
399 958 532 991 Andrea
543 979 553 995 ,
580 968 617 994 ac
630 956 702 990 aliis
712 956 830 989 stetisse
843 966 901 998 pro
915 964 992 998 pace
1003 977 1010 983 .
1038 952 1104 985 Mi-

214 1010 283 1051 scet
303 1019 372 1042 non
397 1005 579 1045 miscenda.
608 1006 742 1038 Etenim
769 1004 1005 1038 Theodoretus
1017 1003 1102 1037 stetit

214 1058 250 1092 in
262 1058 356 1090 tertia
376 1057 470 1091 classe
482 1079 489 1086 .
517 1054 793 1087 Pertinaciffimus
814 1063 928 1089 contra
940 1054 1102 1097 Joannem

214 1107 249 1142 ἀ
261 1105 424 1143 Acacium
433 1129 441 1136 .
471 1104 539 1139 Res
549 1103 632 1138 infra
645 1104 701 1139 fiet
714 1104 831 1139 clarior
844 1128 851 1136 .

392 1431 434 1474 c
459 1421 662 1476 ΑΡἬΤ
701 1426 908 1473 LXXIII.
962 1434 1097 1469 --161

216 1615 387 1688 Epistola
419 1614 590 1669 Eutherii
614 1611 793 1681 Epifiopi
819 1610 1110 1679 Metropolitani

281 1684 455 1752 ficundae
487 1683 731 1752 Cappadociae
757 1718 770 1743 ,
807 1680 1040 1746 Tlrya'aenfis

351 1760 534 1803 Civitatis
549 1791 562 1815 ,
600 1754 652 1801 ad
682 1761 868 1807 joannem
895 1758 976 1799 An-

415 1824 554 1873 tiochiae
604 1821 924 1889 Archi-Episto-

506 1911 600 1963 pum
635 1893 676 1939 de
701 1890 833 1958 eisdem

587 1962 719 2011 litteris
734 1998 746 2011 .

226 2156 458 2243 MAgnos
472 2155 584 2190 Patres
595 2164 691 2198 atque
703 2154 863 2188 Dostores
875 2163 931 2185 vos
946 2150 1035 2186 dedit
1057 2162 1115 2185 no-

219 2227 221 2229 ·
363 2206 412 2241 bis
424 2207 593 2239 Dominus
620 2203 769 2237 Christus
789 2203 830 2236 ad
844 2201 1087 2236 defendendum
1105 2225 1115 2240 ,

222 2260 264 2293 ad
275 2256 462 2292 docendum
474 2280 485 2296 ‚
502 2255 542 2289 ad
555 2265 689 2288 omnem
701 2252 815 2286 anirnae
828 2253 1017 2285 Ducatnm.
1046 2252 1111 2284 Ne-

223 2308 306 2343 cesse
328 2306 374 2341 est
396 2306 496 2351 igitur
522 2316 582 2339 nos
596 2304 731 2349 quidem
758 2302 791 2335 δε
816 2302 1024 2344 importunos
1035 2302 1096 2334 effe
1107 2325 1117 2341 ,

224 2360 262 2393 &
273 2358 395 2392 discere
406 2367 478 2402 quae
489 2364 620 2400 oportet
629 2379 640 2396 ‚
669 2353 803 2388 vestram
813 2352 891 2386 vero
903 2352 1115 2386 Sanssitatem

230 2409 265 2442 &
292 2418 358 2439 non
372 2406 511 2450 graviter
535 2407 617 2438 ferre
639 2403 904 2446 deprecationes,
929 2402 962 2435 &
983 2400 1117 2434 Monita

230 2466 363 2500 paterna
375 2454 515 2498 praestare
525 2478 532 2486 .
561 2452 663 2500 Qod
676 2461 784 2486 autem
807 2462 895 2484 nunc
918 2462 970 2484 me
992 2450 1098 2484 movit
1109 2474 1119 2490 ‚

232 2507 299 2540 hoc
320 2504 367 2539 est
390 2529 397 2536 .
427 2503 510 2548 Legi
532 2501 751 2537 Alexandrini
775 2501 956 2545 Epistolam
980 2524 990 2539 ,
1017 2499 1120 2534 multa

229 2554 367 2601 quidem
377 2554 411 2589 &
420 2554 483 2589 alia
498 2553 683 2596 incongrua
695 2551 942 2585 continentem:
972 2549 1028 2584 Ut
1042 2561 1120 2584 con-

232 2616 280 2640 tra
293 2605 427 2648 Dogma
441 2603 652 2647 Pertinaciam
667 2601 787 2635 malam
798 2624 809 2641 ,
836 2601 870 2635 &
891 2600 970 2634 alias
997 2600 1120 2643 Propo-

231 2655 362 2689 fitiones
372 2664 440 2688 non
453 2654 522 2698 pias
532 2678 540 2686 .
569 2654 623 2688 De
635 2649 816 2695 hisjustum
829 2648 971 2694 judicavi
984 2673 995 2690 ,
1023 2660 1059 2683 ut
1073 2651 1120 2683 in-

232 2705 375 2740 dicarem
389 2715 459 2748 quae
470 2714 548 2738 meae
560 2701 756 2738 Humilitati
770 2700 978 2744 placuerunt.-
1006 2701 1053 2734 Ut
1064 2711 1121 2735 aut

232 2756 473 2790 confirmentur
494 2778 504 2794 ,
530 2764 601 2797 quae
611 2751 693 2787 bene
705 2752 736 2786 se
748 2748 893 2792 habent,
919 2761 982 2784 tuae
1002 2751 1120 2785 Sancti-

234 2805 310 2840 tatis
323 2814 405 2838 nutu
418 2828 429 2844 ‚
452 2814 508 2838 aut
519 2803 725 2848 corrigantur
734 2813 805 2847 quae
816 2801 947 2836 forsitan
961 2811 1014 2847 per
1026 2801 1121 2845 igno-

233 2856 375 2891 rantiam
387 2855 508 2888 fuerint
531 2854 597 2887 visa
610 2854 772 2887 contraria
787 2877 794 2886 .

287 2906 332 2939 Et
345 2904 433 2948 prius
447 2903 580 2948 quidem
591 2903 631 2937 de
642 2902 804 2946 Capitulis
815 2900 879 2938 hoc
894 2902 1038 2947 suspicor
1047 2926 1057 2943 ,
1084 2909 1120 2935 ut

236 2967 307 2990 nou
319 2954 406 2999 prius
426 2955 579 2988 uniamur
594 2952 781 2996 Expofitori
805 2963 918 2988 eorum
933 2979 943 2995 ,
970 2953 1028 2986 nisi
1051 2963 1121 2986 om-

237 3004 322 3039 nino
335 3016 373 3038 ea
394 3016 475 3039 voce
498 3003 624 3048 propria
651 3003 685 3037 &
698 3002 931 3048 subscriptione
944 3003 1094 3048 repulerit
1111 3025 1121 3042 ,

237 3065 309 3098 quae
329 3052 450 3090 habent
471 3051 626 3098 praecipue
638 3052 890 3097 blasphemiam.
919 3055 977 3089 An
998 3053 1039 3088 ad
1054 3052 1122 3086 haec

239 3102 421 3138 manebunt
432 3127 442 3143 ,
468 3105 547 3139 sicut
571 3103 628 3137 ille
650 3104 796 3148 praecepit
809 3105 825 3136 ?
852 3105 913 3140 Sed
935 3115 997 3139 nos
1020 3104 1077 3148 qui
1091 3103 1121 3138 ei

238 3154 451 3188 concedimus
474 3154 507 3187 id
520 3179 531 3195 ,
556 3154 589 3187 δε
612 3154 739 3198 insuper
753 3165 827 3189 eum
838 3164 888 3189 tot
902 3154 1051 3190 laudibus
1077 3163 1122 3187 at-

237 3216 304 3248 que
317 3203 487 3248 praeconiis
498 3227 508 3243 ‚
536 3214 605 3246 quae
616 3204 735 3238 fecistis
747 3229 758 3245 ,
783 3204 824 3239 ab
834 3207 929 3240 omni
941 3204 1122 3239 excusatio-

239 3266 282 3288 ne
295 3253 450 3297 nosipsos
460 3253 638 3288 efficiemus
656 3264 843 3289 extraneos.
872 3257 905 3290 Si
929 3256 1018 3289 enim
1042 3265 1121 3288 tunc

240 3304 374 3347 quidem
387 3304 427 3338 fic
441 3314 477 3338 ea
489 3303 738 3347 judicaverimus
748 3306 833 3340 mala
845 3330 855 3346 ,
864 3315 899 3339 ut
910 3317 1025 3339 eorum
1040 3304 1122 3339 Scri-

238 3364 369 3403 ptorem
385 3354 585 3390 unanimiter
596 3354 806 3399 dejiceremus
819 3379 830 3397 ,
854 3356 887 3392 &
896 3354 1123 3391 excommuni-

1877 187 1968 216 201

1160 261 1249 284 catos
1259 250 1333 285 illos
1345 274 1356 291 ,
1382 250 1438 295 qui
1449 261 1487 284 ea
1499 251 1721 295 susceperant,
1738 257 1914 291 faceremus
1924 281 1935 298 ,
1949 268 2037 295 nunc

1162 310 1270 335 autem
1291 302 1333 336 lic
1354 301 1560 342 tolerabilia,
1589 312 1626 334 ut
1648 303 1795 339 uniamur
1807 307 1962 350 Scriptori
1984 319 2040 341 eo·

1162 362 1232 385 rum
1244 362 1311 385 non
1324 351 1503 397 corrigenti
1515 350 1581 386 haec
1593 376 1604 392 ,
1630 363 1701 396 quae
1712 362 1791 388 tunc
1804 357 1897 390 nobis
1908 357 2040 391 damna-

1162 402 1253 436 tione
1272 403 1336 437 visa
1349 404 1423 436 sunt
1435 402 1558 447 digna,
1585 403 1658 446 quis
1680 414 1740 437 nos
1761 403 1779 437 a
1799 403 1878 446 justa
1901 407 2042 450 increpa-

1164 453 1255 486 tione
1277 451 1450 491 liberabit,
1475 453 1532 496 qui
1555 464 1630 487 eum
1653 463 1732 487 tunc
1743 453 1876 497 quidem
1893 455 2043 498 deposui-

1163 512 1234 536 mus
1255 504 1343 537 velut
1364 503 1578 541 constitutum
1599 504 1718 539 merito
1742 503 1799 537 sub
1817 513 1905 537 reatu
1919 528 1930 543 ,
1957 516 2044 538 nunc

1164 563 1272 586 autem
1295 554 1400 588 rursus
1423 554 1625 597 excipiamus
1646 565 1721 588 eum
1742 554 1831 588 velut
1851 553 2013 590 insontem
2029 555 2044 586 ‚2

1164 602 1463 647 Impugnantenim
1487 604 1672 638 seinvicem
1693 604 1816 647 judicia
1829 601 1919 644 haec,
1947 605 1981 637 &
2004 606 2047 638 fa-

1164 652 1255 685 ciunt
1279 664 1339 687 nos
1361 654 1411 687 illi
1432 655 1535 689 reatui
1558 653 1671 698 subjici
1692 680 1703 695 ,
1729 666 1829 697 quem
1850 656 2049 697 pronunciat

1166 700 1345 743 Apostolus
1358 703 1469 737 dicens
1481 718 1491 737 .-
1519 707 1551 737 51
1562 711 1640 738 enim
1651 716 1717 748 quae
1729 705 1862 746 destruxi
1873 729 1883 744 ,
1910 704 1974 738 haec
1998 711 2051 738 ite·
2068 713 2166 745 Galat·
2179 725 2211 747 2,-

1164 752 1229 784 riam
1249 751 1392 793 reaedifico
1405 776 1415 793 ‚
1437 761 1709 800 praevaricatorem
1720 753 1923 798 memetipficm
1947 754 2052 799 consti-

1164 808 1212 834 tuo
1232 826 1238 832 .

1216 849 1277 884 Sed
1301 850 1334 884 ὃς
1346 851 1576 895 Capitulorum
1590 855 1815 902 incongruitas
1834 857 1887 894 cui
1901 855 1984 891 bene
1998 856 2054 890 su·-

1166 900 1341 943 sceptibilis
1355 902 1521 947 apparebit
1534 904 1550 935 ἓ
1578 904 1664 951 Qis
1687 908 1858 942 carnaliter
1867 907 1932 941 Dei
1952 905 2051 941 Parti·

1166 962 1225 987 cen
1240 951 1390 986 Sanctam
1404 953 1580 998 Virginem
1594 955 1767 997 suscipiat?
1796 959 1881 1004 Qis
1894 957 2056 992 unitatem

1168 1001 1373 1042 naturalem,
1400 1003 1434 1037 ὃς
1456 1014 1511 1046 per
1534 1002 1598 1037 hoc
1619 1005 1799 1043 coactivam
1822 1003 1835 1045 ,
1860 1009 1936 1049 quia
1964 1009 2056 1051 super

1167 1063 1304 1085 ornnem
1317 1062 1465 1089 naturam
1479 1076 1491 1092 ,
1517 1053 1763 1096 virtutemque?
1792 1056 1878 1101 Qis
1891 1067 1990 1090 unam
2004 1068 2057 1090 na-

1169 1111 1275 1135 turam
1287 1125 1298 1143 ,
1324 1102 1436 1140 Dei&
1448 1103 1610 1137 Hominis
1621 1104 1762 1137 formam
1782 1104 1798 1134 ἒ
1824 1106 1910 1149 Qis
1925 1104 2058 1140 anathe-

1170 1152 1324 1186 matizare
1335 1154 1502 1196 praesumat
1514 1164 1570 1187 eos
1580 1178 1591 1195 ‚
1622 1155 1677 1198 qui
1690 1154 1742 1197 pie
1756 1153 1942 1189 adscribunt
1955 1156 2060 1189 excel-

1170 1203 1200 1236 sa
1213 1202 1348 1246 quidem
1361 1203 1540 1238 Divinitati
1552 1227 1562 1244 ‚
1591 1202 1731 1238 humilia
1745 1203 1822 1238 vero
1836 1204 2060 1244 Humanitati,

1170 1264 1239 1286 non
1266 1252 1356 1286 scissa
1381 1254 1534 1288 unitione
1556 1254 1762 1296 ullomodo,
1792 1266 1889 1299 quam
1905 1255 2060 1299 Apostoli

1169 1302 1202 1335 &
1215 1301 1430 1347 Evangelistae
1447 1303 1603 1338 facientes
1627 1304 1669 1339 ab
1683 1305 1744 1340 hac
1764 1305 1973 1351 legislatione
1986 1317 2062 1339 ana-

1170 1351 1491 1388 thematizatisunt?
1516 1354 1602 1400 Qs
1617 1356 1802 1391 consentiat
1826 1356 1962 1390 terribili
1985 1367 2063 1390 con-

1170 1412 1219 1437 tra
1246 1403 1447 1447 Episcopum
1468 1405 1621 1439 Sanstum
1645 1430 1656 1446 ‚
1697 1407 1953 1451 Gloriosumque
1980 1406 2064 1442 Ban-

1173 1453 1254 1491 lium
1267 1453 1433 1489 sententiae
1443 1479 1453 1496 ,
1482 1454 1540 1499 qui
1552 1456 1734 1491 Dei-feram
1747 1456 1832 1492 dixit
1845 1457 1987 1494 Domini
2000 1468 2065 1489 car-

1173 1515 1247 1537 nem
1260 1527 1270 1543 ,
1297 1505 1354 1547 qui
1366 1505 1465 1538 etiam
1489 1515 1564 1539 cum
1578 1505 1629 1540 his
1640 1532 1651 1547 ,
1679 1508 1735 1550 qui
1756 1508 1953 1550 praesumunt
1977 1506 2064 1540 Dei-

1172 1554 1276 1587 ferum
1288 1555 1461 1589 nominare
1472 1578 1483 1594 ‚
1509 1555 1805 1593 anathematizatus
1816 1557 1859 1591 est
1873 1560 1884 1591 ?
1913 1557 1999 1603 Qis
2012 1567 2067 1589 au·

1172 1613 1238 1637 tem
1248 1604 1472 1643 communicet
1483 1606 1513 1639 ei
1525 1629 1535 1644 ‚
1560 1606 1617 1647 qui
1630 1606 1770 1642 Paulum
1783 1631 1793 1646 ‚
1820 1618 1875 1640 vas
1886 1606 2067 1643 electionis,

1171 1651 1457 1688 anathematizavit
1479 1666 1534 1698 per
1557 1655 1613 1690 illa
1632 1679 1643 1695 ,
1668 1667 1738 1700 quae
1762 1657 1916 1699 inquiens
1937 1656 2006 1690 ait:
2036 1657 2066 1687 51·

1171 1710 1241 1746 quis
1253 1702 1489 1746 quafibominem
1501 1710 1538 1741 vl
1549 1712 1703 1746 operatum
1716 1709 1774 1740 Dei
1787 1707 1876 1742 Verbi
1892 1711 1925 1752 J
1928 1705 2008 1747 esum
2022 1706 2068 1737 di-

1171 1759 1211 1787 cit
1222 1776 1232 1793 ,
1258 1753 1465 1796 anathemasse
1476 1755 1488 1787 ?
1516 1755 1608 1792 Dum
1620 1756 1756 1790 Sanstus
1767 1756 1888 1792 Paulus
1910 1756 1996 1791 clare
2020 1755 2067 1789 di·

1172 1814 1241 1837 cat:
1268 1805 1429 1837 secundam
1441 1809 1636 1845 operationem
1655 1811 1796 1846 potentiae
1819 1813 1947 1841 virtutis
1973 1809 2040 1848 ejus
2055 1831 2065 1847 ‚

1173 1864 1232 1895 qua
1244 1860 1380 1894 operatus
1392 1853 1430 1893 est
1441 1859 1473 1886 in
1486 1853 1601 1894 Cbrrsto
1612 1879 1622 1894 ‚
1644 1853 1792 1898 suscitans
1805 1868 1871 1891 eum
1882 1859 1902 1888 ἃ
1917 1862 2040 1890 mortuis
2056 1882 2064 1888 .

1176 1903 1260 1949 Qris
1272 1903 1347 1936 vero
1358 1903 1475 1937 incidit
1485 1902 1504 1935 a
1517 1903 1630 1938 Verbo
1643 1917 1777 1940 carnem
1788 1932 1798 1947 ‚
1826 1907 1858 1940 δε
1881 1908 1921 1941 {ic
1935 1909 1995 1941 fert
2012 1908 2068 1941 ad-

1174 1952 1356 1986 orationem
1369 1952 1513 1987 debitam
1528 1978 1539 1994 ,
1567 1954 1647 1988 ficut
1668 1955 1755 1996 juffit
1781 1957 1838 1989 iste
1859 1958 1917 1999 qui
1940 1957 2006 1991 ait:
2034 1960 2066 1989 si

1174 2007 1240 2044 quis
1248 2000 1417 2044 praesumat
1432 2004 1528 2036 dicere
1548 2005 1724 2046 assumptum
1744 2005 1890 2039 hominem
1912 2009 2065 2039 coadorari

1173 2059 1303 2092 oportere
1316 2055 1377 2083 Deo
1390 2053 1484 2084 Verbo
1493 2076 1503 2092 ,
1531 2054 1565 2085 (9⁹
1575 2055 1785 2097 conglorificari
1797 2082 1807 2097 ‚
1836 2056 2066 2098 anathemafit?

1224 2100 1313 2148 Qis
1344 2099 1422 2134 vero
1442 2100 1483 2135 ab
1497 2101 1566 2145 ipso
1579 2103 1730 2138 Domino
1742 2106 1877 2140 audiens
1889 2131 1899 2147 ‚
1924 2108 2015 2151 quod
2030 2108 2067 2141 in

1175 2150 1296 2194 Spiritu
1319 2150 1386 2184 Dei
1409 2150 1519 2192 ejiciat
1537 2152 1603 2194 ipse
1624 2155 1824 2195 Doemonia,
1851 2158 1884 2191 &
1907 2157 2066 2192 discens->1

1177 2201 1283 2234 Paulo
1298 2200 1331 2233 id
1346 2200 1435 2243 quod
1446 2200 1491 2234 est
1505 2224 1516 2240 ‚
1543 2203 1610 2244 ,Qut
1619 2204 1826 2244 manifestatus
1845 2207 1928 2246 estin
1941 2213 2043 2240 Carne
2054 2233 2066 2249 ‚

2087 1749 2182 1792 Ephes.
2197 1762 2222 1783 r.

1170 2249 1349 2290 justificatus
1359 2248 1397 2287 est
1409 2254 1442 2281 in
1454 2251 1568 2289 spiritu
1579 2274 1589 2289 ,
1615 2252 1792 2296 glorificari
1817 2254 1834 2287 a
1857 2255 1979 2299 Spiritu
1994 2258 2067 2290 Do-

1176 2699 1304 2742 feffionis
1327 2698 1549 2748 nostraeJesum
1571 2701 1720 2743 christum
1732 2729 1743 2745 ,
1771 2711 1822 2748 qua·
1839 2706 1939 2748 fidelis
1960 2708 1998 2749 est
2018 2713 2066 2750 et,

1518 2904 1566 2951 Q

1773 2956 1822 3002 Q

1179 2300 1307 2333 minum
1332 2297 1479 2332 nostrum
1493 2297 1663 2335 Christum
1687 2302 1792 2345 Jesum
1803 2306 1954 2340 confiteri
1976 2319 2067 2341 recu-

1180 2350 1249 2382 set?
1275 2347 1384 2382 Immo
1396 2349 1469 2394 quis
1479 2360 1536 2383 eos
1547 2351 1602 2393 qui
1616 2350 1681 2387 hoc
1691 2355 1891 2389 confitentur
1904 2381 1914 2396 ,
1942 2358 1975 2391 δε
1991 2369 2067 2391 ana-

1182 2398 1391 2435 thematizare
1414 2400 1580 2442 praesumat
1602 2403 1614 2434 ?
1645 2403 1731 2449 Qis
1752 2405 1827 2439 vero
1853 2407 2067 2448 pronuntiare

1184 2448 1326 2488 audeat,
1355 2449 1441 2483 circa
1462 2446 1558 2491 hujus
1578 2451 1779 2488 ineffabilem
1801 2466 1918 2489 vocum
1941 2458 2068 2490 novita-

1182 2507 1250 2532 tem
1271 2523 1282 2541 ‚
1310 2499 1422 2532 Deum
1448 2498 1596 2534 Verbum
1620 2502 1819 2545 Apostolum
1840 2507 1960 2540 fastum
1985 2531 1995 2546 ,
2029 2518 2066 2541 ac

1183 2548 1371 2591 Principem
1381 2549 1615 2589 sacerdotum,
1640 2563 1677 2586 ut
1700 2565 1755 2596 per
1775 2554 1841 2589 hoc
1863 2568 1940 2590 eum
1953 2558 2068 2591 Factu-

1184 2609 1253 2634 ram
1277 2608 1407 2642 quoque
1427 2601 1623 2641 pronunciet
1642 2626 1654 2642 ,
1679 2612 1727 2636 ter
1747 2605 1851 2639 Beato
1875 2607 1982 2642 Paulo
2004 2607 2067 2641 cla-

1184 2658 1295 2683 mante
1311 2662 1322 2683 .·
1349 2647 1540 2691 Confiderate
1551 2650 1713 2693 Apostolum
1739 2656 1773 2688 (9·
1795 2657 1968 2698 Pontificem
1990 2662 2068 2690 Con·
2085 2665 2181 2698 Ηώς.
2193 2676 2222 2704 3.

1183 2749 1315 2793 quifecit
1332 2751 1418 2783 eum?
1446 2750 1516 2787 Aut
1527 2752 1600 2795 quis
1621 2753 1666 2787 est
1687 2755 1743 2798 qui
1757 2756 1898 2790 Domini
1922 2757 2064 2793 Carnem

1184 2812 1253 2835 non
1265 2811 1307 2834 ex
1321 2799 1430 2834 nostra
1442 2811 1556 2837 natura
1568 2804 1728 2848 sumptam
1740 2830 1751 2845 ,
1778 2805 1831 2840 sed
1854 2808 1950 2850 ipfius
1961 2807 2065 2843 Verbi

1185 2851 1348 2894 propriam
1359 2874 1371 2891 ,
1398 2860 1552 2895 tanquam
1564 2852 1586 2886 fi
1599 2853 1728 2889 aliunde
1740 2855 1931 2896 substiterit,
1949 2846 2064 2893 'dicere

1183 2901 1283 2945 eligat
1296 2900 1345 2935 vel
1358 2901 1492 2939 audire?
1556 2904 1604 2938 uis
1627 2905 1702 2938 vero
1723 2907 1857 2940 cunflos
1877 2907 1970 2941 simul
1985 2909 2064 2942 San·

1183 2953 1252 2986 {ios
1266 2949 1551 2987 Anathematismo
1563 2954 1746 2997 supponat?
1811 2957 1858 2989 uis
1868 2957 1957 2991 enim
1977 2956 2065 2993 dixe-

1182 3003 1224 3036 rit
1238 3002 1348 3036 Deum
1363 3001 1510 3038 Verbum
1522 3004 1646 3049 passum
1659 3005 1767 3039 Carne
1777 3030 1788 3046 ‚
1814 3006 1848 3039 &
1868 3009 2064 3043 crucifixum

1183 3053 1311 3092 Carne,
1337 3053 1372 3087 δε
1393 3053 1658 3097 Primogenitum
1685 3066 1727 3088 ex
1750 3057 1888 3092 mortuis
1909 3069 1985 3093 eum
2007 3058 2063 3103 qui

1183 3104 1307 3147 semper
1319 3104 1403 3138 vivit
1416 3128 1426 3144 ,
1438 3106 1472 3140 &
1485 3104 1530 3137 est
1542 3104 1757 3139 immortalis?
1787 3107 1841 3143 De
1852 3108 1972 3152 quibus
1984 3121 2063 3144 con-

1184 3154 1313 3187 vincere
1324 3152 1455 3196 quidem
1466 3153 1562 3188 latius
1574 3154 1670 3188 facile
1681 3154 1747 3197 est,
1774 3156 1855 3192 ficut
1879 3160 2000 3194 fadum
2025 3160 2060 3193 in

1183 3203 1509 3239 Contradietionibus
1521 3228 1533 3244 ,
1557 3215 1625 3247 quae
1637 3204 1654 3238 a
1666 3206 1800 3248 multis,
1828 3209 1863 3243 δε
1876 3220 1944 3253 quae
1963 3211 1981 3244 a
2006 3222 2062 3243 no·

1183 3253 1233 3288 bis
1245 3254 1315 3298 ipfis
1325 3255 1415 3288 fadiae
1425 3256 1518 3297 sunt3
1545 3266 1635 3289 nunc
1644 3256 1721 3290 vero
1735 3281 1746 3299 ‚
1759 3258 1877 3303 quippe
1888 3270 1924 3294 ut
1938 3260 1972 3294 in
1988 3261 2060 3302 Epi-

1182 3304 1263 3339 stola
1275 3328 1286 3345 ,
1313 3304 1453 3339 breviter
1464 3304 1592 3339 necesse
1603 3305 1648 3339 est
1662 3305 1843 3352 subfignare
1855 3335 1862 3342 .
1890 3310 1981 3344 Dum
1997 3319 2060 3342 cer-

1183 3353 1215 3388 te
1232 3355 1332 3390 etiam
1355 3356 1419 3390 sine
1430 3355 1524 3391 omni
1550 3356 1716 3400 impietate
1742 3359 1913 3395 manifesta
1934 3361 2034 3392 essent
2048 3380 2061 3399 ,

1919 3418 2013 3453 opor}
