2320 3730
362 205 457 253 320

292 287 367 309 mus
389 270 584 306 Helladium
605 265 685 307 tunc
707 273 806 307 etiam
822 272 864 307 ad
878 280 1023 307 mentem
1037 265 1179 301 rediiffe.

295 323 421 363 Verum
445 322 602 357 Meletius
621 322 756 366 projecit
773 319 957 355 haecomnia
971 341 982 357 ,
1008 317 1180 359 &respon-

289 375 340 407 dit
357 385 364 405 z
391 372 451 406 sed
462 373 538 406 illud
545 378 632 412 novi,
644 374 725 416 quod
733 383 786 404 nos
797 370 841 402 ad
860 373 954 409 impia
965 365 1120 408 manifeste
1135 372 1180 399 in-

288 428 391 457 vitent
401 447 408 455 .
435 426 577 466 Namque
597 420 760 465 praebendo
771 415 936 461 consensum
949 440 961 457 ,
985 425 1019 450 ut
1031 428 1068 450 ne
1079 417 1179 450 Eccle-

287 473 347 515 fias
370 473 525 507 obtineant
547 476 711 508 Haeretici,
740 479 792 500 nos
803 479 854 501 eas
863 468 1096 512 potitis-Ioanni
1105 477 1178 500 com·

287 523 466 557 mum'caendo
487 531 639 557 teneamus
653 543 664 559 ‚
691 518 767 561 quid
788 518 822 550 id
836 517 874 558 est
885 519 974 551 aliud
983 518 1098 557 dit-ere,
1125 515 1182 558 nisi

286 585 325 607 ne
344 574 396 608 aliz·
423 573 552 606 baeretici
567 570 671 611 futuri
687 567 767 610 fiat,
793 562 957 610 vospomis
976 569 1028 610 effla
1040 571 1176 600 Haeretici

280 620 422 665 festinare
443 647 450 653 .
477 621 520 654 Et
541 619 627 653 certe
648 643 658 659 ,
686 618 846 662 supposita
866 617 972 652 Saneti
996 616 1117 660 Cyrilli
1136 629 1175 651 ac

278 667 351 717 'ejus
376 671 606 714 Capitulorum
626 669 747 702 Haerefi
762 692 773 708 ,
799 667 955 703 Meletius
984 669 1067 702 reeta
1093 668 1174 702 reste

281 723 443 758 conclufit
459 746 466 752 .
485 721 573 755 Nam
586 720 618 753 ὅτ,
629 718 750 763 Magni
764 718 872 753 Basilii
884 719 1078 763 dispensatio
1091 718 1172 752 mul-

281 775 326 807 tis
338 771 502 814 displicuit
515 794 522 801 .

328 819 477 855 Secunda
500 820 586 854 ratio
600 844 612 861 ,
637 831 702 865 qua
723 820 857 865 quidam
885 819 1056 855 studebant
1068 818 1170 852 Mele-

282 872 367 905 tium
391 869 432 904 ad
454 873 564 905 sanam
587 879 732 905 mentem
756 871 940 912 deducere,
965 880 1055 910 erat,
1081 869 1170 912 quod

276 922 345 964 ejus
367 920 483 954 clerus
507 922 565 965 ipsi
587 921 828 964 adversaretur,
857 922 997 965 ideoque
1017 920 1169 963 navigare

273 984 344 1005 non
362 972 465 1015 posset
478 971 615 1006 adverso
632 971 769 1006 flumine
780 997 787 1004 .
809 983 838 1018 3.
852 982 919 1006 erat
930 997 940 1013 ‚
957 969 1046 1016 quod
1057 970 1169 1003 Theo-

273 1020 381 1055 dosius
395 1021 575 1066 Imperator
585 1033 623 1056 ac
638 1022 779 1065 Joannes
790 1020 977 1056 Patriarcha
990 1022 1093 1064 ipsum
1106 1030 1172 1052 me-

274 1072 458 1106 ditarentur
481 1083 550 1105 non
562 1071 774 1107 solummodo
795 1071 956 1115 deponere
969 1095 979 1110 ‚
1005 1068 1058 1102 sed
1070 1069 1167 1102 etiam

271 1122 397 1157 tradere
407 1121 514 1155 Curiae
526 1120 567 1155 ad
579 1121 753 1154 ministeria
764 1145 773 1154 .
801 1121 884 1153 Haec
905 1119 994 1152 enim
1005 1126 1071 1151 erat
1086 1117 1168 1151 vilis-

269 1173 350 1206 fima
373 1183 444 1210 res,
472 1170 612 1212 ideoque
632 1169 844 1213 &Episcopo
855 1168 1019 1203 duriffima
1041 1178 1139 1211 poena
1156 1192 1164 1200 .

268 1222 351 1255 Hoc
373 1221 490 1254 volunt
511 1218 631 1253 verba:
657 1221 795 1253 sicutrlli
807 1230 863 1252 non
888 1217 1046 1252 trabuntur
1057 1219 1100 1250 ad
1109 1222 1166 1251 Cu-

268 1276 348 1304 riam
374 1272 435 1304 (π’.
466 1271 540 1304 sunt
561 1268 715 1304 obscura.
742 1270 787 1303 Et
811 1269 969 1303 Meletius
991 1268 1164 1312 respondet

266 1321 360 1364 plura
384 1345 391 1352 .
416 1320 531 1354 Primo
553 1345 564 1361 ‚
593 1320 683 1364 quod
708 1331 777 1353 non
805 1319 983 1363 Episcopus
1007 1319 1165 1358 Clerum,

265 1370 323 1405 sed
346 1371 461 1405 Clerus
483 1369 602 1406 debeat
626 1370 714 1414 sequi
737 1370 957 1415 Episcopum.
986 1368 1138 1404 Secundo
1153 1393 1163 1409 ‚

266 1422 359 1466 quod
383 1421 562 1465 Episcopus
586 1420 684 1455 Clero
695 1420 811 1455 debeat
822 1421 959 1463 praebere
974 1419 1161 1463 exemplum

267 1471 490 1505 Constantiae.
520 1470 666 1512 Tertio,
693 1470 881 1514 quodistud
900 1471 936 1503 fit
956 1469 1099 1504 omnino
1110 1468 1162 1501 da·

265 1531 358 1556 turus
374 1545 385 1561 ‚
411 1522 555 1555 laetanter
579 1520 731 1555 exeundo
757 1519 798 1554 de
820 1519 981 1554 Ecclefia.
1008 1520 1054 1553 Et
1072 1517 1161 1552 addit

265 1572 308 1605 de
331 1571 450 1605 Clero:
476 1572 507 1604 51
529 1572 641 1613 aliquis
668 1582 714 1605 me
724 1569 809 1614 sequi
820 1571 968 1611 voluerit,
995 1570 1162 1603 lucrabitur

264 1619 487 1666 femet—ipsum.
516 1620 671 1667 Qarto,
696 1621 788 1664 quod
812 1630 940 1665 paratus
964 1620 1003 1653 fit
1026 1619 1068 1654 ad
1097 1619 1163 1653 sub-

269 1671 380 1705 eunda
401 1671 503 1705 etiam
525 1671 678 1705 viliffima
702 1670 810 1704 Curiae
821 1670 1017 1704 ministeria:
1047 1668 1104 1702 Ad
1118 1669 1162 1703 fo·

267 1732 342 1756 rum
354 1720 562 1766 purgandum
575 1745 586 1761 ,
611 1719 653 1754 ad
665 1720 729 1754 suis
740 1720 892 1754 manibus
905 1718 1086 1754 efferendos
1099 1720 1162 1762 pla·

267 1782 395 1806 tearum
418 1770 588 1814 pulveres:
616 1772 697 1803 sicut
721 1775 755 1803 in
770 1772 925 1814 Judtcum
943 1768 1164 1812 soletfieriad-

266 1830 364 1856 ventu
378 1846 385 1853 .
437 1819 500 1855 Per
522 1818 649 1863 Judices
669 1819 830 1863 intelligit
851 1819 1033 1853 Provincia:
1054 1818 1164 1852 Praefi-

266 1873 368 1913 dem,
394 1882 431 1905 ae
454 1870 648 1904 Praefestum
674 1864 854 1905 Praetorii'.
883 1869 932 1902 lta
955 1867 990 1903 hi
1016 1868 1164 1903 solebant

266 1921 425 1957 honorari
446 1919 464 1954 a
477 1919 616 1964 Populis
630 1945 638 1953 .

320 1973 447 2018 Qarta
467 1969 508 2003 ad
530 1970 765 2005 inflectendum
788 1970 963 2005 Meletium
974 1968 1058 2004 ratio
1071 1977 1139 2004 erat
1152 1993 1164 2010 ,

267 2022 359 2066 quod
382 2021 466 2053 inter
485 2020 547 2052 suae'
570 2019 754 2054 Provinciae
777 2021 958 2063 Episcopos
979 2021 1057 2054 effet
1078 2019 1165 2052 solus

267 2070 360 2106 istius
374 2070 540 2103 sententiae
551 2091 562 2108 ,
593 2069 736 2111 ideoque
747 2068 961 2102 Patriarchali
974 2067 1094 2110 Joanni
1108 2078 1165 2110 po-

269 2120 382 2156 tentiae
403 2130 473 2153 non
485 2119 587 2162 postet
598 2117 739 2152 resistere
751 2142 758 2149 .
787 2117 831 2150 Et
854 2117 897 2151 ad
913 2115 999 2151 hane
1011 2116 1142 2160 reponit
1153 2128 1163 2148 .·

270 2177 345 2208 Non
366 2168 517 2208 contristat
537 2191 549 2207 ,
590 2165 657 2200 hoc
678 2167 723 2201 est
747 2166 936 2201 contristare
963 2177 1032 2200 uon
1052 2166 1164 2206 valet,

270 2217 386 2260 etiamsi
394 2218 493 2251 nullus
506 2217 628 2256 adjutor
632 2214 672 2256 fit
682 2239 689 2247 .
719 2213 873 2248 Affirmat
888 2215 920 2248 se
929 2214 1005 2247 satis
1015 2214 1164 2248 validum

268 2268 419 2306 adversus
439 2266 568 2311 quasvis
590 2262 784 2298 Patriarchae
805 2263 981 2297 violentias
1003 2262 1165 2307 &adjun-

271 2322 322 2367 git
335 2334 345 2354 .·
374 2322 404 2352 51'
414 2320 485 2352 verb
511 2316 668 2359 Imperiale
681 2317 867 2356 Praeceptum
881 2314 1070 2354 n‘eceffitatem
1077 2312 1168 2355 fimul

272 2371 407 2404 intulerit
421 2393 432 2409 ‚
460 2366 539 2401 m'hil
543 2367 707 2409 proderunt
713 2363 1042 2408 solatiaplurimorum.
1071 2363 1166 2396 Affir-

272 2431 342 2455 mat
367 2421 401 2454 se
423 2426 570 2464 paratum
581 2417 622 2451 ad
637 2416 695 2450 ista
707 2415 821 2450 omnia
835 2439 842 2447 .
872 2413 1027 2451 Unicum
1038 2411 1094 2447 fibi
1104 2414 1166 2447 effe

273 2471 420 2506 studium
432 2480 467 2504 ut
480 2469 556 2502 licet
571 2466 721 2512 perdatur
741 2465 783 2500 ab
794 2463 987 2499 hominibus
999 2463 1032 2497 in
1046 2463 1110 2497 hoc
1120 2464 1166 2497 sae-

275 2523 377 2561 culo,
404 2521 440 2554 in
463 2521 574 2554 futuro
598 2529 668 2552 non
691 2515 840 2560 perdatur
857 2516 875 2550 a
889 2514 1092 2557 semet-ipso.
1123 2513 1167 2547 Et

278 2569 450 2607 concludit
463 2583 470 2602 ε
499 2569 618 2603 Praeter
630 2565 698 2600 haec
710 2576 818 2600 autem
837 2567 933 2599 decies
946 2565 1052 2597 millies
1062 2563 1101 2597 ab
1111 2567 1166 2596 Ec-

277 2621 359 2664 clesia
381 2621 489 2662 expelli
510 2629 646 2658 exorem,
674 2618 708 2650 (τ
726 2623 783 2657 per
793 2613 935 2657 universa
947 2619 1168 2658 mortlsgenera

279 2671 402 2711 tranfire
414 2694 421 2701 .
447 2667 578 2708 Etiamfi
586 2668 684 2700 nullus
700 2666 715 2698 ὃ
727 2666 811 2698 clero
820 2667 871 2698 vel
894 2666 1004 2707 Populo
1015 2664 1092 2697 banc
1103 2665 1167 2698 bea-

281 2731 347 2756 tam
364 2726 450 2753 viam
467 2725 637 2759 carpentem
655 2726 700 2748 me
707 2714 793 2757 sequi
806 2715 951 2748 voluern.
978 2714 1031 2747 Ex
1045 2725 1111 2758 quo
1125 2715 1169 2747 vi-

282 2772 340 2806 des
350 2772 385 2804 &
396 2769 530 2804 Clerum
541 2766 574 2800 δε
585 2764 752 2808 Populum
766 2765 892 2798 rediisse
904 2764 945 2798 ad
969 2765 1145 2798 Ecclefiam
1158 2789 1169 2804 ,

282 2822 315 2856 &
326 2821 432 2855 solum
456 2818 658 2861 Episcopum
670 2813 759 2848 hunc
776 2814 942 2857 perstitisse
956 2814 989 2849 in
1003 2826 1170 2849 contuma-

284 2874 335 2907 cia
351 2897 357 2903 .
384 2871 467 2904 Item
481 2866 627 2901 videmus
640 2874 772 2899 omnem
799 2864 893 2897 illum
916 2865 1052 2898 Clerum
1063 2865 1095 2899 &
1109 2864 1171 2899 Po-

285 2923 400 2966 pulum
419 2921 435 2954 a
459 2917 613 2953 scelerato
636 2913 822 2951 Theodoro
847 2924 917 2948 non
940 2914 1034 2949 fuisse
1048 2924 1172 2960 perver-

285 2975 378 3007 sum.

322 3022 390 3070 Qi
396 3022 484 3054 snam
498 3019 595 3054 fuerit
609 3024 805 3052 memoratus
815 3012 869 3049 hic
881 3014 1091 3058 Macarius&
1103 3027 1172 3061 quae

288 3074 356 3115 ejus
370 3072 495 3105 miseria
506 3096 517 3111 ‚
545 3071 597 3103 seu
612 3069 764 3102 miserum
776 3076 858 3110 opus
873 3089 884 3106 ,
910 3076 978 3099 non
990 3066 1082 3100 firme
1094 3068 1171 3102 scio.

291 3122 453 3155 Existimo
481 3120 572 3154 fuisse
593 3117 830 3153 Laodicensem
857 3115 1076 3160 Episcopum.
1104 3118 1173 3151 Hic

290 3171 376 3203 enim
389 3182 462 3204 cum
477 3172 601 3213 Joanne
615 3165 805 3203 Patriarcha
818 3167 881 3200 fuit
902 3165 1015 3209 Ephesi
1032 3189 1044 3206 ,
1071 3165 1171 3201 adhae-

291 3232 364 3256 rens
381 3220 446 3261 ejus
469 3220 640 3259 Fastioni‚
664 3219 698 3252 ὅς
719 3216 888 3262 operibus.
915 3215 1173 3251 Videturacon-

293 3270 434 3306 tumacia
458 3269 583 3302 rediiffe
605 3267 644 3301 ad
666 3269 847 3310 Ioannem,
874 3267 909 3300 δε
934 3267 1109 3308 acceptasse
1122 3278 1173 3311 pa·

294 3330 389 3358 cem,
415 3317 555 3360 ideoque
579 3318 718 3350 Meletio
743 3318 836 3351 fuiffe
868 3316 886 3349 ἒι
915 3314 1104 3358 quibusdam
1135 3317 1170 3351 in

703 191 1043 237 VARIORUM
1078 177 1324 231 PATnuM
1360 183 1683 250 Evrs‘rOLAE‚

1239 266 1325 301 istud
1336 278 1419 311 opus
1431 268 1526 303 fuisse
1546 281 1614 303 non
1625 271 1784 308 miseriam
1794 294 1806 314 ,
1826 276 1868 308 ‘ac
1877 271 2047 308 materiam
2059 269 2125 318 ῃὲὲὲ

1240 317 1406 352 nitentiae.
1430 318 1623 363 Respondet
1643 320 1748 362 ipsum
1767 322 1851 356 adeo
1871 322 1978 359 zelose
1999 325 2033 359 ὅ(
2050 324 2122 359 cito

1239 366 1443 411 poenituiffe,
1470 378 1508 403 ut
1528 368 1635 403 statim
1659 368 1677 402 a
1699 371 1965 414 pace&Joannis
1974 386 2120 409 commu·

1238 419 1340 452 nione
1351 418 1493 455 resilierit
1505 443 1517 460 ‚
1543 420 1757 463 &nunquam
1779 419 1930 465 deinceps
1949 425 2119 469 agnoverit

1236 478 1293 502 aut
1303 469 1484 504 nominarit
1497 468 1712 515 Episcopum.
1725 469 1819 518 Qin
1830 469 1900 504 imo
1911 473 2000 514 quod
2011 475 2120 518 ipsum

1234 517 1404 567 degradari
1415 520 1536 564 optarit
1548 545 1556 551 .
1584 520 1627 554 Et
1638 519 1865 565 degradationi
1875 518 2120 564 nihilobstaret,

1236 570 1293 603 nili
1314 569 1432 604 virium
1452 570 1613 605 defectus:
1641 568 1743 618 Qod
1756 580 1875 614 nempe
1885 571 1962 605 effet
1985 572 2120 615 Ioannis

1234 619 1461 666 Suffraganeus
1475 645 1486 662 ‚
1511 620 1653 664 ideoque
1673 630 1788 656 contra
1809 620 1916 665 ipsum
1933 631 2004 657 non
2016 622 2122 666 poffet

1234 670 1338 704 facere
1348 671 1540 715 Synodum.
1568 671 1672 719 Qrod
1699 671 1733 705 in
1745 671 1809 705 suis
1820 671 1932 715 paffim
1943 671 2122 717 colloquiis

1234 721 1458 756 amarissimam
1467 720 1507 755 de
1522 721 1646 765 Joanne
1658 721 1862 756 mentionem
1873 721 1988 757 fecerit
2003 747 2010 754 .
2037 723 2123 757 Om-

1234 771 1287 803 nia
1312 771 1387 804 sunt
1411 772 1444 805 in
1469 773 1651 815 praeterito,
1678 771 1820 816 ideoque
1838 770 2003 806 Macarius
2017 772 2123 807 videri

1233 820 1413 863 poffittunc
1433 823 1524 856 fuiffe
1536 833 1684 856 mortuus
1695 845 1702 853 .
1730 822 1779 856 At
1791 833 1859 857 non
1871 821 1936 856 fuit
1947 846 1954 855 .
1982 821 2120 857 Etenim

1234 870 1391 905 Eusebius
1414 870 1611 916 Presbyter,
1638 872 1706 915 ejus
1728 871 1879 908 Vicarius
1903 883 1943 906 ac
1975 872 2121 917 Legatus

1232 921 1336 955 adfuit
1359 921 1620 957 Chalcedonenfi
1644 922 1801 957 Concilio
1826 947 1834 954 .
1861 922 1913 955 Ex
1939 932 2006 965 quo
2033 922 2122 956 lucet

1233 971 1405 1005 Meletium
1429 972 1482 1007 hic
1505 973 1676 1016 imponere
1701 997 1712 1013 ‚
1738 981 1795 1007 aut
1816 971 2001 1007 Macarium
2024 971 2121 1006 fuisse

1231 1019 1339 1055 denuo
1350 1024 1530 1056 correElum
1553 1023 1588 1056 δε
1605 1023 1817 1057 conversum.

1280 1069 1437 1105 Notanda
1455 1074 1529 1106 sunt
1553 1073 1587 1105 ἀ
1599 1071 1664 1106 haec
1677 1071 1772 1106 verba
1784 1085 1795 1105 .·
1821 1076 1909 1105 Nam
1919 1082 2032 1105 necno:
2042 1081 2120 1104 nunc

1231 1121 1371 1158 cyrillum
1397 1122 1432 1154 ό*
1446 1125 1479 1165 J
1481 1131 1604 1153 oannem
1613 1122 1652 1153 ab
1667 1120 1925 1162 Ecclesrafbct'mus
1936 1123 2046 1155 allenos
2055 1123 2118 1155 &aa

1232 1167 1389 1204 Notanda
1413 1170 1458 1204 est
1482 1169 1638 1213 particula
1653 1193 1664 1209 ,
1690 1172 1801 1202 Nunc:
1828 1169 1961 1205 Hocest
1973 1171 2044 1214 post
2056 1170 2119 1204 ini-

1230 1230 1296 1253 tam
1317 1231 1448 1263 pacem.
1479 1219 1695 1253 Etenimante
1706 1219 1828 1262 ipsam,
1856 1220 1891 1254 ὅ(
1912 1220 1998 1263 apud
2009 1219 2120 1263 Ephe-

1228 1270 1296 1304 sum
1310 1271 1344 1304 &
1357 1270 1426 1314 post
1437 1269 1576 1304 reditum
1599 1269 1640 1303 ad
1663 1270 1791 1313 propria
1805 1292 1816 1308 ‚
1840 1269 2027 1304 orientales
2039 1270 2118 1312 Epi-

1229 1321 1317 1363 scopi
1339 1321 1505 1364 Cyrillum
1526 1320 1708 1361 frequenter
1717 1319 1949 1364 degradarant.
1978 1319 2115 1354 Interim

1228 1369 1261 1403 hi
1286 1371 1418 1405 Faaiofi
1446 1381 1613 1413 nunquam
1663 1370 1923 1413 praesumpserunt
1953 1369 2115 1404 violentas

1229 1431 1342 1454 manus
1366 1421 1399 1454 in
1423 1421 1472 1454 sui
1497 1417 1691 1454 Patriarchae
1716 1430 1813 1464 caput
1832 1419 1980 1454 mittere.
2009 1417 2116 1452 Porro

1229 1470 1386 1505 Meletius
1399 1479 1435 1504 ut
1446 1481 1559 1514 pacem
1570 1469 1724 1504 admittat
1739 1493 1751 1509 ,
1776 1470 1809 1503 ἀ
1821 1470 1862 1503 ad
1874 1468 2008 1512 Ioannis
2026 1479 2115 1503 com·

1229 1522 1423 1555 munionem
1444 1518 1575 1561 redeat,
1602 1518 1786 1563 expostulat
1813 1519 1919 1554 varia.
1948 1517 2062 1553 Primo
2077 1528 2116 1553 ut

1228 1571 1368 1613 Ioannes
1378 1570 1634 1604 anathematizet
1649 1581 1719 1602 non
1730 1569 1835 1603 solum
1848 1568 1966 1612 Cyrilli
1980 1568 2116 1612 Capitu-

1227 1621 1255 1654 la
1270 1645 1281 1660 ‚
1307 1619 1362 1654 sed
1388 1620 1423 1654 &
1449 1621 1618 1662 personam
1632 1642 1640 1649 .
1667 1617 1819 1652 Secunde>
1830 1628 1867 1652 ut
1883 1628 1951 1651 non
1964 1618 2115 1661 suscipiat

1229 1670 1458 1715 Episcopatum
1480 1680 1518 1703 ac
1535 1666 1718 1712 Synodicas
1733 1666 1863 1702 Procli.
1890 1666 2014 1704 Tettio
2039 1691 2050 1707 ,
2078 1662 2115 1701 ut

1227 1719 1374 1756 Nestorii
1395 1719 1644 1752 damnationem
1666 1715 1798 1760 abjiciat
1819 1739 1832 1756 ‚
1855 1716 1890 1750 δε
1916 1716 2024 1760 ipsum
2043 1726 2114 1752 non

1228 1771 1299 1805 solo
1311 1768 1410 1804 verbo
1421 1768 1579 1811 &lingua
1591 1792 1602 1808 ‚
1626 1764 1678 1800 sed
1687 1777 1784 1809 opere
1795 1766 1828 1800 &
1840 1767 1973 1800 veritate
1984 1765 2113 1808 habeat,

1228 1832 1265 1856 ac
1287 1818 1442 1854 omnibus
1464 1816 1665 1853 demonstret
1688 1816 1912 1861 Episcopum:
1939 1815 1995 1850 Ut
2007 1817 2114 1860 ipsum

1229 1869 1416 1905 introducat
1436 1868 1473 1903 in
1496 1865 1674 1903 Ecclesiam
1688 1890 1700 1907 ,
1723 1865 1826 1900 &fibi
1838 1866 1923 1900 intra
1932 1866 2113 1905 Thr-onum

1228 1920 1358 1955 affidere
1381 1919 1504 1959 faciat,
1530 1918 1579 1953 uti
1603 1916 1762 1952 advenam
1785 1908 2003 1960 Episcopum‘.
2029 1915 2112 1950 Haee

1227 1971 1287 2006 tria
1311 1969 1397 2005 dixit
1410 1968 1580 2003 necessaria
1591 1968 1631 2002 ad
1654 1975 1832 2010 utcumque
1841 1964 2113 2010 compensandam

1228 2020 1385 2055 Nestorio
1397 2020 1574 2065 irrogatam
1585 2016 1740 2061 injuriam
1750 2041 1758 2049 .
1786 2016 1942 2051 Proclum
1952 2016 2113 2051 aversatur

1226 2069 1316 2112 quod
1340 2069 1396 2101 ille
1418 2070 1457 2102 ad
1482 2068 1647 2110 Cyrillum
1668 2078 1706 2100 ac
1733 2067 1894 2108 Ioannem
1907 2066 2029 2101 miserit
2040 2067 2113 2100 suas

1227 2116 1431 2162 Synodicas,
1457 2116 1597 2165 ideoque
1622 2114 1728 2149 &illis
1742 2114 1965 2150 communicet
1978 2139 1985 2149 ,

1437 2321 1702 2374 CAPUT
1739 2324 1899 2372 CLIX.
1944 2286 2112 2388 „447

1228 2463 1407 2515 synodica,
1436 2461 1558 2516 inquit
1575 2487 1588 2506 ,
1617 2464 1826 2509 Maximini,
1855 2460 1894 2500 ὁ»
1913 2474 2027 2501 eorum
2055 2465 2114 2515 qui

1285 2531 1379 2560 erant
1416 2533 1459 2558 ex
1510 2517 1633 2558 ecunda
1662 2519 1779 2558 Cilicia
1807 2546 1820 2564 ,
1858 2519 1904 2556 ad
1930 2519 2114 2559 ‘Antioche-

1286 2591 1370 2619 num
1397 2577 1438 2616 de
1465 2579 1709 2615 communione.
1741 2579 1786 2614 Et
1814 2575 1855 2614 de
1872 2577 2041 2629 Capitulis
2054 2573 2114 2621 ft.-

1285 2639 1330 2675 cit
1356 2644 1396 2674 ut
1423 2635 1573 2674 harenas
1599 2636 1814 2673 mentionem.

1293 2760 1503 2806 Uscipientes
1516 2767 1577 2794 tuae
1587 2757 1770 2793 Sanctitatis
1786 2756 1907 2792 litteras
1929 2767 1986 2802 per
1995 2757 2115 2793 Domi·

1319 2824 1398 2848 num
1428 2807 1755 2844 Admirandiffimum
1787 2807 1956 2842 Comitem
1987 2807 2121 2843 Neote-.

1232 2866 1317 2899 rium
1330 2886 1342 2903 ,
1367 2859 1508 2896 omnino
1522 2859 1669 2893 delestati
1689 2859 1799 2892 sumus
1809 2859 1900 2901 super
1910 2858 2113 2902 expositione

1233 2912 1309 2948 fidei
1320 2910 1506 2948 Sanstitatis
1518 2919 1598 2944 tuae.
1625 2907 1811 2956 Qomodo
1831 2907 1919 2951 prius
1928 2907 2112 2943 sanctorum

1234 2965 1465 3006 beatorumque
1487 2959 1644 2998 patrum,
1670 2956 1856 3002 quiNicaeae
1865 2967 2114 2996 convenerunt‚‘

1234 3025 1289 3050 tua
1299 3012 1456 3047 Sanctitas
1467 3010 1578 3045 fecerit
1588 3008 1792 3044 mentionem
1805 3031 1817 3048 ,
1841 3005 1963 3042 deinde
1976 3006 2113 3042 illorum

1234 3064 1422 3099 Sanctorum
1442 3060 1642 3105 proposuerit
1655 3057 1791 3093 nomina
1802 3082 1813 3098 ‚
1838 3057 1896 3101 qui
1914 3058 2037 3101 semper
2048 3056 2115 3093 cla-

1233 3116 1328 3150 ritate
1339 3113 1430 3147 res-taz
1455 3111 1532 3146 fidei
1543 3109 1726 3145 micuerunt
1736 3132 1748 3149 ,
1773 3108 1808 3142 &
1818 3119 1878 3151 pro
1888 3106 2008 3151 pietate
2020 3106 2114 3142 forti-

1234 3176 1284 3200 ter
1301 3161 1498 3198 decertando
1521 3159 1670 3195 coronati
1689 3160 1765 3193 sunt
1784 3183 1792 3190 .
1818 3158 1901 3192 Haec
1922 3157 2115 3191 clarificave-

1233 3223 1309 3251 runt
1321 3214 1446 3248 animas
1456 3211 1580 3246 nostras
1592 3223 1599 3242 :
1626 3210 1708 3243 Haec
1717 3208 1817 3243 corda
1829 3207 1937 3243 nostra
1960 3205 2112 3241 festivita-

1234 3275 1267 3300 te
1277 3263 1496 3308 repleverunt.
1524 3258 1754 3295 Nihilominus
1778 3256 1855 3292 vero
1871 3252 2111 3291 Anathemaeis-

1234 3314 1280 3349 mi
1299 3323 1411 3348 contra
1435 3312 1544 3346 omnis
1563 3306 1855 3346 contaminationis
1880 3307 1915 3341 &
1935 3301 2109 3350 impietatis

294 3367 477 3415 exemplum
500 3368 698 3414 propositus·
724 3367 815 3402 Hinc
837 3366 993 3402 Meletius
1002 3367 1173 3412 respondet
1237 3364 1495 3411 Apollinarium,
1518 3357 1885 3398 &abominandiffimas
1894 3352 2115 3406 expolitiones·

1993 3411 2061 3444 eJus
