2320 3730
382 178 387 182 ,
407 141 441 179 6

304 147 478 255 rium4faai
491 211 615 245 eonciiii
631 208 760 255 suftepit
781 213 1018 257 &confirmavit
1029 211 1192 247 chalcedo-

719 130 1058 176 visionum
1094 129 1346 175 PATRUM
1380 127 1714 183 Episroffl,

1251 215 1414 253 comperio,
1441 219 1571 255 quocirca
1588 221 1652 259 piis
1674 216 1723 251 bis
1734 216 1926 265 dogmatibus
1945 218 2081 263 assentior
2102 222 2139 256 ό·

304 263 392 307 nens?
406 262 572 296 concilium
587 283 599 301 ‚
620 263 869 315 quemadmodurp
890 263 996 299 babuit
1007 263 1086 303 banc
1103 261 1190 305 respl-
1247 259 1408 305 subscribo.
1438 262 1484 299 Et
1502 264 1548 299 ita
1569 267 1716 302 fecerunt
1735 279 1854 304 omnes
1875 270 1935 304 alii
1963 270 2139 316 Episcopi.

302 315 386 348 lere?
416 313 477 347 sed
485 317 558 356 quia
568 312 720 356 adversus
732 313 863 354 Nestorii
870 312 1071 358 blasphemias
1083 336 1093 352 ,
1120 322 1189 354 quae

304 365 381 396 duas
405 369 531 397 naturas
550 366 583 396 in
593 362 673 397 duas
694 361 840 406 personas
858 366 894 405 <bf
905 366 982 399 duas
990 360 1188 407 subfistennas

300 413 448 447 dividunt
468 437 480 454 ‚
506 424 600 447 unam
616 413 778 457 perfinam
800 416 835 448 Θ
854 425 947 449 unam
977 411 1189 457 Jiibfistentiam

300 462 442 497 volebam
452 462 603 506 definita
624 464 679 498 illa
700 472 800 497 autem
811 464 944 507 Epistola
969 464 1096 496 duarum
1103 459 1188 505 fiibfi·

293 513 473 554 stentiarum
484 515 590 548 intulit
600 519 779 550 mentionem
786 537 802 555 .‚
825 514 986 557 propterea
993 513 1113 555 proprie*
1121 524 1188 549 eam

299 569 455 602 nominare
478 563 673 606 distulerunt,
701 574 735 599 ut
756 575 813 597 non
834 569 1045 599 invenirentur
1062 571 1118 596 aut
1139 563 1186 597 illi

297 622 352 651 aut
366 614 425 657 fibi
435 615 487 657 effe
503 619 667 656 contrarii,
689 614 747 659 fied
757 619 854 657 magis
875 612 961 646 illam
970 613 1095 647 alteram
1107 616 1184 655 Epi-

292 664 400 706 stolam
412 663 707 708 eJuspraeposuerunt
716 688 728 705 ,
755 665 823 704 quae
828 660 922 705 super
930 661 1066 708 consinsit
1078 667 1112 696 N
1114 670 1181 698 icae·

292 710 463 754 'nisymbali
483 716 613 748 laudata
634 714 672 755 est
685 738 692 746 .
720 711 874 758 Affirmat
895 712 1079 756 Epistulam
1096 738 1108 754 ,
1132 714 1181 749 uti

295 776 366 800 non
388 763 623 804 Chalcedone,
652 763 698 796 ita
719 766 782 796 nec
792 760 909 805 Ephesi
928 762 1019 798 fuiffe
1032 765 1181 808 Synoda-

294 814 368 849 liter
389 816 563 859 susceptam
576 835 588 851 ‚
613 811 756 855 ideoque
775 822 846 846 non
868 813 932 847 esse
949 815 1157 857 Synodicam
1172 837 1180 846 .

292 865 390 899 Hinc
412 866 540 899 &infra
562 860 664 903 dicit3
690 865 758 895 Nos
780 872 817 895 ea
838 873 908 904 quae
922 865 1066 901 synodicis
1075 865 1179 898 Sandi'i

293 916 395 953 cyrilli
409 911 550 954 Epistolis
573 916 784 952 continentur,
804 911 985 955 suscepimus
997 926 1013 959 ς
1039 926 1108 958 quae
1129 927 1178 949 au-

291 972 350 996 tem
363 974 421 996 non
431 961 634 1005 consentiunt,
663 972 758 1004 neque
769 963 952 997 damnamus
965 988 976 1005 ‚
990 976 1085 1009 neque
1096 967 1179 1001 velut

289 1015 303 1046 i
304 1024 382 1056 egem
392 1011 622 1054 Ecclefiasticam
627 1009 784 1055 sequimur
794 1038 802 1046 .
828 1015 987 1052 synodicas
999 1025 1102 1050 autem
1111 1018 1178 1057 ejus

287 1064 350 1097 dico
370 1061 522 1104 Epistolas
547 1086 559 1102 ,
583 1073 651 1103 quae
674 1065 696 1096 ἃ
718 1062 839 1097 Sandis
863 1065 1007 1100 conciliis
1033 1068 1068 1102 er
1084 1065 1177 1111 susi-e·

281 1120 370 1155 prae,
395 1115 432 1147 (tt
452 1112 634 1152 confirmata
650 1110 725 1156 sunt
744 1139 752 1148 .
782 1114 890 1149 Addit
910 1115 993 1151 solas
1015 1116 1095 1152 duas
1114 1118 1178 1152 esse

286 1163 383 1197 tales:
411 1162 544 1206 Nempe
571 1163 746 1199 secundam
769 1164 811 1199 ad
833 1165 1049 1208 Nestorium,
1075 1166 1176 1204 &Pa-

284 1214 331 1248 cis
350 1212 534 1258 Epistolam
556 1238 568 1256 ,
596 1214 746 1259 scriptam
769 1214 811 1250 ad
832 1215 1020 1255 Orientalos
1044 1219 1176 1263 Episco-

284 1275 361 1308 pos.
390 1264 503 1301 Solam
515 1266 655 1309 primam
668 1264 785 1310 Ephefi
791 1277 830 1301 na
841 1291 854 1307 ,
881 1278 1054 1313 utramque
1072 1269 1175 1304 admi-

283 1315 323 1350 sit
347 1312 623 1350 Chalcedonensis
634 1317 808 1360 Synodus.
837 1317 929 1354 Nam
952 1320 987 1353 in
1001 1320 1056 1354 sua
1067 1319 1175 1355 adver·

283 1366 336 1400 stis
350 1365 570 1410 Eutychetem
582 1366 719 1409 Synodo
741 1368 825 1402 solas
840 1368 916 1404 istas
929 1369 1082 1415 probavit
1096 1371 1177 1406 San·

281 1417 350 1450 stus
361 1417 554 1452 Flavianus.
581 1417 636 1452 De
656 1419 834 1454 duodecim
846 1419 1080 1466 capitulorum
1096 1420 1175 1467 Epi·-

280 1466 364 1501 stola
377 1467 504 1503 nullam
517 1466 646 1514 penitus
659 1470 737 1505 fecit
749 1470 954 1507 mentionem
969 1498 976 1505 .
1020 1495 1022 1497 -
1128 1468 1134 1473 “

328 1516 509 1552 >Sciendum
531 1519 577 1556 est
599 1543 611 1560 ,
638 1520 717 1564 quid
746 1522 782 1556 δε
805 1522 969 1558 Severiani
994 1523 1175 1569 Episcopi,

278 1565 314 1600 ὅσ
332 1576 409 1599 cum
420 1567 484 1602 suis
497 1567 710 1604 orthodoxis
722 1572 873 1618 Collegis
885 1573 1056 1619 Hypatius
1075 1575 1175 1608 intel-

280 1615 421 1651 lexerint
434 1629 489 1662 per
499 1618 700 1664 Synodicam
722 1622 904 1665 Epistolam
919 1648 926 1656 .
953 1623 1174 1668 Nequaquam

279 1664 516 1705 intellexerunt
539 1681 677 1706 omnem
697 1669 791 1708 illam
804 1697 816 1714 ‚
842 1684 914 1717 qum
934 1685 991 1718 per
1001 1675 1174 1718 synodum

279 1716 455 1760 fiiitlet'ta,
482 1720 636 1762 laudata,
665 1722 701 1756 ὃ(
726 1723 968 1758 Actisinserta.
995 1725 1175 1760 Intellexe—

281 1776 361 1802 runt
385 1769 488 1805 solam
509 1771 605 1807 istam
620 1796 632 1812 ,
655 1783 727 1817 quae
747 1774 820 1819 post
845 1783 1009 1810 maturum
1029 1786 1170 1810 examen

281 1818 345 1852 suit
367 1821 520 1855 omnium
543 1822 783 1866 Episcoporum
796 1819 951 1868 suffragio
975 1825 1175 1868 comproba-

280 1876 335 1908 ta,
359 1868 446 1903 &ab
459 1872 618 1907 omnibus
631 1871 830 1917 subscripta,
856 1881 954 1917 atque
974 1874 1019 1908 ita
1049 1884 1174 1917 recepta

282 1917 316 1950 in
329 1918 586 1955 Ecclesiasticam
599 1922 704 1964 legem
716 1947 727 1962 ,
755 1925 808 1956 seu
822 1922 856 1955 in
872 1922 1080 1956 immobilem
1099 1923 1174 1957 fidei

278 1965 459 2010 'Canonem
473 1992 479 1999 .
508 1967 552 2002 Et
566 1968 670 2004 hocce
682 1969 723 2003 ab
737 1969 900 2014 Ephesina
923 1970 1063 2012 Synodo
1074 1971 1175 2005 bene-

280 2016 393 2050 ficium
407 2017 533 2061 accepit
547 2020 613 2056 sola
629 2019 768 2054 secunda
780 2020 821 2055 ad
835 2020 1028 2055 Nestorium
1041 2020 1175 2064 Episto—

280 2066 311 2099 la
338 2090 348 2106 ‚
374 2065 416 2102 de
443 2079 507 2111 qua
529 2068 700 2114 Hypatius
722 2084 734 2103 :
772 2073 864 2112 Super
884 2068 1021 2113 consensu
1049 2075 1174 2105 Nicaeni

279 2116 402 2154 symboli
418 2117 547 2152 laudata
569 2121 629 2162 est.
655 2119 829 2156 Nestorius
850 2119 892 2155 ad
918 2121 1007 2156 istud
1028 2121 1173 2165 Symbo-

278 2167 349 2201 lum
360 2167 482 2203 affidue
494 2171 751 2213 proclamaverat
761 2197 772 2214 ‚
801 2173 969 2207 affirmans
979 2171 1073 2206 suum
1085 2171 1173 2217 dog-

278 2228 333 2252 ma
345 2229 400 2262 per
411 2220 526 2254 omnia
543 2220 593 2256 illi
605 2223 799 2260 conforme,
825 2219 1031 2266 proindeque
1054 2232 1096 2256 ex
1118 2222 1173 2256 in·-

277 2277 372 2313 tegro
382 2270 445 2304 effe
460 2271 582 2306 testum
596 2296 604 2304 .
632 2269 728 2307 Hinc
740 2271 906 2316 Ephesina
920 2270 1077 2315 Synodus
1087 2271 1172 2307 istud

276 2318 336 2351 fibi
359 2318 471 2354 statuit
493 2321 528 2354 in
551 2321 698 2368 regulam
716 2347 725 2354 .
753 2323 846 2357 Ante
870 2322 985 2356 omnia
1005 2320 1063 2356 fibi
1082 2321 1169 2365 jusfit

278 2368 344 2412 legi
374 2382 381 2402 :
409 2369 541 2406 Exinde
563 2372 739 2407 secundam
759 2373 867 2407 Sancti
888 2370 1011 2415 Cyrilli
1033 2371 1169 2421 Episto-

277 2418 361 2452 lam.
392 2420 436 2453 Et
447 2431 527 2455 tunc
540 2421 628 2456 idem
642 2422 788 2466 Cyrillus
798 2422 844 2457 est
857 2422 967 2456 statim
985 2422 1168 2459 interlocu-

275 2476 328 2502 tus
341 2483 353 2503 .·
381 2471 511 2504 Audivit
527 2472 640 2506 sane‘la
666 2474 822 2517 &magna
845 2472 907 2506 baec
918 2472 1050 2511 synodus
1061 2495 1073 2512 ,
1099 2483 1167 2515 quae

276 2519 319 2550 ad
337 2519 568 2562 religicfiffimum
588 2521 769 2563 Episcopum
790 2522 955 2561 Nestorium
981 2519 1102 2562 scripli',
1129 2535 1166 2557 ea

275 2566 365 2601 retiae
376 2567 442 2601 {idei
457 2579 627 2612 congruere.
657 2574 746 2604 Certo
767 2581 894 2613 namque
911 2567 1087 2612 persuasum
1107 2571 1165 2603 ba-

276 2617 327 2651 beo
339 2642 349 2658 ,
375 2618 491 2651 nullam
508 2630 555 2652 me
578 2623 612 2652 in
630 2627 752 2661 partem
778 2620 818 2652 ab
829 2619 1013 2654 orthodoxae
1025 2619 1098 2661 fidei
1110 2622 1165 2652 do-

277 2669 377 2701 &ina
394 2667 538 2711 deflexiffe
549 2691 560 2708 ‚
588 2678 642 2702 aut
654 2669 810 2708 &symbolo
816 2678 875 2712 per
885 2669 1026 2702 Samiam
1052 2672 1165 2705 &ma-—

272 2728 368 2759 gnam
379 2717 462 2750 iilam
471 2718 614 2756 synodum
625 2722 743 2752 Nicaeae
754 2721 823 2754 olim
832 2727 1037 2764 congregatam
1060 2722 1162 2754 tradi*

272 2760 307 2799 *to
326 2767 479 2811 declinasse
501 2792 509 2800 .
535 2769 643 2812 ,Quare
662 2769 856 2803 SanHitatem
881 2769 1009 2810 vestram
1030 2777 1163 2814 rogatam

278 2822 383 2859 cupio,
408 2826 443 2851 ut
467 2828 568 2852 coram
592 2827 723 2861 exponat
747 2844 759 2862 ,
783 2820 896 2855 remae
920 2821 955 2854 ὁ·
981 2822 1130 2862 inculpate?
1151 2844 1162 2861 ,

277 2867 440 2910 sanctoque
461 2868 508 2902 ilii
530 2872 659 2903 Concilio
667 2868 876 2904 convenienter
896 2870 961 2904 baec
973 2869 1162 2913 scripsmm,

277 2927 319 2951 an
336 2915 419 2961 seem
435 2943 443 2950 .
469 2918 619 2962 Cyrillus
638 2920 759 2966 agebat
781 2920 941 2955 Romanae
951 2918 1039 2954 Sedis
1060 2921 1163 2955 Vica-

276 2969 386 3010 rium,
411 2979 448 3003 ac
468 2967 596 3013 Synodi
621 2969 788 3005 Praefidem
802 2995 814 3011 ,
839 2971 981 3012 ideoque
1002 2970 1071 3005 haec
1092 2981 1161 3005 erat

278 3017 498 3063 Praerogativa
511 3018 698 3064 Apostolici
720 3021 883 3065 suffragii.
909 3019 1045 3060 Etenim
1066 3020 1161 3055 istam

277 3065 460 3111 Epistolam
482 3069 667 3105 Celestinus
689 3070 852 3105 Pontifex
872 3071 1015 3106 omnino
1037 3070 1160 3105 viderat

279 3126 317 3149 ac
335 3118 498 3159 probarat.
525 3119 569 3154 Et
581 3120 743 3162 Iuvenalis
754 3121 994 3164 Hierosolymae
1022 3121 1160 3164 Episco-

279 3176 340 3210 pus
352 3166 460 3201 statim
482 3169 621 3214 reposuit
634 3185 645 3203 .·
673 3174 794 3205 Sacrum
801 3172 875 3215 fidei
886 3170 1068 3211 symbolum,
1094 3175 1160 3204 Ni-

279 3227 350 3252 caeae
362 3219 509 3258 quondam
521 3220 635 3254 editum
644 3244 655 3261 ,
681 3223 715 3255 6·
721 3224 812 3263 paulo
824 3229 894 3256 ante
905 3221 969 3254 baec
978 3225 1136 3253 recitatum
1149 3246 1159 3262 ,

278 3267 317 3300 ὑ
336 3267 508 3307 SanHiffimi
527 3270 758 3312 Archi-episcopi
779 3273 882 3312 Cyrilli
893 3270 1074 3313 Epistolams
1098 3282 1160 3304 ‘'ae-

283 3325 406 3359 temque
424 3321 524 3350 omnia
541 3319 562 3349 ἂ
584 3320 699 3354 ςαηέῖα
719 3321 773 3354 illa
792 3323 899 3360 synodo
919 3320 1047 3363 exposita
1068 3345 1079 3361 ,
1102 3328 1157 3362 per

283 3372 382 3405 omnia
393 3365 449 3413 fibi
469 3365 658 3417 consentanea
680 3393 693 3414 ,
730 3382 764 3409 ac
788 3379 870 3409 inter
891 3370 926 3416 se
950 3369 1158 3414 consentientia

1252 311 1306 348 Sic
1319 311 1380 345 ista
1393 311 1537 355 Epistola
1558 317 1657 350 evasit
1669 318 1859 365 Synodum,
1884 331 1922 355 ac
1942 330 2068 366 recepta
2087 321 2137 356 est

1251 361 1287 395 in
1325 362 1581 398 Ecclesiasticam
1618 365 1726 409 legem
1749 390 1761 407 ‚
1786 369 1841 402 seu
1865 367 1900 403 in
1927 370 2137 408 immobilem

1250 410 1447 447 Christianae
1460 413 1537 448 fidei
1550 415 1697 459 regulam
1711 438 1720 447 .
1744 417 1851 464 Qod
1862 419 1968 462 ipsum
1978 421 2014 455 in
2024 422 2138 457 erudi-

1248 471 1282 497 ta
1293 473 1368 497 cum
1382 461 1561 508 Acephalis
1572 463 1794 509 disputatione
1805 467 1939 513 largiter
1947 470 2047 507 docet
2058 473 2136 507 Ru-

1248 511 1347 547 sticus
1372 513 1534 556 Romanae
1558 515 1906 552 EcclefiaeDiaconus.
1934 520 2135 566 Frequenter

1247 562 1387 598 affirmat
1415 576 1484 599 non
1507 564 1658 607 tertiam,
1685 566 1738 602 sed
1751 567 1851 603 solam
1862 569 2038 606 secundam
2049 571 2133 616 Epi-

1246 611 1362 647 stolam
1382 614 1475 649 fuisse
1489 614 1606 659 Ephesi
1630 617 1879 658 canonizatam,
1902 620 1938 654 ἀ
1958 619 2015 655 dat
2027 621 2134 657 ratio-

1245 673 1321 697 nem
1334 678 1346 698 .·
1372 665 1504 706 Epistola
1523 667 1644 701 Sani‘lae
1663 674 1809 702 memoriae
1828 670 1932 708 cyrilli
1951 672 1998 704 ad
2023 671 2132 712 Nesto—

1243 717 1342 755 rium,
1370 726 1462 756 quam
1473 715 1622 758 prefinae
1638 718 1749 752 sancta
1774 720 1809 753 ὠ*
1830 719 2021 764 Universum·
2041 724 2131 761 syno-

1244 764 1301 796 dus
1313 771 1441 798 omnium
1454 764 1665 809 Episcoporum
1675 769 1945 805 interlocutionibus
1957 771 2109 807 roboravit
2121 799 2130 806 .

1244 812 1394 848 Adducit
1406 826 1559 861 magnam
1573 828 1697 862 partem
1717 819 1865 854 secundae
1889 821 2046 865 Epistolae
2058 847 2070 863 ,
2092 823 2132 857 ’δε

1243 863 1299 907 ipsi
1313 864 1473 900 datistam
1485 865 1706 912 Epigraphem
1720 893 1727 901 .
1757 868 1806 904 At
1824 870 1901 904 vero
1925 873 2021 906 tertia
2046 871 2133 916 Epi*

1242 913 1323 949 stola
1347 915 1409 950 fuit
1432 916 1566 960 quidem
1591 918 1668 956 lesia
1694 919 1894 960 &laudam
1920 932 2131 966 nequaquam

1241 971 1348 999 tamen
1362 966 1482 1002 collata
1494 979 1571 1002 cum
1593 969 1733 1005 Nicaeno
1756 969 1942 1013 Symbola,
1967 983 2030 1007 nec
2052 983 2131 1007 om·-

1241 1014 1334 1050 nium
1355 1015 1497 1053 stabilita
1518 1019 1679 1065 suffragiis
1703 1020 1737 1054 δε
1759 1020 2072 1065 subscriptionibus.

1261 1088 1264 1093 «
1290 1065 1423 1102 Etenim
1439 1068 1487 1105 ,ad
1500 1067 1600 1113 ipsam
1620 1071 1735 1105 lestam
1746 1070 1922 1107 Flavianus
1934 1070 2132 1117 Philippeu—

1240 1114 1280 1149 fis
1290 1115 1337 1151 est
1356 1118 1592 1153 interlocutus:
1612 1120 1809 1162 Tbeopemtus
1836 1123 1871 1155 ἐν
1885 1124 2019 1164 Daniel,
2045 1127 2130 1157 Reli-

1235 1164 1374 1210 giofiffimi
1384 1168 1584 1208 comministri
1605 1169 1692 1211 nostri
1705 1194 1717 1211 ‚
1741 1175 1794 1213 qui
1804 1170 1971 1214 praesentes
1992 1172 2130 1216 adsunt,

1238 1224 1391 1259 exponant
1406 1231 1447 1252 an
1457 1218 1600 1263 ejitsmodi
1610 1219 1760 1261 Epistolas
1770 1222 1962 1255 reddiderint
1972 1247 1979 1255 .
2007 1221 2131 1259 Theo-1

1239 1277 1369 1310 pemtus
1381 1268 1604 1312 Gabiniorum,
1630 1270 1754 1306 Daniel
1765 1280 1833 1306 erat
1843 1271 2021 1307 Darnenfis
2043 1274 2128 1318 Epi-

1239 1318 1376 1362 scopus,
1401 1321 1419 1354 ὲ
1432 1321 1548 1355 San&o
1559 1320 1693 1364 Cyrillo
1718 1333 1756 1356 ac
1778 1321 1848 1364 ejus
1867 1321 2006 1366 Synodo
2027 1323 2126 1359 Con-

1239 1367 1489 1416 stantinopolim
1506 1369 1650 1414 ablegati
1672 1370 1713 1404 ad
1736 1370 1896 1405 Celestini
1924 1373 2129 1420 Decretum,

1239 1418 1273 1452 δε
1296 1417 1354 1453 has
1377 1418 1476 1463 ipsius
1487 1420 1702 1464 expositorias
1727 1431 1766 1454 ac
1785 1420 1989 1456 executorias
2006 1422 2129 1458 litteras

1240 1469 1414 1504 tradendas
1434 1469 1593 1504 Nestorio
1621 1470 1656 1503 in
1678 1470 1823 1513 proprias
1843 1481 1977 1506 manus.
2005 1473 2131 1507 Conte-

1240 1518 1313 1554 stati
1325 1521 1400 1555 sunt
1412 1521 1443 1555 se
1454 1518 1620 1555 tradidisse
1630 1545 1642 1561 ‚
1667 1519 1700 1555 &
1713 1519 1945 1565 Theopemtus
1953 1521 2104 1565 adjunxit
2116 1537 2128 1557 s

1239 1572 1367 1603 Litteris
1390 1576 1516 1613 acceptis
1540 1571 1694 1612 Nestorius
1715 1570 1859 1611 constituit
1881 1572 1966 1605 nobis
1995 1597 2008 1614 ,
2033 1582 2068 1607 ut
2082 1572 2129 1617 se-

1236 1625 1340 1662 quenti
1352 1621 1400 1655 die
1405 1619 1570 1664 sermonem
1582 1631 1649 1655 cum
1668 1619 1730 1664 ipso
1740 1621 1914 1657 haberemus
1927 1647 1935 1654 .
1965 1623 2128 1658 abivimuae

1236 1681 1322 1714 orgo.
1352 1674 1392 1704 At
1407 1670 1520 1713 postero
1544 1673 1595 1706 die
1616 1670 1752 1715 reversos
1780 1684 1839 1706 non
1858 1669 1975 1714 admifit
1994 1697 2007 1714 ‚
2032 1684 2126 1717 nequo

1236 1726 1328 1753 etiam
1336 1719 1488 1764 satisfecit
1499 1723 1631 1761 litteris,
1653 1721 1710 1766 sed
1714 1722 1830 1765 publice
1844 1731 1900 1766 pro
1923 1729 2056 1758 concione
2075 1735 2129 1757 ea·

1236 1771 1305 1805 dem
1325 1783 1394 1814 quae
1415 1781 1487 1806 ante
1503 1797 1515 1814 ,
1543 1774 1578 1808 cit
1599 1772 1647 1806 his
1673 1784 1785 1816 quoque
1808 1775 1955 1808 deteriora
1979 1775 2127 1818 dogmata

1232 1819 1402 1862 proposuit.
1432 1826 1538 1864 Neque
1549 1826 1620 1856 vero
1638 1821 1734 1866 filiam
1753 1832 1824 1858 ante
1846 1824 1986 1858 redditas
2006 1826 2126 1858 litteras

1237 1868 1300 1902 baec
1320 1870 1463 1911 docebat,
1484 1870 1544 1914 sed
1559 1874 1649 1904 multo
1669 1874 1793 1913 pejora,
1815 1873 1969 1914 postquam
1987 1879 2100 1915 accepit
2112 1897 2126 1914 ‚

1238 1920 1353 1960 docuit,
1380 1922 1415 1953 ὃ·
1437 1918 1527 1963 usque
1538 1920 1623 1954 bodie
1645 1922 1746 1956 docere
1758 1933 1816 1955 non
1836 1922 1962 1964 definit.
1989 1923 2126 1958 Horum

1237 1966 1407 2001 verborum
1419 1970 1590 2003 occasione
1600 1970 1703 2003 Fidus
1723 1972 1889 2014 Joppenlis
1911 1973 1944 2005 in
1956 1971 2124 2014 Palestina

1237 2016 1418 2060 Episcopus
1439 2019 1613 2061 Synodum
1637 2019 1769 2055 divertit
1793 2021 1833 2055 ad
1844 2021 2124 2066 disputationem,

1236 2077 1334 2109 quam
1356 2068 1391 2100 in
1415 2068 1484 2111 ipsa
1506 2067 1669 2112 Ephefina
1694 2071 1828 2105 civitate
1851 2071 2024 2106 Nestorius
2046 2082 2125 2107 cum

1235 2114 1420 2152 Theodoto
1446 2117 1590 2162 Ancyra:
1611 2119 1777 2165 Episcopo
1803 2146 1815 2162 ,
1849 2122 1958 2165 primae
1983 2123 2125 2157 Galatiae

1233 2165 1450 2210 Metropolita
1463 2192 1474 2209 ,
1486 2168 1522 2203 &
1531 2180 1607 2203 cum
1621 2169 1747 2205 Acacio
1759 2170 1925 2207 Melitinae
1938 2172 2123 2217 Episcopo,

1234 2216 1452 2261 Metropolita
1475 2218 1623 2254 secundae
1639 2220 1827 2262 Armeniae,
1855 2220 2041 2266 blaspheme
2059 2221 2123 2256 ha·-

1234 2265 1367 2308 buerat,
1394 2279 1494 2313 atque
1513 2271 1558 2303 ita
1573 2269 1792 2305 demonstrare
1804 2272 1903 2315 coepit
1927 2271 2124 2307 Nestorium

1231 2317 1333 2351 etiam
1345 2317 1415 2361 post
1429 2328 1564 2363 accepta
1586 2318 1744 2354 Celestini
1757 2321 1899 2356 Decreta
1922 2332 1993 2356 non
2013 2322 2123 2357 solum

1233 2366 1526 2412 Constantinopoli
1548 2394 1560 2411 ‚
1586 2370 1640 2404 sed
1665 2371 1698 2404 δε
1717 2371 1753 2404 in
1776 2371 1843 2415 ipsa
1868 2370 2000 2415 Epheso
2022 2371 2123 2406 blate-

1232 2417 1310 2450 rasse
1321 2418 1453 2460 pejora,
1474 2428 1572 2462 atque
1584 2420 1630 2453 ita
1642 2420 1750 2462 palam
1761 2419 1909 2454 incidisse
1923 2422 1958 2454 in
1981 2421 2081 2455 latam
2102 2422 2123 2455 ὲ

1233 2466 1403 2501 Celestino
1414 2467 1626 2502 sententiam.
1656 2469 1737 2503 Hoc
1761 2471 1928 2512 prosecuta
1953 2469 1998 2504 est
2016 2471 2124 2514 Syno-

1231 2514 1292 2550 dus
1313 2541 1325 2557 ,
1351 2517 1387 2550 &
1407 2517 1533 2551 nullam
1554 2517 1708 2559 deinceps
1734 2518 1813 2552 fecit
1839 2519 2047 2553 mentionem
2075 2520 2119 2554 de

1230 2565 1406 2599 duodecim
1429 2565 1610 2608 Capitulis.
1640 2565 1787 2600 Proinde
1810 2568 2013 2611 quicumque
2029 2568 2119 2603 dixe-

1230 2623 1308 2648 runt
1322 2613 1504 2657 Epistulam
1517 2613 1634 2658 Ephesi
1646 2615 1874 2650 confirmatam
1886 2641 1897 2657 ‚
1925 2618 2029 2652 locuti
2042 2619 2117 2652 sunt

1228 2662 1270 2698 de
1289 2662 1541 2699 confirmatione
1563 2675 1616 2708 per
1627 2664 1805 2708 simplicem
1827 2666 1981 2709 laudem,
2007 2679 2046 2702 ac
2069 2669 2119 2702 in-

1230 2713 1402 2747 sertionem
1428 2714 1463 2748 in
1490 2712 1574 2748 Asta
1593 2739 1600 2747 .
1628 2715 1765 2750 Interim
1790 2725 1857 2750 erat
1884 2728 1954 2751 non
1980 2717 2116 2753 modica

1228 2763 1439 2798 confirmatio
1449 2789 1457 2797 .
1485 2764 1619 2798 Etenim
1630 2774 1760 2809 propter
1773 2766 1873 2809 ipsam
1886 2767 2028 2811 Ioannes
2046 2767 2117 2802 An-

1228 2812 1402 2848 tiochenus
1421 2813 1602 2859 Episcopus
1623 2816 1817 2860 praesumpsit
1849 2827 1986 2854 omnem
2008 2818 2117 2861 Syno-

1226 2864 1309 2899 dum
1329 2866 1617 2899 excommunicare
1630 2890 1639 2898 .

1275 2913 1340 2948 Ista
1367 2914 1481 2950 omnia
1492 2916 1561 2950 adia
1573 2917 1647 2951 sunt
1659 2927 1715 2961 per
1727 2917 1911 2952 Primatum
1934 2917 2115 2962 Episcopo·

1225 2975 1297 2999 rum
1308 2963 1502 3000 industriam
1527 2976 1565 2999 ac
1579 2977 1679 3002 artem
1696 2992 1703 3000 .
1733 2968 1869 3002 Etenim
1881 2968 1929 3001 uti
1941 2969 2113 3003 confirma-

1224 3025 1280 3055 te,
1303 3014 1349 3048 ita
1375 3015 1607 3059 &improbare
1620 3018 1798 3054 noluerunt
1809 3018 2014 3062 Epist-olam:
2042 3019 2116 3054 No·

1225 3064 1353 3100 luerunt
1364 3064 1517 3099 Sanstum
1530 3066 1697 3109 Cyrillum
1709 3068 1898 3103 contristare
1909 3093 1920 3108 ,
1946 3080 2008 3103 nec
2031 3069 2114 3104 item

1223 3114 1521 3157 contrairejudicio
1531 3116 1691 3155 Romanae
1702 3119 1866 3153 Ecclesia.
1893 3118 1988 3153 Hinc
2008 3118 2041 3152 se
2062 3118 2112 3153 di·

1224 3175 1388 3199 verterunt
1409 3165 1450 3199 ad
1461 3166 1544 3199 alia.
1572 3168 1674 3202 Haud
1694 3168 1794 3203 dubie
1806 3181 1876 3204 non
1899 3169 1967 3202 fine
1987 3168 2107 3203 causis.

1224 3214 1262 3248 In
1284 3215 1347 3249 suis
1367 3214 1409 3248 ad
1433 3215 1579 3251 Liberati
1603 3219 1749 3254 Diaconi
1776 3218 1980 3254 Breviariurn
2006 3217 2110 3252 Notis

1222 3265 1364 3309 Joannes
1377 3264 1554 3301 Garnerius
1564 3268 1695 3304 adducit
1707 3269 1793 3304 hanc
1805 3282 1818 3303 .·
1844 3266 2021 3310 Arquiteeia
2041 3273 2109 3309 qui-

1223 3316 1291 3348 dem
1303 3314 1341 3354 est
1354 3320 1442 3348 tertia
1454 3318 1556 3362 Cyrilli
1567 3320 1612 3351 ad
1624 3323 1659 3352 N
1661 3320 1793 3360 estorium
1805 3316 1938 3360 Epistola
1957 3327 2022 3350 cum
2040 3315 2109 3359 suis·

1222 3366 1376 3408 Capitulis
1387 3388 1400 3407 ‚
1425 3374 1459 3400 at
1470 3358 1653 3415 nullumfuit
1664 3372 1701 3405 de
1713 3368 1779 3416 ipsa
1789 3368 1918 3403 Parrum
1929 3368 2081 3464 judijiizem
2093 3390 2107 3409 ,

2021 3427 2034 3453 θ

1391 3536 1409 3549 d
