2320 3730
138 324 209 358 481·

607 161 915 213 senorus,
954 170 1015 200 ετ
1052 154 1243 201 'Nous
1287 162 1671 203 urusrunrffi.

230 250 290 279 nat
306 242 439 279 sanstus
451 242 592 284 Ioannes
602 239 855 283 Chrysostomus
866 239 900 275 in
913 237 1064 272 Homilia
1076 237 1116 271 de

233 292 421 328 Coemeterii
431 289 651 335 appellatione
661 292 695 326 δε
705 291 746 327 de
757 291 865 326 Cruce
876 288 1018 325 Domini
1029 299 1037 320 :
1064 289 1116 319 Dt-

228 347 300 376 vino
318 352 459 383 munere,
484 352 662 384 quocumque
683 352 720 375 ex
743 343 836 376 latere
849 341 927 375 Urbs
937 339 1033 381 nostra
1044 341 1116 371 san·

229 392 339 426 Horum
361 392 506 435 Reliquiis
525 391 723 425 circumdatur
746 417 753 424 .
779 394 875 433 Cujus
902 395 994 434 igitur
1012 392 1116 432 gratia

217 442 298 482 ibic,
323 452 382 475 non
408 447 440 475 in
463 443 525 475 alia
547 446 687 480 Martm'r
698 443 829 484 alicujus
849 438 977 480 Ecclesia
989 450 1043 471 nos
1055 448 1119 470 con-

237 496 341 527 venire
351 492 501 526 voluerunt
509 494 639 533 maJ'ores
649 490 755 532 nostri?
781 493 867 535 ,Quia
877 489 925 522 hic
941 495 1119 521 mortuorum

229 543 389 577 multitudo
393 542 452 585 fita
459 542 506 583 est.
534 546 610 577 Cum
620 547 711 587 igitur
719 541 805 576 hodie*
815 541 859 573 ad
867 543 995 573 Mortuos
1006 533 1118 579 descen-

230 594 333 633 derit,
359 605 396 627 ea
417 594 455 626 de
477 591 564 636 causa
573 592 622 626 bic
638 593 817 636 colligimur.
844 589 890 623 Ob
910 590 945 622 id
954 592 1046 623 etiam
1057 584 1120 629 ipse

229 644 305 676 locus
326 646 530 676 caemeterium
550 646 718 676 nominatus
741 640 801 681 est:
827 647 862 674 ut
872 637 971 681 disim-
989 644 1116 671 mortuos

229 694 320 727 &eos
330 698 381 736 qui
391 690 597 736 hicfitisunt,
624 703 683 726 non
697 694 825 725 Mortuos
842 713 855 731 ,
879 686 934 733 sed
938 687 1039 733 somno
1053 698 1122 720 con·

223 741 336 786 sopitos
352 744 405 786 effe
426 768 436 783 ,
465 745 500 778 er
520 744 646 777 dormire
661 765 671 774 .
700 741 812 776 Docet
837 740 924 774 varia
946 763 953 771 .
978 736 1093 771 Primo
1109 759 1121 777 ‚

228 792 320 838 quod
340 793 375 827 in
398 791 618 828 Antiocheno
632 790 826 827 Suburbano
849 789 934 825 inter
946 789 1031 824 varia
1042 789 1119 823 Sau-

227 843 356 877 erorum
379 842 541 887 Martyria
561 842 659 877 fuerit
675 852 780 878 unum
790 840 915 876 habens
933 838 1119 883 adjunctum

225 893 341 926 locum
370 890 563 926 Christianae
581 891 758 937 Sepulturae
781 916 788 925 .
831 887 1006 930 Secundo,
1029 882 1118 942 (19οἁ

225 940 411 978 Christiani
457 941 517 976 ista
552 941 626 979 loca
670 941 839 986 appellant
884 942 1082 975 Coemeteria
1107 958 1118 988 3

226 991 262 1025 id
288 992 334 1027 est
355 1017 367 1033 ‚
402 991 595 1026 dormitoria
614 1013 627 1029 ,
659 989 702 1024 ed
729 990 820 1033 quod
850 987 952 1023 nostri
989 985 1118 1022 Mortui

226 1052 296 1075 non
308 1042 370 1074 sint
381 1040 504 1082 mortui
517 1062 529 1078 ‚
555 1038 609 1072 sed
620 1037 830 1073 solummodo
840 1035 1012 1073 dormiant
1026 1062 1035 1070 .
1062 1035 1119 1070 Ob

225 1098 347 1125 certam
359 1088 449 1131 spem
461 1088 718 1123 Resurrefflonis
729 1113 736 1120 .
763 1087 908 1129 Tertio,
930 1086 1019 1131 quod
1028 1096 1122 1131 quot·

225 1139 323 1173 annis
332 1139 411 1174 feria
423 1139 512 1172 sexta
523 1139 639 1172 Sancta
649 1138 726 1172 esset
736 1137 891 1172 solemnis
909 1137 1015 1172 Statio
1026 1160 1038 1177 ,
1064 1137 1118 1171 seu

224 1188 378 1223 Collesta
399 1187 505 1222 fidelis
526 1186 669 1231 Populi.
696 1186 853 1235 Qarto,
879 1187 968 1232 quod
988 1186 1047 1221 ista
1060 1185 1120 1221 sta·

225 1238 276 1274 aio
305 1239 345 1272 sit
371 1239 508 1282 antiqua
534 1237 703 1281 Majorum
735 1237 902 1272 institutio
924 1262 933 1271 .
961 1235 1119 1283 Qinto,

224 1287 316 1333 quod
337 1287 396 1323 ista
417 1286 586 1323 institutio
607 1288 646 1323 sit
672 1286 861 1323 restiffima.
888 1287 955 1322 Isto
979 1297 1120 1331 namque

218 1337 282 1374 >die
299 1336 450 1373 Christus
470 1338 641 1374 Dominus
661 1338 708 1372 est
729 1346 878 1374 mortuus
894 1348 954 1382 pro
964 1337 1120 1373 omnibus

225 1387 368 1423 mortuis
378 1412 390 1428 ,
416 1388 451 1422 ὅ(
472 1388 557 1432 ipsos
567 1388 751 1424 visitaturus
764 1400 802 1423 ac
813 1389 1056 1424 resuscitaturus
1066 1388 1120 1423 de-

226 1437 354 1473 scendit
364 1436 406 1471 ad
416 1437 563 1479 inferos,
591 1439 624 1474 &
648 1439 775 1474 cunctis
786 1438 941 1483 deinceps
951 1438 1120 1474 morituris

226 1487 370 1523 eandem
388 1488 477 1532 spem
496 1489 618 1523 meruit
638 1490 671 1523 &
695 1489 807 1524 dedit.
835 1490 929 1523 Hinc
949 1487 1120 1535 igiturista

225 1539 284 1573 die
294 1537 393 1574 fiebat
406 1537 542 1572 isticilla
554 1538 660 1573 Statio
669 1563 681 1579 ,
710 1539 744 1573 &
756 1539 938 1582 Episcopus
949 1563 961 1579 ‚
986 1548 1044 1572 aut
1053 1538 1121 1579 ejus

221 1587 404 1631 Presbyter
418 1587 559 1622 habebat
581 1587 762 1621 solemnem
780 1589 975 1622 Sermonem
994 1587 1036 1621 de
1049 1587 1122 1621 Pas-

222 1637 315 1671 {ione
347 1637 492 1672 Domini
516 1662 522 1669 .
548 1636 636 1670 Eum
663 1635 781 1671 habuit
815 1638 948 1671 Sanetus
979 1637 1123 1681 Joannes

222 1684 485 1730 chrysostomus
494 1712 501 1719 .
529 1686 612 1720 Item
623 1687 657 1721 &
671 1685 839 1721 Macedon
850 1686 1024 1729 Presbyter
1036 1713 1046 1729 ‚
1073 1689 1123 1722 vir

222 1736 402 1782 :insigniter
413 1734 633 1772 orthodoxus
645 1762 652 1768 .
674 1737 768 1771 Hinc
777 1737 867 1771 enim
879 1736 1030 1772 adversus
1040 1740 1124 1782 gras-

223 1788 353 1822 santem
375 1797 456 1822 tunc
477 1787 511 1820 in
535 1787 629 1822 omni
647 1786 812 1822 Orientali
823 1787 962 1822 Dioecesi
979 1787 1122 1831 blasphe-

224 1838 333 1872 miam
354 1837 500 1872 Nestorii
533 1837 769 1871 demonstravit
802 1836 1006 1872 benedictam
1030 1838 1121 1872 illam

225 1885 416 1922 Passionem
440 1897 509 1922 non
531 1887 624 1921 fuisse
644 1887 717 1931 puri
738 1884 884 1921 hominis
904 1912 916 1928 ‚
950 1887 1004 1922 sed
1028 1888 1122 1932 ipsius

223 1936 298 1970 'Dei
321 1935 425 1970 Verbi
447 1950 459 1971 .·
497 1936 629 1982 Utique
654 1937 688 1971 in
712 1938 869 1981 assumpta
888 1937 929 1972 ad
957 1938 1121 1982 propriam

225 1986 445 2029 Hypostasim
456 1987 564 2021 Carne
575 2012 582 2019 .
610 1986 704 2022 Hinc
717 1986 908 2022 Alexander
927 1987 959 2022 ei
979 1999 1020 2022 ex
1034 1988 1120 2023 calu-

223 2036 359 2070 mniosa
371 2037 552 2080 suspicione
565 2037 708 2081 imponit
720 2061 732 2077 ‚
743 2038 835 2079 quod
846 2036 1120 2073 Deo-Paffianam

227 2086 386 2119 Haeresim
414 2087 522 2128 aperte
559 2086 735 2129 praedicarit
756 2110 764 2117 .
793 2086 838 2118 Et
863 2086 943 2120 hinc
964 2085 1121 2119 discimus

227 2145 358 2179 tempus
370 2135 531 2179 praesentis
544 2134 697 2178 Epistolae
709 2160 717 2167 .
746 2135 825 2169 Fuit
847 2136 964 2179 scripta
975 2135 1046 2179 post
1059 2135 1121 2171 Pa-

226 2183 305 2219 fcha
317 2208 328 2224 ,
353 2197 444 2219 anno
456 2185 621 2227 trigesimo
631 2185 729 2218 tertio
754 2185 845 2218 istius
856 2185 958 2218 saeculi
973 2209 981 2217 .

278 2233 406 2269 Eadem
429 2233 476 2267 est
503 2233 588 2268 ratio
601 2232 643 2267 de
655 2232 810 2266 Antonio
825 2256 836 2272 ,
862 2232 1032 2267 Chalcidis
1044 2235 1120 2277 Epi-

227 2285 349 2327 scopo.
374 2285 459 2331 Qo
479 2291 591 2317 tamen
614 2283 670 2317 die
691 2280 910 2326 praedicaverit
935 2306 946 2322 ‚
975 2283 1096 2326 ignoro
1111 2307 1119 2315 .

227 2333 337 2368 Porro
358 2332 504 2367 succesfit
517 2331 684 2378 Apriugio
697 2356 708 2372 ‚
734 2343 801 2375 quo
812 2343 889 2366 cum
912 2332 1054 2375 Joannes
1063 2332 1109 2367 Pa

226 2379 370 2418 triarcha
391 2383 456 2417 fuit
469 2381 610 2426 Ephesi,
636 2382 687 2415 illi
707 2392 901 2426 cooperatus
921 2382 963 2416 ad
987 2384 1118 2416 omnia.

228 2434 287 2466 An
300 2443 355 2474 per
368 2441 508 2466 mortem
520 2453 531 2470 ‚
557 2443 598 2465 an
613 2442 670 2474 per
680 2430 952 2476 degradationem
966 2429 1120 2475 deposue-

228 2483 274 2517 rit
284 2482 519 2525 Episcopatum
533 2505 544 2523 ,
570 2481 670 2515 etiam
692 2481 831 2526 ignoro.
859 2480 1034 2528 Qidquid
1059 2482 1120 2524 fit,

228 2532 367 2576 praesens
392 2532 528 2575 epistola
552 2530 755 2565 demonstrat
777 2532 1119 2567 SuccessoremAnto·

228 2581 326 2616 nium
344 2581 439 2616 fuisse
458 2580 629 2626 insigniter
651 2579 865 2615 Catholicum
886 2606 894 2613 .
923 2582 1034 2616 Etiam
1054 2582 1119 2625 ipse

229 2643 302 2666 non
320 2630 379 2665 diu
408 2631 494 2665 vixit
514 2652 523 2664 .
548 2630 630 2672 Ejus
649 2632 740 2664 enim
762 2631 928 2665 Successor
952 2632 1118 2666 Romulus

229 2681 337 2715 adfuit
347 2679 609 2716 Chalcedonenfi
636 2679 810 2715 Concilio.
837 2680 978 2715 Praesens
992 2682 1119 2725 Episto-

229 2731 263 2765 la
292 2730 436 2765 secundo
461 2730 561 2764 docet
584 2738 648 2763 tres
670 2730 748 2764 istos
772 2730 963 2765 Monachos
989 2733 1119 2767 summae

230 2780 328 2815 fuisse
344 2778 554 2814 authoritatis
565 2790 620 2823 pet
632 2780 836 2815 Orientalem
849 2782 1026 2816 Ecclesiam
1037 2808 1045 2815 .
1073 2783 1117 2816 Et

231 2829 388 2864 videntur
407 2830 508 2865 tantis
528 2829 707 2864 coruscasse
726 2830 890 2866 miraculis
913 2857 924 2873 ‚
951 2842 987 2866 ut
1016 2833 1117 2868 etiam

230 2880 424 2915 suscitarent
445 2890 592 2914 mortuos
606 2903 613 2911 .
639 2879 830 2916 Subnexum
852 2882 1012 2917 Scholion
1034 2883 1116 2918 dicit

230 2941 326 2966 vera.
354 2929 591 2965 Theodoretus
602 2926 714 2970 enirn',
740 2930 1114 2968 licetNestoriidamna·

229 2980 360 3014 tionem
380 2981 551 3015 admittere
575 3005 587 3023 ,
613 2992 651 3016 ac
671 2980 739 3023 ejus
759 2980 937 3018 doctrinam
985 2984 1115 3020 anathe-

232 3029 386 3064 matizare
396 3041 450 3073 per
459 3030 581 3066 multos
602 3042 708 3065 annos
731 3032 904 3074 recusarit,
933 3035 1055 3078 semper
1070 3045 1115 3069 ta-

233 3090 312 3114 men
323 3078 450 3114 admisit
471 3092 586 3124 pacem
607 3080 902 3126 &pacificatoriam
926 3084 1033 3120 Sane‘ii
1049 3085 1113 3130 Cy·

231 3129 302 3165 silli
312 3129 483 3174 epistolam
500 3155 508 3163 .

1892 175 1981 218 311

1331 311 1371 355 C
1383 311 1426 356 A
1438 309 1473 354 P
1487 308 1536 363 U
1550 305 1592 355 T
1628 310 1873 359 CXLVIII.
1910 331 1982 362 --2
1994 324 2056 375 36·

1182 444 1351 514 Epistola
1397 482 1411 506 ,
1461 448 1606 513 inquit
1640 450 1849 508 Irenaeus‚
1885 448 1936 494 ad
1982 456 2060 499 Deo

1250 514 1531 584 Amiciſjimum
1601 514 1828 584 Epifiopum
1889 516 2060 567 Alexan-

1251 587 1361 634 drum
1392 624 1404 650 ,
1441 606 1556 654 quam
1593 586 1897 637 Theodoretus
1931 586 2060 653 rescri-

1244 658 1348 726 pfit‚
1373 655 1616 725 fingm'ficans
1642 662 1696 720 ei,
1732 657 1828 727 quod
1853 656 1980 725 legerit
2004 657 2061 705 di-

1253 726 1374 775 reZZas
1388 729 1467 795 fibi
1499 728 1734 789 conditiones,
1769 732 1953 778 &unam
1975 745 2064 776 tan-

1253 812 1367 864 quam
1402 797 1523 846 minas
1546 797 1593 867 fi'
1636 801 1716 847 bene
1751 796 1941 847 habentem
1976 816 2065 849 non

1246 869 1469 938 probaverit
1479 905 1493 919 .

1267 988 1380 1033 Egens
1393 999 1455 1022 tuae
1467 989 1653 1024 Sanstitatis
1663 989 1844 1033 Epistolam
1855 1014 1865 1030 ,
1893 990 2068 1035 inspiciens

1292 1037 1370 1074 vero
1392 1039 1428 1074 &
1449 1038 1511 1073 tria
1529 1039 1744 1081 exemplaria,
1770 1039 1876 1084 magis
1896 1040 1977 1075 illud
1999 1042 2069 1076 sine

1185 1087 1323 1123 nomine
1347 1087 1523 1132 approbavi
1546 1114 1554 1123 .
1582 1089 1737 1123 Duorum
1760 1098 1901 1131 namque
1920 1090 2069 1132 priorum

1185 1149 1289 1173 unum
1300 1138 1434 1182 quidem
1444 1138 1578 1181 simplex
1590 1147 1659 1172 erat
1670 1162 1682 1178 ,
1707 1137 1843 1171 alterum
1854 1136 1933 1173 vero
1953 1137 2072 1173 intem-

1186 1187 1293 1233 perate
1306 1188 1422 1224 ardeus
1434 1213 1441 1221 .
1467 1187 1559 1223 Bene
1570 1198 1679 1223 autem
1701 1188 1734 1223 se
1744 1185 1870 1222 hahens
1891 1186 1975 1223 mihi
1986 1188 2071 1222 illud

1184 1239 1231 1274 est
1242 1239 1347 1273 visum
1358 1263 1370 1283 ,
1397 1238 1474 1282 quia
1496 1239 1531 1272 &
1540 1236 1846 1273 condescensionem
1857 1248 1933 1273 cum
1945 1239 2071 1273 mensu-

1185 1300 1219 1324 ra
1231 1287 1369 1330 habuit,
1394 1287 1596 1324 &acribiam
1618 1287 1836 1324 laudabilem.
1864 1287 2072 1323 Continebat

1184 1339 1294 1379 enim,
1319 1338 1654 1375 utintenderemusin
1670 1339 1724 1374 illa
1736 1338 1918 1383 synodica,
1944 1339 2073 1383 &quae-

1185 1401 1327 1424 reremus
1345 1390 1370 1424 si
1388 1388 1588 1434 superfluum
1608 1387 1695 1424 nihil
1714 1388 1874 1424 haberent
1887 1414 1898 1432 ,
1923 1388 1958 1424 &
1980 1390 2072 1423 restas

1185 1440 1263 1474 fidei
1272 1441 1492 1475 consonarent
1501 1465 1513 1482 ,
1540 1440 1734 1484 nullumque
1746 1438 1903 1475 haberent
1914 1439 2074 1474 assensum

1186 1490 1227 1525 ad
1238 1501 1274 1524 ea
1286 1515 1297 1531 ,
1326 1502 1397 1533 quae
1407 1489 1525 1534 Ephesi
1536 1489 1621 1525 male
1634 1491 1708 1525 sunt
1730 1490 1835 1535 gesta.
1867 1490 1910 1524 Et
1931 1488 2073 1532 suscipe·-

1186 1551 1296 1575 rentur
1320 1551 1378 1583 pro
1392 1540 1539 1575 Ecclesia:
1558 1552 1654 1584 pace.
1680 1539 1847 1581 Alioquin
1863 1538 2075 1573 omnimodo

1186 1589 1357 1634 fugiantur
1367 1599 1466 1634 atque
1479 1591 1679 1625 refutentur.
1707 1589 1874 1632 Dignetur
1884 1588 1986 1633 igitur
1996 1590 2076 1622 San-

1186 1640 1279 1674 &itas
1303 1648 1378 1679 tua,
1401 1650 1439 1674 ut
1462 1641 1485 1674 si
1512 1639 1554 1674 ab
1564 1639 1705 1675 Oriente
1725 1636 1901 1677 redierint,
1927 1637 1983 1681 qui
2007 1635 2076 1671 haec

1187 1691 1253 1733 ipsa
1275 1689 1450 1734 deportant
1471 1714 1482 1731 ,
1509 1688 1663 1734 inspicias
1681 1688 1715 1723 δε
1739 1698 1860 1732 quaeras
1880 1712 1891 1728 ,
1918 1689 1953 1722 ὅ(
1979 1686 2076 1721 nobis

1187 1740 1275 1784 quod
1291 1750 1403 1774 verum
1424 1740 1460 1774 sit
1479 1739 1665 1774 innotescat
1682 1763 1690 1771 .
1720 1739 1797 1783 Ego
1816 1738 1908 1772 enim
1928 1748 2078 1772 murmur

1186 1790 1295 1825 audivi
1307 1815 1318 1830 ,
1344 1789 1437 1833 quod
1449 1790 1476 1823 is
1488 1789 1544 1832 qui
1555 1799 1645 1823 nunc
1654 1787 1802 1822 obtinuit
1813 1788 1930 1821 Sedem
1944 1813 1954 1829 ‚
1966 1786 2076 1822 ortho-

1188 1839 1277 1874 doxe
1298 1838 1396 1873 docet
1409 1861 1417 1872 .
1444 1838 1489 1872 Et
1501 1838 1616 1873 docuit
1638 1836 1716 1872 vero
1735 1848 1790 1872 me
1802 1835 1866 1872 hoc
1887 1848 1941 1880 per
1953 1837 2077 1871 litteras

1185 1889 1268 1924 clare
1279 1888 1448 1924 Dominus
1459 1899 1551 1922 meus
1572 1887 1788 1923 Sanctiffimus
1801 1911 1812 1928 ‚
1840 1888 1874 1922 ἀ
1892 1888 1970 1922 Deo
1982 1887 2079 1922 Ami-

1185 1940 1328 1974 cissimus
1352 1939 1532 1982 Episcopus
1555 1938 1752 1973 Helladius:
1780 1938 1825 1972 Et
1836 1948 1951 1972 eorum
1966 1962 1977 1978 ,
2003 1951 2076 1982 quae

1185 1989 1270 2024 mihi
1282 1989 1323 2024 ab
1340 2000 1380 2023 eo
1394 1989 1510 2031 scripta
1525 1989 1599 2022 sunt
1613 2012 1624 2028 ‚
1650 1996 1711 2021 tuae
1722 1986 1892 2022 Sanstitati
1903 1988 2076 2030 Rescripta

1185 2038 1344 2072 transmisi
1356 2062 1364 2071 .
1395 2037 1527 2070 Direxit
1535 2036 1610 2070 vero
1621 2037 1706 2070 mihi
1726 2036 1933 2079 &exemplar
1946 2035 2077 2079 Episto-

1184 2088 1218 2121 1ae
1229 2087 1373 2120 Domini
1397 2086 1463 2120 mei
1486 2086 1679 2120 Sanstiffitni
1693 2108 1703 2126 ,
1730 2085 1851 2120 &Deo
1872 2085 2074 2122 Amiciffimi

1187 2138 1339 2181 Episcopi
1352 2134 1504 2170 Eutherii
1519 2161 1530 2176 ,
1556 2134 1695 2170 eandem
1707 2136 1862 2170 virtutem
1873 2136 2051 2171 continens
2065 2164 2072 2170 .

1184 2187 1285 2230 Rogo
1297 2187 1397 2228 igitur
1418 2186 1630 2218 Sanctitatem
1651 2194 1761 2223 tuam,
1790 2195 1826 2217 ut
1851 2186 1963 2228 legens
1983 2185 2075 2227 haec,

1183 2237 1265 2268 ficut
1287 2234 1327 2267 de
1340 2233 1422 2266 reela
1435 2232 1519 2271 fide,
1544 2232 1587 2265 sic
1607 2232 1642 2266 &
1653 2231 1694 2265 de
1707 2231 1924 2268 Ecclesiarum
1944 2236 2073 2280 cogites

1187 2293 1264 2327 pace
1280 2307 1291 2323 ‚
1317 2293 1389 2325 quae
1407 2279 1584 2315 secundum
1612 2281 1782 2316 veritatem
1803 2283 1902 2318 nimis
1921 2296 2072 2320 commo-

1185 2343 1323 2371 ventur,
1347 2333 1382 2366 &
1402 2332 1477 2366 fasti
1503 2333 1612 2365 sumus
1630 2332 1782 2366 universo
1801 2332 1931 2377 Populo
1952 2334 2073 2368 ridicu-

1185 2383 1254 2417 lum
1265 2408 1272 2416 .
1299 2381 1334 2416 Si
1346 2391 1455 2416 aurem
1466 2391 1528 2416 tuae
1539 2382 1707 2417 sanctitati
1728 2381 1879 2425 videtur,
1906 2393 1942 2417 ut
1955 2384 2072 2419 condi-

1186 2434 1291 2466 tiones
1302 2431 1507 2466 Antiocheni
1519 2443 1578 2475 pro
1588 2443 1666 2475 pace
1677 2433 1885 2476 suscipiamus
1897 2433 2045 2468 Ecclefiae
2053 2459 2065 2474 ,

1184 2494 1219 2517 ut
1229 2482 1366 2516 exclusis
1377 2481 1448 2523 his,
1475 2483 1531 2525 qui
1551 2481 1593 2515 ab
1613 2493 1653 2516 eo
1674 2482 1788 2526 inique
1812 2485 1886 2516 sunt
1902 2483 2066 2522 ordinati,

1186 2534 1263 2567 foris
1277 2532 1319 2566 ab
1332 2531 1515 2566 Antiochia
1526 2532 1753 2576 colloquamur
1762 2558 1773 2574 ,
1798 2534 1831 2567 δε
1844 2532 1907 2568 hoc
1918 2534 2018 2568 facies
2028 2532 2067 2566 si-

1184 2594 1239 2617 cut
1250 2593 1340 2616 tuam
1352 2582 1443 2616 decet
1454 2582 1713 2626 Religiositatem
1723 2606 1731 2614 .
1759 2583 1843 2618 Nou
1853 2593 1961 2618 autem
1972 2594 2065 2618 tuam

1184 2634 1282 2669 lateat
1298 2632 1530 2672 Sanitatem,
1556 2632 1633 2676 quia
1654 2633 1689 2666 ὅ(
1710 2644 1775 2677 ego
1794 2633 2000 2668 Antiocheni
2022 2633 2065 2668 ad

1183 2683 1364 2717 Piiffimum
1379 2681 1565 2725 Principem
1587 2682 1708 2716 litteras
1718 2683 1852 2727 legens,
1879 2683 1972 2717 valde
1991 2694 2064 2718 mea

1183 2734 1290 2768 anima
1301 2731 1426 2767 doluit:
1453 2733 1543 2778 Qia
1561 2732 1730 2766 evidenter
1754 2733 1853 2774 novi,
1880 2733 1969 2777 quod
1981 2733 2066 2767 Scri-

1181 2793 1256 2828 ptor
1268 2784 1337 2826 ejus
1349 2807 1359 2823 ‚
1385 2781 1471 2816 idem
1498 2783 1660 2823 sentiens,
1686 2783 1806 2826 absque
1823 2783 1949 2825 judicio
1969 2783 2060 2825 &ju-

1181 2835 1266 2869 stitia
1288 2832 1520 2867 condemnavit
1541 2843 1617 2866 eum
1631 2857 1641 2872 ,
1668 2833 1724 2876 qui
1745 2831 1830 2865 nihil
1848 2832 1978 2866 noviter
1989 2831 2058 2874 ejus

1178 2885 1359 2919 dostrinam
1379 2882 1494 2916 docuit
1521 2906 1528 2914 .
1565 2881 1866 2916 Anathematismus
1887 2881 1963 2915 vero
1986 2881 2057 2916 illic

1178 2935 1312 2969 insertus
1325 2933 1485 2967 sufficiens
1495 2932 1539 2965 est
1548 2932 1680 2975 quidem
1695 2931 1765 2974 plus
1787 2929 1868 2965 &ab
1881 2930 1949 2973 ipso
1973 2931 2057 2975 deje-

1178 2985 1296 3019 stionis
1315 2983 1437 3018 assensu
1457 2981 1639 3026 perturbare
1659 2981 1824 3026 legentem
1847 3006 1853 3013 .
1882 2980 2057 3015 Verumta-

1177 3046 1252 3070 men
1270 3046 1337 3068 non
1353 3032 1547 3072 indefinite,
1573 3031 1627 3065 sed
1648 3042 1724 3064 cum
1744 3031 1885 3073 quadam
1906 3031 2057 3066 determi-

1178 3085 1311 3120 natione
1322 3085 1440 3128 positus
1451 3082 1615 3118 modicam
1628 3080 1793 3124 quandam
1814 3080 1930 3124 praebet
1941 3083 2058 3116 conso-

1177 3136 1333 3170 lationem
1357 3160 1364 3167 .
1391 3134 1473 3168 Non
1495 3132 1584 3166 enim
1610 3131 1696 3165 dixit
1717 3144 1725 3164 :
1753 3130 2053 3166 anathematizamus

1176 3188 1238 3227 ejus
1250 3185 1417 3219 doc‘lrlnam
1431 3208 1441 3224 ‚
1467 3182 1519 3216 sed
1532 3184 1737 3224 ,Quaecumque
1746 3180 1786 3214 ab
1810 3193 1841 3215 eo
1850 3182 1946 3216 altene·
1959 3207 1970 3222 ,
1992 3180 2053 3223 five

1176 3247 1349 3279 quocumque
1365 3235 1448 3266 modo
1460 3233 1541 3266 dicia
1552 3233 1604 3266 vel
1607 3230 1696 3275 sensa
1712 3230 1785 3277 sunt
1792 3240 1907 3274 praeter
1919 3232 2053 3274 Apostoli-

1177 3298 1240 3320 cam
1258 3286 1422 3320 dofflrinam
1439 3308 1447 3314 .
1474 3282 1548 3327 Ego
1570 3281 1700 3326 quidem
1721 3283 1898 3327 praesumpsi
1918 3293 2030 3326 rogare
2043 3306 2053 3320 ‚

1178 3347 1238 3371 tuae
1257 3336 1334 3371 vero
1356 3332 1574 3378 sitSapientiae
1596 3333 1629 3368 δε
1643 3335 1830 3378 pertrastare
1850 3333 2054 3415 quoddexpe·

1961 3391 2006 3421 it,
