2320 3730
586 209 896 270 Scaurus,
933 226 994 258 ετ
1029 206 1220 260 Nous
1256 217 1641 258 irtnsrnmffi.

1839 230 1932 278 147

188 306 335 343 “prorum
351 294 500 330 bominum
525 318 536 335 ‚
560 297 598 330 de
619 296 682 338 istis
707 295 872 334 occasionem
894 294 1036 338 assumens
1049 315 1058 331 ‚
1120 303 1157 326 ac
1179 292 1315 337 exponit
1336 293 1481 336 praefatus
1502 293 1694 328 Facundus.
1721 293 1803 331 Eam
1822 299 1990 340 praesertim

154 390 157 393 χ
189 360 248 386 non
267 344 458 389 confessorem
484 354 658 387 vocaverit,
684 349 777 383 veluti
792 340 911 387 propter
933 339 1057 384 illapas·

185 397 253 442 sum
268 396 441 441 quaepaffus
467 396 506 437 est
518 423 528 438 ‚
553 409 619 439 quae
635 397 778 440 etiumilll
788 421 799 436 ,
825 402 877 436 qut
888 399 920 426 in
935 390 1062 430 Ecclesia

181 443 356 489 fidserunt‚
377 449 452 489 paffi
468 446 564 490 sunt?
589 450 670 490 ,Quis
690 455 788 480 autem
802 453 928 477 mentem
952 442 1061 478 baben-

188 499 263 530 tIum
286 495 392 540 nescit,
412 503 484 540 quia
506 510 563 537 ea,
589 508 657 538 quae
679 497 751 532 duri
773 494 902 526 dBeato
914 490 1059 524 Theodoro

188 545 349 591 diffusum
361 573 372 587 ,
398 548 553 589 necestitate
565 544 737 588 compulsus«
743 544 825 577 dixit
838 545 851 575 ?
879 540 1063 582 Proponebat

188 604 269 634 enim
290 610 356 633 eum
377 606 455 633 totus
477 603 509 631 in
526 607 674 635 commune
684 599 789 628 oriens
813 597 889 625 inter
911 603 958 624 eos
977 614 987 630 ‚
1013 595 1063 633 qui

189 656 263 682 ante
284 660 335 681 nos
341 646 468 689 fuerunt
489 672 499 687 ,
519 647 592 690 ficut
612 651 752 680 virtutem
777 644 901 676 multam
921 641 1064 677 dollrtnae

192 697 350 733 habentem
366 699 513 735 adversus
534 694 659 739 haereses
670 718 683 734 ,
707 700 808 727 contra
827 703 903 735 quas
923 699 1063 735 pugnans

191 749 383 785 &dimicans
403 748 498 781 multa
519 747 649 790 quadam
670 742 811 785 dxvist‘one
834 741 903 785 usus
925 738 983 782 est,
1010 750 1067 773 non

192 809 233 833 ex
241 807 343 841 pravo
361 798 510 834 intelleclu
518 801 642 834 veniens
655 818 666 834 ,
686 791 743 837 sed
752 793 894 835 efficacius
906 791 1068 825 adversum

194 847 348 884 haermcos
374 849 423 882 illo
443 846 526 881 modo
538 851 583 879 un
600 845 766 886 judicans:
796 847 902 885 Neque
920 847 1069 876 unitatem

192 897 343 941 summam
363 904 501 941 ignorans
525 897 577 934 vel
591 906 702 938 negans
723 918 734 934 ,
760 892 832 935 abfit
853 918 863 933 ,
885 892 968 934 pleni
991 895 1070 924 enim

197 947 339 992 ejusmodi
352 946 423 991 sunt
436 957 534 982 omnes
559 948 624 987 ejus
635 944 705 979 libri
718 968 729 983 ‚
750 941 809 986 sed
819 951 998 976 naturarum
1004 948 1072 981 pro-

193 1004 344 1042 prietates
356 998 483 1039 amplius
496 997 639 1030 dividens
652 1018 663 1034 ,
681 992 756 1034 ficut
779 994 813 1029 (5
830 1000 935 1035 pugna
946 1015 960 1030 ‚
983 1001 1072 1032 quam

198 1049 349 1085 adversus
381 1046 532 1081 baereticae
556 1043 662 1076 habuit
686 1066 697 1082 ‚
726 1040 903 1082 faciendum
928 1039 1072 1073 difflavit.

197 1103 262 1133 Hoc
286 1099 321 1134 (⁴5
333 1105 386 1130 tua
396 1091 572 1140 Religiofitas
585 1090 772 1136 dispensavit
789 1092 892 1132 aperte*
908 1096 940 1122 in
950 1094 1076 1126 anterio-

197 1145 280 1191 rjbus
300 1146 408 1178 litteris
431 1143 538 1183 vestris
563 1144 608 1176 ad
624 1140 863 1183 satisfac‘ltonem
885 1140 1078 1181 quorumdam

197 1194 419 1231 Vener-abutum
443 1190 682 1235 coepiscoporum
705 1189 863 1231 nostrorum
883 1215 891 1222 .
928 1190 1022 1233 ,Quod
1045 1190 1080 1221 (ν

198 1245 297 1290 ipsum
331 1253 392 1278 tuae
417 1248 542 1279 virtutis
565 1267 576 1283 ,
601 1251 720 1283 tuaeque
743 1239 903 1282 sapientiae
924 1243 1081 1280 proprium

197 1297 255 1337 est.

212 1377 219 1383 ,
252 1344 400 1390 Epistola
411 1344 445 1378 in
458 1341 566 1379 Sansti
577 1339 698 1384 Cyrilli
718 1338 871 1383 operibus
883 1338 987 1374 exstat
998 1336 1084 1372 varie

27 1391 182 1427 Hbs-<24
198 1388 320 1431 vitiosa
346 1406 383 1428 ac
395 1394 510 1428 mutila
522 1415 532 1430 ,
561 1392 607 1425 ita
616 1391 790 1424 corressam
804 1389 900 1423 nobis
910 1387 1086 1423 custodivit

200 1442 379 1483 Facundus
389 1440 652 1480 Hermianenfis.
681 1439 737 1474 Est
750 1439 916 1484 insigniter
939 1437 1085 1472 erudita.

203 1497 358 1532 Affirmat
369 1494 471 1528 varia.
498 1490 634 1530 Primo,
660 1489 750 1532 quod
762 1489 846 1524 inter
864 1498 1034 1532 excerptos
1047 1499 1088 1522 ex

204 1543 380 1583 Theodoti
390 1541 482 1577 libris
497 1538 649 1576 articulos
660 1538 796 1582 quidam
806 1539 869 1572 fint
892 1539 1008 1572 incerti
1036 1539 1089 1571 seu

204 1595 336 1632 obscuri
357 1617 369 1635 ‚
396 1591 531 1637 quidam
551 1589 712 1633 aequivoci
730 1613 742 1629 ‚
782 1587 916 1631 quidam
936 1586 1027 1621 certo
1053 1598 1090 1620 ac

205 1642 381 1680 manifesto
394 1641 478 1676 veri.
507 1638 681 1680 Secunde,
707 1637 800 1681 quod
824 1638 1092 1681 aequivocorum,

204 1696 263 1730 seu
281 1702 351 1729 tam
370 1691 411 1727 ad
435 1701 568 1736 pravum
594 1698 693 1730 quam
704 1689 826 1722 testum
851 1687 979 1723 sensum
993 1685 1092 1722 ambi-

208 1743 398 1782 dextrorum
417 1766 428 1782 ,
455 1741 601 1785 plerique
621 1738 821 1782 reperiantur
845 1738 945 1773 etiam
965 1738 999 1771 in
1020 1737 1093 1771 aliis

208 1793 379 1830 Patribus.
407 1790 593 1826 EtLatinis
619 1788 805 1823 &Graecis.
834 1789 945 1823 Etiam
965 1789 1000 1821 in
1015 1787 1095 1821 Scri-

209 1845 276 1891 ptis
297 1843 443 1887 ipsorum
465 1840 586 1885 Cyrilli
614 1849 651 1872 ac
662 1838 771 1871 Procli
784 1864 794 1879 ,
819 1838 837 1871 ὲ
857 1848 997 1881 quorum
1009 1836 1090 1869 arbi-

210 1895 278 1928 trio
315 1890 478 1935 pendebat
509 1899 609 1925 omne
628 1885 693 1921 hoc
713 1889 886 1931 negotium
907 1913 914 1920 .
954 1884 1097 1926 Tertio,

213 1941 305 1987 quod
315 1940 361 1975 ob
372 1940 449 1974 istos
461 1939 616 1975 articulos
628 1948 696 1972 non
709 1934 920 1974 solummodo
945 1947 1014 1970 non
1025 1946 1098 1969 ana·

213 1991 466 2027 thematizemus
486 1988 561 2022 illos
585 1987 694 2020 Patres
706 2011 717 2026 ,
744 1987 796 2020 sed
814 1998 874 2021 nec
886 1986 971 2029 ipsos
983 1986 1099 2019 articu-

213 2043 266 2078 los
273 2066 284 2082 ,
311 2039 459 2082 adeoque
470 2037 530 2073 ista
541 2036 663 2080 justitia
672 2037 814 2073 exerceri
825 2036 943 2071 debeat
951 2037 1052 2069 etiam
1065 2035 1098 2066 in

213 2082 438 2128 Thermarum
460 2113 469 2120 .
496 2087 624 2134 Qarto
641 2111 652 2127 ,
681 2086 771 2127 quod
794 2084 884 2120 aliud
911 2083 948 2117 sit
970 2083 1100 2125 aliquos

215 2139 409 2180 orthodoxi
431 2137 589 2172 Doaoris
604 2134 759 2170 articulos
779 2132 984 2178 improbare,
1010 2131 1099 2166 aliud

215 2188 509 2229 anathematizare:
533 2185 684 2220 Primum
701 2183 896 2224 tolerabile,
923 2182 1100 2219 secundum

217 2232 265 2276 est
275 2232 383 2275 audax
407 2239 441 2271 ὅ(
463 2237 631 2279 asperum.
659 2234 703 2267 Et
715 2234 847 2277 quidem
879 2232 955 2267 licet
968 2243 1045 2275 cum
1055 2244 1103 2267 ar·

219 2289 328 2324 ticulo
350 2299 421 2324 non
451 2284 744 2322 anathematizetur
769 2285 903 2328 persona
924 2281 1103 2324 Autboris.

219 2336 376 2387 Qinto,
401 2336 491 2381 quod
513 2333 599 2371 istud
622 2336 656 2368 in
667 2333 843 2369 Theodori
866 2332 1020 2368 articulos
1032 2343 1105 2366 ana-

221 2388 333 2426 thema
347 2389 494 2422 futurum
506 2386 545 2419 fit
561 2384 719 2419 Nestorio
741 2394 830 2426 tunc*
840 2382 947 2417 adhuc
959 2382 1081 2416 viventi
1095 2404 1106 2420 ,

222 2449 261 2472 ac
283 2437 353 2478 ejus
375 2434 591 2468 Sestatoribus
615 2433 715 2474 longe
737 2432 949 2476 gratissimum
967 2454 974 2461 .
1001 2429 1105 2475 Qod

224 2486 282 2523 ille
304 2484 345 2518 ab
358 2483 409 2519 his
420 2479 668 2526 proclamandus
692 2480 727 2513 fit
739 2480 899 2524 gloriosus
910 2479 1086 2513 confessor
1099 2490 1106 2510 ι

224 2534 360 2578 Utpote
368 2531 563 2577 degradatus
575 2541 650 2564 cum
662 2529 861 2564 authenticis
878 2528 1026 2563 Ecclefiae
1041 2529 1108 2563 Do-

224 2583 368 2622 {toribus
379 2608 391 2624 ,
410 2583 444 2616 ἃ
455 2590 586 2625 propter
597 2576 711 2613 eadem
722 2579 879 2622 dogmata
891 2603 898 2611 .
926 2578 1031 2625 Qod
1044 2578 1108 2612 Ne-

225 2634 366 2678 storiana
390 2633 457 2666 lues
480 2641 522 2665 ex
543 2629 606 2666 isto
641 2626 848 2665 anathemate
881 2628 918 2661 fit
939 2637 1108 2670 acceptura

225 2683 350 2730 grande
371 2684 577 2717 fomentum.
605 2678 728 2720 Sexto,
755 2677 845 2722 quod
867 2677 925 2711 ista
946 2678 1109 2711 variorum

227 2733 441 2773 articulorum
454 2730 672 2775 aequivocatio
692 2725 984 2766 fueritTheodoro
1007 2728 1110 2762 neces-

228 2784 310 2827 {arta
323 2807 334 2824 ,
358 2782 498 2824 ideoque
522 2781 540 2815 ὲ
563 2779 658 2817 nobis
677 2789 743 2814 non
758 2778 795 2816 fit
813 2778 999 2815 damnanda
1016 2801 1028 2818 ,
1055 2777 1109 2812 sed

219 2829 399 2878 fprobanda
411 2857 418 2868 ,.
445 2829 598 2868 Haerebat
609 2828 699 2863 enim
712 2829 795 2865 inter
813 2829 993 2866 contrarios
1015 2828 1109 2861 Erro-

230 2894 308 2924 ηας,
339 2883 424 2917 inter
444 2879 646 2924 Apollinarii
671 2889 708 2912 ac
724 2878 817 2915 Pauli
829 2878 1033 2914 Samosateni
1061 2877 1110 2910 Se-

232 2935 368 2969 &atores
388 2955 398 2973 ‚
423 2931 564 2974 ideoque
589 2930 623 2966 in
647 2929 801 2970 utrosque
825 2940 883 2972 pro
906 2928 1111 2973 Evangelico

234 2983 392 3026 dogmate
414 2981 598 3024 disceptans
607 2977 718 3015 debuit
737 2979 896 3016 sermones
906 2980 978 3015 suos
988 2978 1112 3022 dispen-

233 3033 303 3069 sare
324 3032 359 3065 in
371 3032 478 3065 multo
489 3030 632 3075 iudicio.
661 3028 824 3073 Septimo,
851 3030 940 3075 quod
953 3028 1112 3066 Theodo-

235 3091 289 3115 rus
314 3079 386 3114 istas
408 3080 694 3124 aequivocationes
703 3091 771 3114 non
789 3079 987 3124 assumpserit
999 3079 1040 3114 ad
1061 3079 1112 3112 ad-

237 3129 424 3168 struendam
436 3130 518 3167 inter
530 3129 723 3166 Dominicas
746 3140 873 3169 naturas
896 3130 1091 3165 divifionem
1103 3151 1113 3168 ,

239 3180 294 3218 [ed
308 3178 475 3219 dumtaxat
486 3178 527 3217 ad
538 3178 802 3215 demonstrandas
816 3181 956 3226 integras
979 3181 1114 3224 proprie·

239 3241 322 3265 tates
333 3230 497 3273 utriusque
509 3229 684 3264 inconfusas
695 3239 825 3268 naturae.
852 3231 954 3279 Qod
967 3231 1056 3267 enim
1076 3229 1117 3263 de

241 3280 429 3317 Dominicae
442 3277 680 3324 Incarnationis
691 3280 897 3315 Sacramento
908 3282 989 3315 resta
1001 3279 1119 3326 sapiat,

241 3330 378 3372 lucetex
394 3329 536 3372 pluribus
553 3328 622 3371 ejus
638 3327 727 3362 libris
752 3340 789 3363 ac
801 3329 1071 3374 profeffionibus..

295 3380 395 3416 Hanc
419 3379 551 3423 Joannis
564 3377 744 3421 Epistolatn
765 3380 953 3425 ampliffime
974 3379 1119 3420 extendit

344 3428 451 3470 §hrist-
465 3432 544 3472 Lupi
556 3432 655 3471 Opera
667 3431 699 3461 T.
709 3432 775 3462 711.

1122 354 1242 385 partem
1255 368 1266 386 ‚
1293 354 1364 387 quae
1375 343 1478 378 asserit
1498 345 1682 387 aequivocos
1696 366 1706 382 ‚
1731 356 1769 378 ac
1790 347 1913 387 aliquid
1936 360 1992 382 ca·-

1123 392 1304 436 co·phoniae
1325 393 1478 429 habentes
1494 393 1669 429 Theodori
1689 394 1841 427 articulos
1864 399 1995 439 reperiri

1123 441 1222 477 etiam
1236 444 1271 477 in
1283 441 1426 477 adductis
1437 443 1583 478 Ecclefiae
1595 444 1743 478 Patribus
1755 468 1761 474 .
1790 443 1998 479 Demonstra-

1126 493 1202 527 reid
1213 504 1350 527 conatur
1360 493 1504 537 pluribus
1516 495 1658 538 ipsorum
1670 493 1876 528 testimoniis.
1905 494 1999 539 Qin

1128 543 1229 577 immo
1242 543 1394 579 Rusticus
1420 556 1457 578 ac
1469 544 1670 579 Sebastianus
1681 570 1693 587 ‚
1723 542 1843 588 vigilii
1862 542 2002 576 Pontifi-

1126 594 1171 626 cis
1183 593 1373 628 Cardinales
1396 594 1559 636 Diaconi,
1586 596 1661 629 sunt
1683 594 1834 639 progreffi
1846 592 1980 626 ulterius
1993 618 2001 624 .

1128 642 1190 676 lsta
1203 643 1354 686 Capitula
1377 655 1418 678 ex
1430 644 1545 679 eodem
1562 645 1723 688 principio
1742 656 1809 678 non
1834 643 2006 678 dumtaxat

1128 691 1345 728 defenderunt
1365 715 1377 730 ,
1403 694 1453 727 sed
1477 696 1574 729 etiam
1596 699 1741 728 Damnum
1772 698 1918 732 Leonem,
1943 702 2009 724 ma-

1129 751 1232 786 gnum
1245 742 1339 775 illum
1352 740 1550 777 Pontificem
1566 769 1574 783 ,
1600 751 1633 778 in
1653 745 1799 778 Theodori
1817 742 2010 786 Mopsuosteni

1133 790 1252 829 Didiis,
1277 802 1345 832 quae
1363 799 1466 823 contra
1487 794 1597 826 reblam
1611 795 1707 836 *fidem
1726 796 1833 837 legitur·
1855 791 1988 836 scripstffi’
2001 813 2012 829 ³

1131 838 1299 884 consensum
1317 840 1494 882 praebuisse,
1520 849 1608 883 atque
1629 845 1777 889 firmaffe‚
1805 845 1877 877 dato
1899 845 2015 883 scripto

1133 893 1177 924 ad
1193 889 1464 930 Christiamffimum
1477 893 1644 931 Principem
1648 898 1678 935 J
1681 894 1856 932 uflim'anum
1871 892 1942 935 sunt
1960 887 2020 932 ausi

1135 940 1281 981 adstruere
1307 965 1312 970 .
1344 939 1502 974 Peffime.
1531 940 1630 973 Recte
1641 941 1731 973 enim
1741 942 1889 985 Vigilius
1912 942 1946 974 in
1966 941 2019 974 de-

1137 989 1324 1036 gradatorio
1337 989 1469 1023 illorum
1479 991 1622 1024 Decreto
1633 989 1809 1033 respondit:
1839 990 1912 1031 Abfit
1921 1000 2022 1033 quem-

1137 1040 1207 1078 libet
1218 1041 1337 1073 credere
1352 1039 1553 1080 Christianum
1566 1064 1576 1080 ,
1601 1041 1681 1081 quod
1700 1040 1818 1081 aliquid
1837 1040 1895 1072 tale
1909 1064 1919 1080 ,
1944 1040 2025 1081 quod

1139 1099 1242 1124 contra
1252 1088 1360 1123 tellam
1368 1090 1460 1132 fidem
1478 1092 1497 1122 ἃ
1508 1089 1635 1131 quolibet
1659 1095 1835 1122 inveniatur
1857 1088 1999 1131 scriptum
2012 1112 2024 1128 ,

1141 1141 1221 1174 illius
1234 1146 1314 1173 tant!
1327 1139 1470 1182 Praesulr's
1482 1140 1634 1173 „tanaitas
1642 1138 1805 1182 suscepisset
1816 1164 1827 1180 ,
1856 1143 1962 1181 quippe
1975 1142 2026 1178 qui

1142 1197 1174 1223 in
1184 1188 1327 1230 universis
1341 1188 1556 1233 Epistoltssuis
1584 1189 1795 1229 &Nestorium
1822 1191 1856 1223 (9
1880 1185 2024 1226 Eutyche·

1143 1249 1214 1277 ten,
1238 1241 1290 1272 vel
1306 1246 1346 1272 eis
1352 1239 1463 1281 similia
1467 1238 1644 1283 sapientes,
1666 1246 1739 1282 pari
1756 1240 1862 1283 legitur
1875 1237 2024 1281 sententia

1142 1289 1351 1332 condemnasse.
1381 1289 1442 1324 Ista
1455 1291 1621 1324 calumnia
1645 1291 1690 1324 est
1703 1302 1808 1324 unum
1827 1288 1846 1324 ὲ
1867 1288 2025 1323 facinori·-

1145 1339 1227 1379 bus‚
1253 1338 1298 1373 ob
1309 1350 1380 1382 quae
1393 1338 1541 1383 Vigilius
1572 1340 1761 1384 degradavit
1781 1341 1929 1384 praefatos
1948 1338 2029 1371 Dia-

1146 1400 1250 1426 conos
1261 1413 1268 1421 .
1296 1388 1431 1424 Interim
1443 1390 1589 1426 Facundi
1601 1391 1727 1425 affertio
1740 1415 1751 1430 ,
1776 1388 1852 1425 licet
1863 1388 1946 1423 nihil
1958 1389 2032 1421 fun÷

1148 1439 1313 1479 damenti,
1345 1437 1443 1474 habet
1453 1452 1565 1475 tamen
1587 1439 1712 1482 aliquid
1723 1440 1845 1478 coloris
1871 1448 1927 1474 aut
1947 1437 2031 1471 fuci.

1151 1490 1286 1523 Etenim
1310 1488 1351 1523 ad
1372 1490 1538 1533 Julianum
1562 1491 1777 1524 Eclanensem
1809 1490 2009 1532 Episcopum
2024 1510 2035 1526 ‚

1153 1539 1251 1572 simili
1276 1538 1425 1577 adversus
1437 1541 1610 1585 Originale
1641 1549 1814 1583 peccatum
1833 1548 1981 1573 utentem
1993 1547 2039 1569 ar-

1153 1599 1313 1633 gumento
1325 1612 1335 1628 ‚
1361 1591 1442 1625 reste
1454 1590 1539 1624 dixit
1554 1591 1689 1624 Sanetus
1702 1589 1910 1632 Augustinus
1923 1611 1934 1626 ‚
1945 1585 2037 1629 quod

1153 1639 1265 1673 Patres
1286 1664 1297 1679 ,
1325 1638 1513 1683 Pelagianis
1538 1648 1595 1672 aut
1617 1639 1688 1672 aliis
1714 1637 1874 1671 haereticis
1897 1635 2040 1672 necdum

1156 1687 1361 1733 litigantibus
1377 1713 1388 1728 ,
1415 1688 1613 1732 quandoque
1635 1688 1695 1722 fint
1724 1687 1758 1721 in
1782 1687 1846 1721 suis
1856 1686 1990 1730 Scriptis
2004 1686 2042 1722 li-

1156 1738 1262 1773 berius
1274 1750 1312 1772 ac
1326 1739 1464 1774 securius
1487 1738 1588 1772 locuti
1603 1763 1610 1770 .
1638 1738 1733 1784 Quin
1750 1736 1934 1772 patriarcha
1947 1737 2044 1779 Joan-

1159 1799 1215 1823 nes
1238 1788 1355 1824 similes
1383 1789 1502 1824 litteras
1527 1789 1627 1822 etiam
1648 1789 1688 1821 ad
1712 1788 1865 1821 Sanstum
1886 1786 2042 1820 Proclum

1160 1838 1318 1880 scripserit
1328 1860 1339 1875 ‚
1354 1848 1421 1870 non
1436 1838 1481 1870 est
1493 1837 1711 1871 dubitandum
1726 1861 1732 1868 .
1761 1837 1957 1870 Notandum
1972 1835 2017 1869 est
2031 1860 2042 1874 ‚

1160 1887 1249 1931 quod
1261 1888 1295 1919 in
1307 1883 1369 1920 hac
1383 1886 1528 1929 Epistola
1546 1884 1586 1919 de
1597 1886 1752 1920 Diodoro
1766 1910 1777 1926 ,
1805 1897 1900 1930 quem
1913 1887 1947 1920 in
1958 1887 2042 1929 prio-

1160 1936 1248 1971 ribus
1266 1936 1382 1971 litteris
1407 1937 1492 1970 inter
1507 1937 1653 1970 Ecclesiae
1665 1936 1777 1970 Patres
1800 1945 2023 1970 numeraverat
2035 1960 2044 1974 ‚

1162 1987 1291 2030 penitus
1319 1986 1422 2019 sileat.
1450 1986 1541 2032 Qia
1564 1985 1680 2028 nempe
1693 1983 1861 2019 Diodorus
1887 1994 1953 2018 erat
1965 1995 2047 2018 tunc

1162 2038 1197 2068 in
1210 2035 1328 2068 eodem
1354 2045 1463 2074 reatu,
1492 2035 1632 2078 ideoque
1657 2036 1783 2080 purgari
1806 2035 1877 2078 ipse
1895 2033 2050 2080 indigens

1164 2094 1232 2118 non
1250 2091 1374 2127 poterat
1386 2082 1606 2119 Theodorum
1624 2096 1768 2129 purgare.
1781 2084 1914 2118 Etenim
1929 2085 2050 2126 Adver-

1163 2134 1237 2170 sarii
1258 2132 1442 2168 clamabant
1468 2133 1657 2169 Diodorum
1679 2135 1771 2169 fuisse
1791 2132 2051 2169 TheodoriMa-

1162 2183 1299 2230 gistrum
1312 2208 1323 2224 ,
1350 2184 1491 2227 ideoque
1503 2183 1593 2218 hunc
1605 2184 1777 2219 dumtaxat
1796 2186 1901 2219 rivum
1914 2209 1926 2225 ‚
1954 2185 2052 2220 illum

1162 2235 1226 2269 effe
1237 2234 1368 2268 fontem
1391 2244 1562 2276 pravorum
1574 2233 1805 2276 capitulorum
1820 2259 1827 2266 .

1214 2281 1365 2317 Eandem
1389 2284 1535 2328 regulam
1559 2284 1593 2317 in
1607 2283 1722 2320 litteris
1746 2285 1786 2319 ad
1798 2285 1945 2327 Ireneum
1963 2285 2053 2328 Tyri

1167 2333 1368 2376 Episcopum
1381 2334 1507 2367 secutus
1516 2334 1560 2370 est
1572 2333 1720 2379 Magnus
1733 2334 1875 2369 Diodori
1888 2346 1924 2368 ac
1936 2334 2053 2369 Theo-

1169 2383 1241 2416 dori
1265 2381 1428 2417 Patronus
1440 2382 1694 2418 Theodoretus:
1725 2388 1876 2428 ,Quoniam
1899 2393 1996 2418 autem
2007 2396 2053 2418 me

1168 2436 1261 2464 etiam
1273 2429 1488 2471 reprehenditis
1498 2453 1508 2468 ,
1534 2432 1618 2473 quasi
1623 2435 1644 2465 5
1645 2434 1745 2466 andos
1770 2446 1806 2466 αι·
1818 2438 1928 2467 Beatos
1942 2438 2054 2472 Patres

1170 2480 1335 2513 Diodorum
1365 2481 1398 2514 Θ
1426 2479 1612 2514 Theodorum
1638 2488 1671 2515 in
1698 2483 1902 2526 Magistrorum
1935 2494 2053 2517 numero

1146 2511 1151 2581 Ξ
1168 2535 1366 2572 praeterierim
1378 2554 1388 2570 ‚
1415 2531 1600 2572 neceffarium
1623 2533 1697 2565 duxi
1716 2535 1754 2565 de
1775 2532 1826 2566 hoc
1849 2539 1939 2567 etiam
1953 2542 2053 2575 pauca

1174 2581 1266 2614 dicere
1287 2603 1295 2611 .
1324 2579 1460 2611 Primum
1482 2585 1562 2612 enlm
1585 2606 1596 2621 ,
1622 2585 1639 2614 ὀ
1659 2586 1758 2615 Amice
1774 2607 1784 2622 ,
1810 2584 1917 2616 multos
1940 2595 2054 2627 quoque

1175 2632 1247 2663 alios
1258 2627 1382 2670 illustres
1396 2634 1477 2662 viros
1489 2629 1586 2671 omiſs,
1611 2630 1742 2672 &fama
1751 2629 1935 2673 clariffimosss
1963 2637 2052 2667 Dein-

1175 2681 1210 2713 de
1221 2678 1272 2712 boc
1283 2685 1374 2713 etiam
1394 2678 1634 2721 considerandum
1645 2681 1684 2721 est
1696 2706 1706 2722 ,
1732 2693 1798 2721 eum
1810 2689 1861 2725 qui
1876 2681 2031 2725 accusatur
2042 2708 2054 2724 ,

1174 2729 1256 2770 testes
1277 2730 1398 2762 minim?
1408 2729 1512 2766 dubios
1520 2732 1683 2772 producere
1694 2740 1824 2773 oportere
1834 2758 1844 2774 ,
1872 2744 1941 2775 quos
1955 2735 2057 2767 redar-

1168 2791 1258 2824 guere
1279 2789 1331 2812 nec
1350 2778 1552 2822 Accusatorum
1570 2784 1654 2823 poffit
1675 2781 1830 2825 quisquam
1844 2808 1851 2815 .
1878 2782 2055 2825 ,Quodsiad

1173 2829 1365 2870 testimonium
1374 2840 1442 2865 reus
1463 2832 1530 2864 illos
1541 2841 1642 2873 vocet,
1670 2844 1742 2875 quos
1760 2833 1874 2866 mores
1893 2830 2052 2874 accusant,

1174 2891 1225 2912 nec
1238 2880 1339 2920 judex
1358 2878 1419 2923 ipse
1429 2881 1628 2915 admittendos
1648 2882 1789 2924 putabit.
1818 2880 2057 2926 ‚erefisusce-

1173 2938 1231 2972 pta
1244 2931 1369 2962 Patrum
1384 2931 1554 2965 laudatione
1575 2931 1638 2972 istos
1662 2930 1803 2974 omisiffem
1816 2957 1826 2972 ,
1853 2933 1954 2974 inique
1965 2956 1975 2972 ,
1994 2931 2052 2974 fa-

1179 2989 1239 3014 teor
1260 3004 1271 3020 ,
1298 2981 1407 3025 egfflm
1431 3003 1442 3020 ,
1468 2983 1502 3015 ὁ·
1523 2989 1556 3015 in
1582 2982 1733 3024 Magistros
1751 2982 1872 3025 fuiffem
1895 2988 2051 3024 ingratus.

1181 3036 1219 3063 At
1234 3029 1332 3073 ficum
1343 3029 1514 3074 accusarer,
1540 3030 1728 3071 defenfionem
1743 3030 1812 3074 sum
1822 3032 1990 3076 aggreffus,
2015 3034 2051 3067 ὀ·

1157 3078 1271 3124 [Τιβω
1284 3081 1466 3116 indubitatos
1488 3083 1631 3122 adduxi,
1657 3082 1880 3125 quidincaffum
1904 3094 1957 3116 nos
1969 3088 2052 3117 viru-

1158 3126 1163 3148 *
1175 3138 1287 3172 perant
1295 3154 1306 3170 ,
1334 3138 1385 3174 qut·
1394 3131 1496 3165 horum
1507 3131 1586 3164 711·th
1594 3132 1697 3164 videre
1707 3131 1814 3165 volunt
1828 3133 1844 3164 ἒ
1870 3134 1940 3176 ,Quo
1951 3142 2051 3168 autem

1180 3182 1260 3215 cultu
1271 3186 1353 3217 viros
1362 3180 1520 3225 prosequar
1532 3205 1542 3221 ‚
1568 3180 1648 3220 testis
1664 3181 1702 3221 est
1711 3182 1786 3215 liber
1797 3206 1808 3222 ‚
1832 3194 1920 3225 quem
1939 3184 1977 3217 de
1990 3184 2053 3216 illis

1180 3228 1322 3273 composui
1343 3255 1355 3272 ,
1387 3238 1420 3266 in
1441 3242 1496 3273 quo
1518 3230 1672 3272 conflatam
1697 3237 1730 3264 in
1753 3233 1816 3266 illos
1840 3231 2052 3275 accusationem

1182 3281 1321 3316 diluimus
1337 3306 1348 3322 ,
1375 3292 1425 3315 nec
1438 3280 1640 3325 accusatorum
1656 3287 1843 3324 potentiam,
1868 3294 1918 3317 nec
1922 3282 2051 3324 struem

1183 3339 1285 3366 contra
1305 3342 1357 3364 nos
1379 3330 1500 3372 infidias
1516 3331 1757 3374 reformidantes.
1785 3333 1823 3366 In
1838 3334 1989 3378 quapiam
2009 3329 2051 3364 ad

1185 3380 1332 3427 Ireneum
1342 3380 1488 3429 Epistola
1498 3381 1831 3425 Theodoretussuam
1845 3381 2051 3420 assertionem

1581 3432 1616 3466 N
1667 3443 1689 3470 2
1890 3427 2002 3468 multis
