2320 3730
577 171 985 234 Scn01r15‚1=.·r
1017 174 1209 223 Nous
1232 168 1634 220 inustam&

212 262 302 309 quod
313 265 452 307 joannes
462 260 627 294 Sacrarum
638 259 869 305 Largitionum
880 259 1000 294 Comes
1012 256 1079 291 Ne*

210 314 343 348 florium
362 335 373 351 ,
399 309 562 352 Cyrillum
575 333 586 349 ,
612 321 651 345 ac
671 311 890 344 Memnonem
909 307 1078 344 tradiderit

211 366 245 398 in
257 361 428 395 militarem
450 359 631 394 custodiam
644 385 652 392 .
679 359 786 409 Qod
797 361 902 404 ipsum
922 358 1078 392 habemus

210 411 305 446 latius
317 411 348 443 in
363 410 458 454 ipsius
471 409 605 453 Joannis
618 410 794 444 Relatione
815 410 856 444 ad
868 408 1055 451 Principem
1066 430 1075 440 .

208 460 363 495 Secundo
375 484 386 500 ‚
396 460 484 504 quod
497 460 608 502 &ipse
621 461 761 503 Joannes
771 459 894 493 Comes
904 482 914 498 ,
936 457 971 490 &
984 457 1079 499 Joan-

207 511 259 546 nis
271 509 475 544 Antiocheni
495 508 688 543 Patriarchae
706 519 774 543 tota
785 509 896 542 Fac'iio
916 506 1079 541 voluerint

207 560 317 596 saneti
330 560 450 604 Cyrilli
461 559 613 602 capitula
626 557 905 598 anathematizari,
917 557 951 590 &
963 555 1077 600 projici

207 610 228 644 a
249 611 373 645 cunctis
384 609 572 653 Episcopis:
601 609 731 652 Utpote
752 607 829 646 illa,
854 606 899 641 ob
911 617 979 650 quae
990 606 1079 641 dam-

208 662 280 695 nati
301 672 339 695 ac
357 659 524 704 degradati
544 660 645 694 essent
666 657 810 700 Cyrillus
829 658 864 691 ὅτ.
888 655 1052 691 Memnon
1067 679 1078 695 ‚

208 712 245 746 ὅ(
266 711 322 754 ipfi
343 721 460 746 omnes
475 707 753 757 excommunicati
774 731 781 739 .
809 705 930 741 Tertio
949 731 963 748 ‚
988 705 1078 751 quod

208 760 304 795 istam
329 758 573 795 damnationem
599 757 762 791 sanxerint
788 757 929 792 Decreta
954 756 1078 793 Princi—

207 821 288 855 pum
300 837 307 843 .
334 810 424 859 Qia
434 819 549 851 nempe
559 804 771 842 Theodosius
789 808 843 841 sua
859 808 953 842 Sacra
964 832 976 848 ,
1001 806 1079 841 licet

207 859 296 894 istud
316 858 431 894 diserte
449 869 519 892 non
545 858 740 901 exprimeret
761 883 772 899 ,
797 857 945 893 firmabat
966 867 1078 892 tamen
1105 892 1106 895 ,

208 909 344 954 Ioannis
356 905 561 943 Antiocheni
583 907 624 942 de
634 907 765 951 Cyrillo
785 919 824 943 ac
834 907 1020 943 Memnone
1030 907 1079 951 Ju-

206 958 330 993 dicinm
340 982 350 999 ,
360 958 482 993 fastum
493 967 622 1002 propter
632 957 783 1001 Capitula
794 983 802 991 .
829 957 976 1006 Qarto,
990 954 1081 1001 quod

205 1007 293 1043 istud
304 1007 535 1052 Capitulorum
544 1006 718 1042 anathema
739 1008 926 1043 constanter
935 1008 1082 1043 aversan·

206 1069 256 1093 tes
267 1054 446 1102 Episcopos
456 1055 591 1101 Ioannis
601 1058 627 1091 F
628 1057 711 1091 aetio
722 1059 946 1102 provocaverit
965 1057 1006 1092 ad
1016 1068 1082 1092 cer-

204 1117 335 1148 tamen,
358 1106 521 1141 affirmans
530 1106 590 1140 fibi
609 1106 650 1141 ad
662 1118 796 1142 manum
808 1111 872 1145 esse
894 1108 1082 1143 ineluctabi-

203 1156 248 1192 lia
266 1166 475 1202 argumenta.
503 1156 654 1203 anffl,
681 1158 772 1202 quod
791 1158 1084 1203 OrthodoxiEpi-

203 1206 295 1252 scopi
307 1205 365 1242 ista
374 1206 488 1242 omnia
499 1207 675 1250 spreverint
685 1232 694 1241 .
720 1208 824 1255 Qod
836 1220 904 1244 non
913 1208 1083 1242 timuerint

203 1256 370 1301 Principis
381 1257 558 1291 violentias
569 1280 579 1295 ‚
607 1256 696 1299 quod
708 1259 909 1301 perrexerint
931 1259 965 1291 in
977 1259 1084 1300 Syno-

203 1305 334 1342 dalibus
346 1305 456 1340 Λᾶἰεε
481 1304 660 1341 Praesertim
680 1304 722 1341 de
732 1308 858 1342 cunctis
869 1306 920 1342 his
939 1308 1084 1351 praevari·

205 1356 371 1392 catoribus
390 1366 444 1400 per
456 1355 595 1391 Litteras
614 1356 771 1393 instruere
781 1357 957 1392 Ecclesiam
979 1382 986 1389 .
1015 1357 1085 1392 Ro-

206 1418 283 1452 gare
292 1432 303 1447 ‚
329 1414 366 1439 ut
379 1415 583 1449 nequaquam
595 1405 762 1448 Cyrillum
772 1417 828 1441 aut
840 1407 1058 1442 Memnonem
1071 1432 1083 1449 ,

206 1456 262 1491 sed
290 1454 397 1490 solum
422 1454 612 1489 Nestorium
640 1454 774 1492 haberet
798 1468 859 1501 pro
884 1457 1083 1504 degradato.

206 1503 329 1544 Sexto,
357 1503 447 1547 quod
471 1501 506 1536 hi
520 1504 674 1547 Episcopi
696 1506 795 1541 etiam
817 1506 975 1543 inflictam
996 1507 1084 1542 libia

205 1556 335 1601 Joanne
354 1550 541 1588 Patriarcha
562 1556 946 1591 excommunicationem
959 1558 1081 1600 spreve-

203 1605 273 1641 rint
282 1629 290 1638 .
317 1603 452 1638 Etenim
464 1602 540 1637 licet
549 1602 567 1636 ὲ
579 1604 707 1646 Ioanne
716 1606 852 1640 Comite
864 1607 1061 1651 expostulati
1073 1630 1084 1646 ‚

203 1654 383 1690 noluerunt
409 1652 528 1688 eeffare
551 1652 571 1686 a
599 1654 698 1689 Sacro
723 1655 911 1691 Ministerio
940 1682 947 1689 .
983 1656 1084 1692 Adeo

205 1705 393 1739 constantes
414 1713 506 1737 erant
532 1726 544 1743 ‚
570 1703 649 1738 licet
675 1704 822 1740 viderent
852 1707 1017 1751 Cyrillum
1043 1719 1082 1741 ac
1106 1745 1109 1749 ,

204 1755 446 1794 Memnonem,
473 1753 618 1788 detrusos
643 1755 679 1789 in
696 1756 900 1798 custodiam,
926 1757 1041 1792 servari
1063 1757 1082 1790 a

205 1803 423 1839 multitudine
444 1803 586 1838 militum
611 1828 620 1836 .
649 1805 702 1838 Ex
726 1817 793 1850 quo
815 1807 942 1842 videtur
959 1808 1083 1842 Comes

207 1855 350 1902 joannes
363 1852 437 1896 ipsis
448 1876 460 1892 ,
487 1852 546 1887 nisi
557 1856 939 1890 excommunicationem
962 1867 1084 1890 revere·

205 1913 336 1943 rentur,
362 1902 455 1935 fuiffe
467 1903 610 1935 minatus
630 1903 745 1937 similia
769 1930 776 1936 .
805 1905 850 1938 Et
866 1904 1010 1948 Epistola
1028 1905 1086 1939 ad-

206 1952 316 1997 jungit
328 1965 337 1985 x
352 1954 373 1984 5
372 1955 413 1983 m
423 1959 522 1983 autem
532 1951 711 1995 Religiesfitas
723 1954 819 1992 vestra
825 1978 836 1995 ,
846 1966 914 1996 quae
924 1956 962 1988 de
972 1955 1086 1987 talibus

200 2001 261 2045 snt
273 1999 434 2040 constitute
457 2000 575 2042 Regulae
590 2023 598 2031 .
625 2003 671 2033 Ee
694 2007 766 2043 quia
784 2007 826 2035 eis
846 2004 959 2036 nullum
982 2009 1088 2038 ωηα-

204 2053 297 2087 hm
313 2050 468 2084 tribuunt.
497 2049 645 2093 Respicit
666 2061 815 2095 quartum
831 2053 1089 2088 Antiochenum

203 2102 401 2137 Canonem.
426 2099 513 2133 Eum
526 2098 668 2133 Aeacius
677 2101 800 2144 optime
812 2113 966 2138 noverat.
993 2103 1089 2137 Nam

202 2159 336 2199 propter
346 2150 451 2194 ipsum
461 2148 545 2183 olim
552 2149 759 2185 damnaverat
769 2152 1090 2198 SanciumJoannom

204 2200 480 2244 Chrysostomum
506 2222 517 2239 ‚
543 2199 578 2233 δε
598 2199 668 2242 ejus
686 2201 877 2237 Romanam
897 2204 1093 2248 appellatio·

205 2262 284 2286 nem
295 2249 533 2292 contempserat
543 2274 551 2280 .
582 2248 739 2285 Notanda
751 2253 824 2286 sunt
846 2254 879 2287 ἀ
890 2251 957 2289 haee
969 2254 1090 2288 similia.

205 2300 303 2335 verba
318 2313 329 2333 .-
356 2300 450 2333 Aliter
463 2305 568 2340 pacem
587 2300 664 2333 dan
673 2300 807 2342 Ecclefin
816 2303 944 2345 poffibile
957 2315 1016 2337 non
1025 2303 1065 2346 est
1076 2329 1093 2347 ‚,

207 2348 266 2392 niss
277 2354 371 2391 impia
391 2346 543 2390 Expofitio
559 2350 612 2382 illa
630 2349 729 2390 suem
749 2352 898 2386 abdicata
915 2379 924 2388 .
953 2354 1086 2397 Utiewe

207 2399 328 2442 Cyrilli
345 2397 517 2442 Capitula.
544 2397 626 2433 Haec
647 2399 750 2444 igitur
772 2402 815 2438 ad
836 2403 997 2443 Acacium
1010 2403 1089 2448 Epi-

204 2448 290 2484 stola
301 2447 346 2480 est
354 2447 442 2488 quasi
455 2446 635 2491 gratiarum
645 2449 766 2482 unctoria
780 2472 790 2481 .

310 3397 415 3440 christ.
426 3402 506 3442 Lupi
516 3401 615 3441 opera
634 3400 733 3434 [Vll.

1881 184 1940 219 61

1275 338 1317 385 C
1353 340 1398 383 A
1433 338 1468 383 P
1506 339 1553 386 U
1587 333 1628 385 T
1699 339 1802 383 XX.
1850 343 2009 395 -2-108

1171 474 1338 545 Epssola
1362 473 1583 524 Theodoreti
1604 511 1618 536 9
1653 473 1831 545 Epfiopl'
1864 482 1980 542 Cyri‚

1302 545 1355 593 ad
1390 544 1580 593 Andream
1626 544 1854 622 Effissopum

1385 661 1387 666 ,
1429 615 1735 682 δαησρβηονηω,

1233 755 1260 788 Β
1274 752 1401 797 Epheso
1415 756 1554 791 scribens
1566 766 1662 793 tuam.
1669 754 1878 793 sanctitatem
1892 756 1998 792 saluto
2010 758 2021 791 .‘

1259 804 1302 838 Et
1323 804 1544 838 infirmitatem
1554 807 1726 847 beatifico,
1751 818 1850 851 quam
1872 806 1938 843 Dei
1959 807 2023 842 tibi

1140 854 1274 889 dileetio
1286 854 1454 898 praestitit,
1479 864 1516 888 ut
1526 855 1641 889 audito
1654 857 1782 900 potius,
1806 868 1904 902 quam
1925 867 2024 901 expe-

1141 905 1283 939 rimento
1294 902 1428 938 disceres
1439 927 1451 944 ,
1477 915 1548 948 quae
1570 902 1624 937 hic
1646 907 1730 941 mala
1750 908 1919 943 commista
1930 908 2023 942 sunt.

1143 953 1234 989 Mala
1257 954 1437 998 superantia
1455 964 1591 988 omnem
1615 952 1705 987 verbi
1728 958 1895 992 veritatem
1914 981 1926 997 ‚
1952 967 2027 991 om*

1144 1015 1284 1049 nemque
1307 1004 1471 1039 vincentia
1482 1000 1753 1047 Conscriptorum
1783 1007 2027 1047 narrationem,
2093 1040 2097 1045 ⁴

1142 1054 1365 1098 &lachrymis
1377 1055 1478 1099 digna
1497 1053 1710 1098 perennibus,
1737 1053 1774 1088 ἀ
1793 1055 1963 1088 continuis
1980 1056 2029 1090 lu·

1145 1104 1266 1139 diibus.
1294 1104 1504 1139 Periclitatur
1514 1104 1605 1138 enim
1616 1103 1877 1138 Ecclesiasticum
1899 1103 2029 1147 Corpus

1144 1155 1309 1190 exscindi.
1337 1155 1432 1202 Qin
1445 1154 1553 1198 potius
1565 1154 1720 1188 sectiones
1729 1153 1874 1198 recepit,
1901 1153 1973 1187 nifi.
1986 1154 2032 1187 sa-

1144 1206 1237 1249 piens
1257 1204 1413 1239 Medicus
1435 1204 1537 1240 divisa
1563 1203 1738 1248 &putrida
1758 1203 1903 1238 membra
1925 1202 2034 1237 revin-

1147 1256 1213 1289 ciat
1239 1265 1334 1297 pace,
1359 1254 1506 1289 &salute
1518 1254 1727 1290 corroboret.
1755 1253 1882 1289 Insanit
1914 1262 2031 1287 contra

1146 1306 1257 1339 Deum
1279 1305 1403 1338 rursum
1426 1304 1600 1350 AEgyptus
1622 1330 1629 1337 .
1658 1305 1702 1338 Et
1722 1314 1881 1351 repugnat
1917 1314 2033 1338 contra

1147 1354 1293 1396 Moysen
1320 1355 1355 1388 ἀ
1379 1355 1494 1390 Aaron
1510 1379 1522 1395 ,
1549 1356 1657 1393 servos
1676 1354 1790 1399 ipsius.
1817 1355 1863 1388 Et
1883 1365 1955 1398 pars
1966 1364 2034 1388 ma-

1147 1405 1236 1439 xima
1261 1403 1409 1438 lsrahelis
1429 1405 1594 1439 consentit
1614 1405 1760 1439 inimicis
1781 1430 1788 1438 .
1824 1404 1927 1439 Pauci
1955 1404 2034 1438 vero

1147 1453 1240 1489 valde
1252 1455 1326 1488 sunt
1339 1453 1415 1489 salvi
1428 1478 1440 1495 ,
1465 1466 1503 1489 ac
1515 1454 1673 1490 sustinent
1684 1466 1743 1500 pro
1753 1455 1872 1499 pietate
1881 1454 2034 1489 certami-

1149 1516 1210 1539 na.
1238 1504 1441 1540 Conculcata
1452 1505 1497 1539 est
1511 1506 1688 1540 reverentia
1711 1505 1840 1548 pietatis
1853 1529 1860 1536 .
1887 1504 2033 1539 Damna-

1149 1555 1175 1589 ti
1187 1554 1372 1589 ministrant
1385 1579 1397 1595 ,
1422 1554 1674 1590 &damnatores
1684 1555 1796 1589 sedent
1808 1563 1976 1599 gementes
1996 1554 2033 1586 in

1149 1606 1271 1640 domo.
1299 1604 1454 1650 Qicum
1469 1605 1633 1639 damnatis
1653 1605 1894 1638 communione
1914 1602 2034 1645 privati

1150 1656 1244 1695 sunt,
1273 1653 1360 1697 ipsos
1379 1653 1618 1688 condemnatos
1638 1653 1816 1698 deputant,
1842 1652 1884 1687 ab
1906 1651 2035 1687 eadem-

1150 1716 1214 1749 que
1226 1703 1441 1738 damnatione
1452 1704 1631 1739 solverunt.
1942 1717 1943 1721 ¹

1200 1753 1323 1788 Talem
1348 1753 1521 1797 Synodum
1543 1754 1624 1789 ludo
1645 1756 1790 1790 fecerunt
1809 1752 2007 1799 AEgyptiaci
2025 1777 2037 1792 ‚

1153 1803 1316 1838 Palaestini
1338 1827 1350 1844 ‚
1375 1805 1408 1839 ἀ
1428 1815 1504 1839 cum
1528 1803 1680 1839 Ponticis
1712 1804 1826 1839 Asiani
1848 1830 1855 1837 .
1883 1803 2038 1847 Cumque

1153 1854 1220 1887 istis
1244 1853 1475 1888 &Occidens.
1502 1853 1607 1888 Hunc
1617 1855 1707 1888 enim
1722 1855 1915 1898 languorem
1936 1854 2039 1887 maxi-

1154 1913 1204 1936 ma
1215 1901 1282 1944 jam
1293 1912 1364 1944 pars
1374 1901 1498 1936 Mundi
1510 1903 1648 1946 recepit.
1675 1903 1747 1951 Qi
1764 1904 1942 1937 mimorum
1958 1903 2039 1936 risus

1153 1953 1194 1985 fic
1208 1951 1486 1994 depompaverunt
1499 1952 1676 1995 impietatis
1687 1962 1834 1996 tempore
1853 1952 2006 1994 pietatem
2022 1954 2038 1983 ,2

1155 1999 1396 2047 Qisunquam
1406 1998 1590 2034 Comoediz
1601 2000 1746 2044 Scriptot
1765 2001 1867 2035 talem
1892 2000 2040 2036 fabulam

1155 2049 1286 2084 finxerit
1299 2049 1317 2081 ‚²
1341 2049 1426 2095 Qis
1445 2048 1588 2094 denique
1606 2050 1794 2095 Tragoediae
1812 2050 1922 2096 digna
1934 2050 2040 2086 Poeta

1156 2097 1342 2144 hujusmodi
1353 2109 1541 2134 commenta
1556 2100 1767 2136 conscribat?
1793 2100 1908 2136 Tanta
1933 2112 1973 2136 ac
1993 2110 2040 2136 ta-

1158 2150 1200 2184 lia
1221 2149 1307 2183 mala
1328 2149 1419 2183 intra
1427 2149 1493 2184 Dei
1507 2149 1683 2186 Ecclesiam
1697 2161 1950 2186 concreverunt.
1976 2151 2041 2185 Im·

1158 2200 1215 2234 mo
1235 2200 1316 2234 vero
1339 2204 1456 2234 eorum
1475 2210 1546 2243 quae
1566 2201 1736 2236 commissa
1758 2202 1835 2237 sunt
1860 2228 1871 2244 ‚
1898 2201 2039 2237 breviter

1159 2250 1283 2284 narravi
1296 2248 1486 2293 particulam
1499 2274 1507 2282 .
1535 2248 1611 2286 Alia
1621 2250 1712 2286 enim
1725 2262 1786 2286 nec
1796 2251 1864 2286 dici
1878 2252 1946 2286 sine
1957 2252 2038 2295 peri-

1159 2300 1235 2335 culo
1259 2300 1394 2343 poffint.
1419 2301 1501 2334 Oret
1511 2310 1592 2345 ergo
1613 2301 1771 2337 Sanffitas
1790 2311 1865 2342 tua,
1895 2300 2039 2336 &Chri-

1158 2350 1242 2384 stum
1264 2348 1454 2384 Dominum
1474 2349 1663 2394 deprecetur
1685 2362 1841 2397 exurgere
1856 2376 1867 2393 ,
1894 2352 1930 2387 &
1950 2351 2038 2387 hanc

1159 2401 1254 2433 maris
1263 2399 1435 2442 reprimere
1445 2401 1668 2443 tempestatem
1680 2424 1692 2441 ‚
1717 2413 1754 2436 ac
1763 2400 1974 2438 desideratam
1984 2412 2039 2446 pa·

1159 2458 1241 2482 trare
1253 2447 1523 2488 tranquillitatem
1539 2472 1546 2479 .
1574 2449 1630 2483 Ut
1651 2449 1717 2484 hoc
1737 2452 1947 2492 impetrantes
1967 2461 2039 2495 gra-

1162 2496 1283 2530 tuitum
1303 2495 1449 2536 donum,
1476 2495 1653 2532 clamemus
1674 2508 1750 2533 cum
1766 2499 1884 2533 Sancto
1906 2499 2017 2535 David
2031 2512 2042 2533 t

1165 2545 1325 2580 secunaum
1349 2546 1571 2580 multumne»,
1595 2547 1725 2580 dolorum
1751 2558 1876 2582 menum
1902 2555 1935 2583 m
1955 2551 2041 2584 mue
2060 2537 2189 2593 Νύσῃ

1159 2606 1219 2629 nnec
1243 2618 1256 2635 ,
1302 2592 1507 2637 consolationes
1542 2604 1605 2630 tuae
1639 2595 1872 2638 latificaverum
1905 2603 2042 2638 animam

1159 2655 1271 2679 meam.

1347 2799 1845 2850 Senotlon.

1100 3014 1101 3017 Ἴ
1158 2951 1358 3036 Epistola
1369 2954 1437 2991 haec
1459 2958 1564 2993 exstat
1588 2957 1622 2994 in
1637 2957 1728 2996 Acus
1738 2961 1846 3005 quinti
1862 2961 2032 3005 concilii,

1261 3015 1426 3051 tamquam
1447 3017 1550 3043 unum
1573 3008 1591 3043 ὲ
1616 3010 1801 3046 facinorosis
1822 3011 2034 3048 Theodoreti

1098 3050 1102 3077 ἶ
1155 3054 1305 3089 adversus
1316 3058 1468 3091 Sanctum
1481 3058 1647 3102 Cyrillum
1671 3071 1709 3094 ac
1721 3061 1912 3106 Ephesinam
1924 3062 2032 3106 Syno-

1145 3103 1237 3138 .dum
1261 3105 1394 3150 Scriptis
1407 3131 1418 3147 ,
1445 3107 1491 3142 ob
1509 3120 1578 3152 quae
1597 3108 1660 3144 ille
1677 3112 1794 3147 meruit
1809 3111 1877 3146 sieri
1897 3110 2030 3147 unume

1154 3154 1255 3188 tribus
1277 3156 1439 3200 Capitulis
1464 3182 1471 3190 .
1499 3158 1616 3192 Exstat
1646 3159 1843 3206 incompleta
1869 3188 1878 3195 .
1914 3162 2026 3197 Etiam

1154 3203 1324 3239 dumtaxat
1340 3205 1441 3241 latine
1461 3231 1470 3240 .
1502 3207 1548 3241 Et
1564 3209 1609 3243 est
1626 3209 1703 3245 allia
1720 3211 1888 3247 translatio
1908 3237 1915 3244 .
1942 3211 2026 3246 Haec

1153 3253 1340 3290 Caffinensis
1357 3257 1403 3290 est
1422 3257 1581 3300 completa
1594 3283 1601 3291 .
1627 3258 1681 3294 Ex
1691 3261 1860 3296 translatio
1882 3261 1928 3296 est
1952 3262 2026 3296 lon-

1151 3302 1192 3348 ge
1204 3303 1360 3340 lucidior.
1389 3306 1445 3340 Est
1458 3307 1570 3351 scripta
1580 3307 1698 3352 Ephesi
1714 3335 1726 3353 ,
1751 3310 1823 3355 post
1843 3309 2023 3346 adventum

1153 3352 1286 3391 Arcadii
1312 3356 1345 3390 ἀ
1366 3355 1506 3400 projecti
1526 3358 1762 3403 Episcoporum
1789 3385 1802 3403 ,
1823 3373 1861 3397 ae
1878 3359 2023 3404 Philippi

1645 3410 1676 3446 F
1895 3410 1976 3445 Car·
