2320 3730
340 156 409 204 24

690 135 1025 185 §saumonem
1058 136 1305 186 ›PATRUM
1341 134 1681 194 EMSTOL'AE,

267 227 398 262 decima
420 222 515 260 tertia
535 221 732 266 Decembris
752 224 794 260 ad
802 223 968 269 Populum
981 222 1108 259 dixerat
1118 222 1156 256 in
1220 220 1283 254 fuit
1294 219 1495 262 Helladius‚
1516 220 1707 266 Tharsensis
1716 220 2098 270 Episcopus,Metr0p0.·

266 276 446 313 Sabbatina
460 274 584 318 synaxi
597 299 605 306 .
632 275 689 309 Est
706 284 817 311 tamen
839 275 1003 310 incertum
1016 297 1025 308 .
1051 271 1155 315 Haud

267 327 368 362 dubie
390 327 422 360 ὅς
437 325 580 369 Ioannes
592 323 642 359 bis
658 323 699 360 ad
713 325 819 369 ipsum
831 325 1009 369 scripserat.
1040 323 1154 357 Altera

268 377 436 418 utriusque
448 375 596 420 Epistola
611 375 689 410 latet
700 386 758 410 aut
766 376 862 419 periit
881 400 888 407 .
907 373 1066 410 Notanda
1079 373 1154 407 sunt

267 426 336 465 haec
349 425 466 461 verba:
497 425 705 466 perturbatio,
727 437 795 468 quae
806 435 872 460 erat
886 425 1133 464 Constantinopoli
1142 449 1153 464 ,

262 481 382 522 ,quievit
402 503 408 510 .
438 477 520 511 Haec
542 476 791 520 qualiscumque
810 475 902 519 quies
922 474 1054 508 forsitan
1081 473 1153 507 effe-

263 527 312 564 cit
324 552 335 569 ,
348 536 385 561 ut
398 526 521 563 indicta
534 526 690 570 Synodus
702 527 865 561 videretur
877 535 943 558 non
957 521 1128 559 necessaria
1140 549 1151 566 ,

264 575 406 622 ideoque
426 576 631 611 dormitaret.
664 576 791 612 Verum
810 584 879 610 erat
903 573 1017 608 dolosa
1038 574 1150 617 quies.

263 628 311 662 Et
324 628 392 672 ipsa
402 627 520 663 abusus
534 626 709 662 Nestorius
731 626 832 669 coepit
852 626 888 658 in
902 621 1121 659 orthodoxos
1137 649 1148 665 ,

263 672 414 715 Clericos
425 678 596 723 presertim
623 688 661 711 ac
675 673 888 714 Monachos,
914 684 1062 717 apertum
1076 673 1148 717 Ty-

262 739 404 766 :annum
414 739 526 773 agere:
554 726 772 764 Patrareilla,
798 735 869 766 quae
879 724 1018 758 Basilius
1043 736 1081 758 ac
1092 724 1148 758 alii

261 778 377 823 Regiae
389 778 532 813 civitatis
545 774 820 812 Archimandritae
832 771 1027 810 Theodosio
1042 786 1149 819 reprae-

259 829 430 865 sentarunt
441 854 452 870 ‚
476 829 511 869 ,δε
523 824 674 861 adversus
697 824 755 858 illa
766 824 975 869 postularunt
1001 826 1146 860 omnino

258 879 329 912 fieri
342 879 535 922 synodum,
565 873 715 916 alioquin
738 874 779 908 ad
793 875 1000 915 tremendum
1013 876 1145 910 Divinae

256 927 439 970 Majestatis
449 922 614 959 Tribunal
626 925 851 968 provocaturi.
878 924 926 959 Et
936 925 979 960 fic
990 925 1144 969 Synodus

256 976 373 1012 revixit
386 1001 394 1009 .
418 973 580 1009 Notanda
591 974 667 1008 sunt
686 975 721 1009 &
734 973 800 1009 haec
825 975 921 1011 verba
932 990 943 1009 :
976 981 1051 1010 Non
1064 979 1146 1019 quod

250 1030 432 1070 paz-nitentia
448 1025 502 1061 vel
517 1024 653 1059 correfflo
670 1023 709 1067 fit
717 1023 820 1068 secuta
834 1050 844 1066 ,
872 1028 930 1061 &a
958 1026 1135 1062 Conantur

253 1076 350 1123 plene
368 1085 547 1121 expurgare
557 1074 749 1112 Nestorium
765 1102 772 1109 .
802 1074 852 1119 At
876 1076 989 1112 lavant
1002 1075 1142 1111 AEthio-

252 1138 348 1171 pern.
376 1126 421 1162 Et
433 1125 512 1160 hinc
524 1126 685 1169 Ioannem
699 1127 806 1161 forsan
821 1127 931 1170 potuit
938 1127 1005 1161 dici
1019 1152 1031 1168 ‚
1050 1128 1139 1170 quod

250 1177 286 1212 in
297 1177 459 1213 Acacium
483 1176 896 1220 Constantinopolitanum
912 1177 1114 1221 Episcopum
1129 1202 1139 1218 ,

250 1227 353 1263 fimile
364 1226 583 1263 dealbationis
595 1227 739 1261 studium
752 1225 850 1262 Petro
862 1227 973 1273 Mogo
985 1240 1023 1262 ac
1038 1228 1138 1262 Petro

249 1275 411 1322 Cnapheo
431 1277 677 1321 impendentem
702 1301 712 1318 ,
741 1277 862 1322 scripsit
882 1278 1015 1312 Sanetus
1040 1278 1068 1323 E
1070 1278 1137 1317 elix

249 1329 364 1363 tertius
373 1328 528 1363 Pontifex
543 1342 550 1362 :
578 1333 651 1362 Non
675 1336 756 1362 caret
777 1327 915 1371 scrupulo
919 1327 1069 1370 fhcietatis
1096 1340 1136 1362 oc-

244 1380 336 1421 cultae
349 1404 361 1421 ,
386 1385 436 1423 qui
458 1380 593 1416 evidenti
605 1379 742 1421 facinori
766 1378 869 1421 desinit
892 1379 1014 1413 obviare
1042 1404 1049 1411 .
1079 1379 1135 1412 An

247 1430 390 1473 Ioannes
401 1441 469 1464 non
482 1429 587 1464 solam
600 1428 746 1465 Nestorii
759 1428 935 1464 Personam
950 1454 960 1471 ,
971 1428 1026 1463 sed
1036 1428 1136 1463 etiam

246 1483 388 1524 ‘errorem
401 1479 581 1522 aliquando
603 1479 755 1513 dilexerit
769 1503 781 1519 ,
806 1481 851 1514 est
864 1479 944 1513 alibi
965 1478 1136 1514 discutien-

244 1529 291 1565 da
303 1530 437 1574 quaestio
449 1556 456 1562 .

250 1574 252 1578 ⁴
298 1579 421 1614 Notati
441 1578 692 1624 oporteretiam
705 1576 773 1613 haec
784 1578 825 1615 de
848 1581 879 1615 S.
894 1579 1026 1624 Cyrillii
1040 1580 1138 1624 Capi-

248 1630 327 1665 tulis
336 1629 432 1665 verba
444 1642 452 1662 :
468 1632 550 1674 ,Quae
560 1630 682 1672 quidem
692 1631 756 1670 ejus
770 1631 822 1672 effe
833 1641 890 1663 non
900 1632 987 1667 credo
999 1655 1005 1662 .
1034 1631 1136 1664 Erant

245 1680 419 1716 manifesta
441 1678 611 1714 mendacia
620 1703 631 1719 ‚
658 1679 834 1714 vaferrimae
846 1680 919 1723 Syri
932 1679 1080 1715 hominis
1090 1682 1137 1714 su-

246 1732 317 1765 relae
328 1755 336 1764 .
368 1731 501 1767 Etenim
522 1739 663 1774 quatuor
688 1730 849 1775 AEgyptii
871 1730 1047 1775 Episcopi,
1073 1731 1091 1764 a
1106 1731 1135 1764 S.

245 1781 381 1826 cyrillo
403 1793 441 1816 ac
454 1781 524 1825 eJns
535 1780 675 1824 Synodo
694 1780 1026 1824 Constantinopolim
1036 1781 1137 1826 Lega-

245 1833 294 1873 ti,
321 1832 379 1867 ista
391 1831 614 1875 Synodalibus
627 1830 744 1864 litteris
757 1842 887 1866 annexa
899 1832 932 1867 ὃς
943 1832 1059 1866 inserta
1075 1832 1139 1864 Ca-

246 1882 348 1927 pitula
364 1881 522 1917 Nestorio
546 1880 736 1917 solemniter
747 1890 785 1918 ac
799 1878 928 1923 publice
940 1878 1137 1916 tradiderant

248 1934 282 1967 in
295 1932 439 1974 proprias
451 1941 570 1966 manus
583 1953 594 1968 ‚
613 1931 784 1968 afferentes
795 1930 859 1964 effe
870 1929 990 1971 Cyrilii
1001 1955 1012 1970 ‚
1039 1933 1073 1965 ὃς
1082 1933 1138 1975 Sy-

249 1981 333 2018 nodi
344 1981 397 2014 cui
409 1979 465 2022 ipsi
479 1978 610 2012 adsueta
617 1987 667 2018 nt,
680 1978 822 2020 ideoque
833 1980 880 2014 uti
894 1979 1079 2021 Nestorius,
1092 1983 1137 2016 ita

251 2034 285 2068 &
300 2032 440 2075 Joannes
449 2028 490 2064 de
502 2029 646 2073 ipsorum
663 2031 793 2063 aua-ore
805 2041 873 2064 non
888 2031 997 2073 potuit
1009 2031 1138 2066 dubita-

252 2092 306 2119 re.
333 2079 511 2116 Praesertim
523 2078 599 2123 quia
611 2078 734 2125 ambigi
747 2091 814 2115 non
828 2081 932 2125 potest
944 2106 954 2123 ,
979 2082 1059 2124 quin
1072 2082 1139 2125 Cy-

253 2132 365 2173 rillus,
393 2133 424 2167 S.
437 2129 596 2166 Celestini
613 2129 789 2173 Pontificis
810 2132 844 2166 &
868 2131 960 2167 Sedis
972 2131 1139 2176 Apostoli-

254 2196 300 2219 cae
321 2183 362 2217 ad
386 2182 445 2217 ista
457 2182 610 2218 Vicarius
623 2207 633 2223 ,
660 2182 739 2217 dum
754 2182 961 2226 Apostolicas
973 2183 1008 2216 in
1021 2183 1140 2217 Nesto-

254 2236 340 2268 rium
353 2233 474 2268 litteras
484 2233 603 2276 Joanni
617 2224 791 2285 transmisit
801 2256 811 2272 ,
821 2232 1008 2277 adjunxerit
1022 2233 1056 2268 &
1069 2235 1140 2267 suas

256 2296 334 2320 cum
346 2284 526 2328 Capitulis.
556 2283 681 2317 Verum
694 2285 725 2318 S.
740 2283 859 2327 Cyrilli
870 2283 1016 2318 doctrina
1031 2308 1042 2324 ,
1053 2285 1138 2325 vita,

257 2337 342 2370 fama
354 2361 364 2376 ,
390 2345 488 2379 atque
498 2334 671 2369 auctoritas
692 2333 783 2368 erant
800 2335 924 2368 summa
937 2345 992 2377 per
1003 2345 1138 2368 ornnem

257 2385 436 2420 Ecclesiam
448 2410 459 2426 ,
482 2384 621 2428 ideoque
633 2385 774 2428 Joannes
785 2382 914 2418 erubuit
928 2384 995 2427 ipsa
1011 2384 1060 2417 vel
1072 2394 1139 2418 tan-

257 2447 352 2481 gere:
381 2436 476 2468 Hinc
486 2435 526 2468 ad
547 2433 738 2468 infamanda
756 2433 909 2476 Capitula
920 2434 983 2465 fuit
993 2430 1068 2467 usus
1080 2434 1139 2466 ista

256 2485 386 2520 vafritie
397 2509 404 2516 .
434 2483 617 2518 Postmodo
629 2484 751 2517 larvam
760 2483 910 2525 deposuit
924 2506 934 2521 ‚
956 2483 988 2516 &
1000 2483 1139 2516 revelata

256 2535 340 2568 facie
351 2534 396 2567 est
409 2533 576 2574 Cyrillum
589 2535 761 2575 aggressus.
771 2532 903 2564 Etenim
917 2531 1021 2573 ipsum
1031 2532 1065 2564 in
1082 2534 1140 2566 suo

257 2583 344 2628 apud
357 2580 525 2626 Ephesum
537 2581 785 2614 Conventiculo
806 2580 997 2624 degradavit
1011 2582 1057 2614 uti
1069 2582 1141 2616 Hae·

259 2630 505 2668 resiarcham.Et
513 2629 726 2664 Chalcedone
739 2640 849 2663 coram
861 2631 1015 2674 Augusto
1029 2630 1141 2665 Theo-

260 2683 351 2717 dosio
363 2682 481 2725 juravit
493 2691 569 2715 eum
582 2704 593 2720 ,
620 2680 697 2714 licet
710 2680 869 2723 poenitens
889 2679 1140 2714 anathematiza-

261 2742 309 2768 ret
320 2731 473 2775 Capitula
483 2755 495 2772 ,
521 2741 701 2771 numquam
713 2730 731 2762 a
743 2730 772 2763 se
784 2729 1005 2773 recipiendum
1018 2730 1052 2764 in
1067 2730 1142 2774 Epi-

263 2782 429 2826 scopalem
440 2780 712 2831 commgnionem
725 2804 731 2811 .
763 2780 806 2813 Et
818 2779 950 2823 Epheso
962 2780 1002 2815 ad
1015 2781 1141 2824 propria

262 2831 364 2867 redux
377 2829 441 2866 haec
453 2830 564 2865 eadem
578 2829 787 2873 Synodaliter
798 2831 1009 2864 confirmavit
1019 2855 1026 2863 .
1043 2829 1142 2864 Adeo

263 2883 378 2926 durum
398 2883 431 2924 <Sc
453 2881 599 2925 pertinax
610 2880 672 2914 fuit
691 2879 725 2914 in
739 2879 893 2923 Capitula
905 2880 1021 2919 odium
1032 2905 1040 2912 .

314 2932 472 2967 Notanda
489 2930 625 2965 tandem
651 2931 696 2964 est
725 2929 864 2973 subjecta
888 2928 967 2971 huic
990 2930 1143 2979 Epistolae

267 2983 453 3017 subnotatio
471 3006 478 3013 .
504 2980 718 3015 Demonstrat
740 2980 875 3024 joannis
904 2991 963 3023 pro
984 2981 1143 3015 Nestorio

268 3032 418 3071 adversus
442 3030 595 3075 Capitula
618 3031 724 3064 zelum
736 3055 746 3071 ‚
776 3042 818 3064 ex
828 3041 895 3071 quo
908 3041 974 3064 non
984 3030 1070 3064 solos
1082 3032 1144 3064 suae

270 3083 424 3116 Dioecesis
435 3107 445 3122 ,
458 3082 512 3117 sed
524 3081 557 3120 ὃς
568 3081 650 3115 alios
660 3079 894 3123 Metropolitas
904 3091 1000 3123 atque
1012 3081 1145 3124 Episco-

269 3142 328 3175 pos
342 3132 477 3166 tentavit
486 3130 546 3165 fibi
557 3130 732 3175 adjungere
744 3155 751 3162 .
780 3130 825 3164 Et
845 3141 887 3164 ex
899 3129 1039 3164 Pontica
1052 3130 1144 3165 Dioe-

268 3182 327 3215 cefi
351 3180 538 3215 Himerium
560 3180 849 3215 Nicomediensem
861 3205 871 3220 ,
898 3179 1053 3219 Bithiniae
1073 3180 1144 3214 Me-

269 3230 460 3274 tropolitam
471 3255 482 3271 ‚
493 3242 530 3264 ac
544 3229 739 3264 Eutherium
749 3230 988 3273 Thyanensem
999 3255 1009 3270 ,
1017 3230 1145 3269 Metro-

269 3281 409 3326 politam
420 3279 569 3314 secundae
581 3280 810 3324 Cappadociae,
823 3278 903 3319 adeo
915 3279 971 3314 fibi
983 3279 1146 3319 devinxit,

269 3332 304 3366 δε
317 3330 353 3367 in
375 3340 501 3365 tantam
520 3329 657 3364 deduxit
667 3331 927 3371 contumaciam,
954 3337 990 3363 ut
1002 3330 1142 3372 postmo-

268 3381 313 3414 do
324 3381 441 3416 initam
450 3379 661 3415 Ecclesiarum
672 3392 783 3424 pacem
795 3380 986 3423 participare
993 3380 1144 3423 nequive-

270 3430 335 3472 rint
346 3452 356 3477 2
381 3441 442 3470 uec
454 3432 491 3470 in
499 3427 566 3466 suis
576 3430 695 3467 firmari
708 3430 859 3474 Ecclesiis
873 3456 880 3464 .
892 3429 1045 3474 Ejusdem
1056 3412 1169 3512 sortisl

1217 270 1278 304 lita
1289 270 1398 314 primae
1410 270 1554 310 Cicilia,
1579 273 1624 309 Et
1637 272 1717 309 hinc
1725 275 1821 318 rsupra
1832 274 1903 309 dixi
1914 273 2021 318 ipsum
2030 276 2098 311 for-

1217 320 1299 358 sitan
1313 320 1436 356 laudari
1447 321 1482 355 in
1493 321 1631 362 adducta
1640 322 1790 360 ,Nestorii
1802 324 1959 368 Epistola.
1970 324 2097 362 Verum

1218 371 1348 420 firmus
1364 371 1576 406 Caesaraeenfis
1588 372 1770 416 Episcopus
1782 397 1793 414 ,
1805 375 1913 417 primae
1923 373 2098 419 Cappado-

1216 422 1273 456 ciae
1286 423 1504 466 Metropolita
1513 446 1523 461 ,
1548 433 1586 463 ac
1594 421 1721 460 Primas
1732 421 1880 458 Ponticae
1893 424 2098 469 Dioeceseos‚

1214 473 1391 515 permansit
1398 467 1671 507 constantiffimus
1683 483 1740 516 pro
1751 473 1816 508 fide
1829 472 2005 511 Catholica
2018 501 2025 509 .
2038 477 2098 511 Et-

1214 523 1304 558 enim
1328 522 1362 555 in
1382 522 1544 567 Ephefina
1567 522 1704 566 Synodo
1725 524 1789 558 fuit
1811 522 2099 570 unusepraecipuis

1213 572 1244 606 S.
1267 573 1388 616 Cyrssli
1412 572 1632 617 adjutoribus.
1662 572 1765 607 Unus
1786 574 1866 609 item
1887 574 2045 617 esynodi
2055 576 2098 611 ad

1212 622 1399 666 Principem
1413 624 1547 668 Legatis
1561 648 1572 664 ,
1597 625 1743 668 unusque
1761 634 1803 658 ex
1822 625 1857 659 S.
1871 624 2097 668 Maximiani,

1212 674 1292 707 novi
1320 673 1688 718 Constantinopolitani
1715 675 1871 719 Episcopi
1898 698 1909 715 ‚
1933 678 2098 711 consecra-

1211 723 1357 759 toribus.
1384 723 1463 764 Alia
1475 723 1540 768 ejus
1552 723 1683 768 heroica
1695 735 1797 769 opera
1818 723 2021 761 adducentur
2045 726 2096 762 in-

1210 774 1326 809 serius.

1261 824 1410 868 Epistola
1421 822 1489 860 haec
1501 837 1561 861 nos
1570 826 1670 860 etiam
1680 825 1779 861 docet
1791 826 1932 870 palmare
1943 827 2094 871 Ioannis,

1208 885 1246 907 ac
1266 875 1369 909 totius
1396 875 1548 911 factionis
1562 875 1712 911 adversus
1732 876 1791 910 ista
1809 877 1962 920 Capitula
1978 878 2095 913 funda·

1208 934 1376 959 mentum.
1405 926 1537 969 Nempe
1559 925 1649 971 quod
1670 927 1712 961 ab
1724 927 1797 970 ipsis
1818 928 1960 962 censeret
1981 928 2093 962 doceri

1206 973 1344 1011 duarum
1359 976 1393 1009 in
1405 975 1537 1010 Christo
1549 978 1703 1011 Domino
1716 986 1903 1011 naturarum
1915 988 1984 1010 non
1994 977 2093 1012 unio-

1206 1035 1282 1060 nem
1306 1050 1318 1066 ,
1345 1025 1397 1061 sed
1416 1027 1577 1062 unitatem
1597 1027 1632 1062 δε
1653 1027 1881 1061 confusionem
1902 1052 1909 1059 .
1941 1027 1987 1061 Et
2009 1027 2093 1062 reste

1206 1074 1356 1121 adjungit
1367 1075 1457 1111 hunc
1467 1079 1528 1112 esse
1539 1088 1680 1113 errorem
1691 1102 1702 1118 ‚
1713 1088 1783 1112 non
1798 1076 1999 1121 Apollinarii
2010 1101 2022 1118 ‚
2035 1077 2091 1122 sed

1207 1124 1515 1169 Apollinaristarum
1528 1151 1535 1159 .
1563 1127 1698 1162 Etenim
1713 1127 1971 1163 Dominicarum
1982 1127 2094 1162 Natu-

1205 1186 1308 1209 rarum
1321 1175 1550 1211 confusionem
1563 1177 1686 1221 semper
1705 1176 1739 1211 &
1751 1177 1940 1212 constanter
1950 1176 2090 1223 abnega-

1204 1226 1276 1266 vit,
1301 1226 1387 1260 &de
1410 1225 1469 1260 ista
1490 1226 1550 1260 fibi
1572 1227 1713 1271 impasta
1734 1227 1903 1263 calumnia
1928 1227 2046 1262 acriter
2058 1229 2134 1263 se⁴·*'

1201 1277 1393 1321 expurgavit
1414 1276 1642 1320 Apollinarius
1668 1302 1676 1310 .
1719 1277 1801 1321 Ejus
1816 1288 1905 1312 error
1927 1277 1992 1312 fuit
2021 1278 2090 1313 sola

1204 1325 1351 1361 humanae
1365 1337 1484 1361 naturae
1504 1327 1686 1362 diminutio
1705 1327 1740 1360 &
1754 1328 1922 1365 truncat'm
1942 1339 1998 1372 per
2019 1327 2092 1362 subv

1201 1379 1331 1411 trastam
1344 1376 1490 1410 animam
1500 1401 1510 1417 ,
1537 1387 1594 1411 aut
1605 1386 1751 1411 mentem
1762 1401 1770 1410 .
1800 1378 1963 1411 Confusio
1975 1378 2009 1411 &
2020 1378 2093 1411 uni<

1201 1438 1251 1461 tas
1263 1429 1336 1461 sunt
1349 1426 1391 1460 ab
1403 1426 1471 1469 ejus
1482 1425 1651 1470 discipulis
1663 1451 1674 1466 ,
1700 1425 1888 1462 Polemone
1897 1450 1909 1466 ,
1935 1426 2089 1460 Valenti·

1203 1489 1247 1511 no
1260 1502 1271 1518 ,
1297 1488 1335 1510 ac
1355 1474 1543 1510 Timotheo
1556 1501 1563 1508 .
1591 1475 1780 1511 Adversum
1798 1475 1875 1510 illos
1896 1478 1927 1511 S.
1939 1474 2091 1511 Athana·

1200 1528 1260 1560 sius
1283 1526 1403 1569 scripsit
1414 1526 1576 1561 eruditam
1597 1537 1635 1560 ac
1659 1525 1879 1560 venerandam
1903 1525 2088 1570 Epistolam
2112 1548 2114 1551 v

1200 1577 1241 1611 ad
1254 1577 1439 1620 Epictetum
1451 1576 1705 1620 Metropolitam
1717 1576 1985 1611 Corinthiorum.
2010 1576 2088 1612 Un-

1200 1627 1240 1661 de
1252 1626 1292 1661 ad
1302 1626 1437 1660 Clerum
1449 1627 1483 1660 ὃ(
1492 1626 1659 1671 Populum
1672 1626 2088 1672 constantinopolitanum

1199 1677 1279 1716 reste
1291 1677 1412 1719 scripsit
1428 1675 1576 1722 Magnus
1589 1678 1675 1721 Leo:
1706 1681 1781 1719 Non
1792 1680 1890 1712 Deum
1906 1678 2031 1712 ,tantiam
2042 1678 2088 1711 di·
2102 1680 2189 1721 Epist.
2199 1685 2247 1718 48.

1198 1733 1293 1761 cimus
1317 1726 1488 1769 Christum,
1510 1727 1585 1768 ficut
1604 1733 1746 1765 Haeretici
1759 1727 1921 1762 Manichaei
1935 1741 1945 1771 ;
1972 1740 2023 1762 nec
2036 1727 2087 1762 bo·
2101 1723 2175 1763 C2P·
2199 1730 2227 1759 5·

1200 1783 1309 1815 minem
1324 1779 1443 1811 tantiam
1456 1800 1467 1816 ,
1486 1777 1559 1819 ficut
1584 1778 1723 1813 Haeretic‘i
1747 1777 1940 1822 Photiniam'3
1968 1790 2019 1814 nec
2040 1783 2086 1813 ita

1200 1828 1345 1862 hominem
1355 1837 1387 1862 ut
1399 1828 1518 1870 aliquid
1526 1833 1553 1863 ei
1566 1828 1637 1870 defit
1647 1830 1726 1871 quod
1744 1830 1790 1863 ad
1798 1829 1963 1866 humanam
1975 1837 2087 1863 certum

1201 1876 1397 1922 estpertinere
1420 1887 1561 1914 naturam
1578 1902 1589 1919 ,
1610 1877 1674 1920 five
1696 1884 1849 1920 animam,
1869 1879 1934 1920 five
1954 1887 2086 1913 mentem

1200 1933 1377 1963 rationalem
1391 1954 1400 1969 ,
1420 1930 1486 1970 five
1496 1939 1635 1970 carnem,
1663 1940 1731 1972 quae
1754 1939 1812 1962 non
1833 1930 1871 1961 de
1873 1927 1995 1969 femina
2004 1926 2090 1970 sana-

1199 1978 1297 2024 ptafit
1311 2003 1322 2018 ,
1343 1978 1497 2022 sedfac‘la
1511 1980 1547 2012 de
1560 1979 1652 2012 Verbo
1663 1986 1696 2012 in
1710 1989 1828 2011 carnem
1848 1976 1982 2020 converso
1996 1987 2088 2020 atque

1201 2038 1336 2071 mutar03
1364 2041 1431 2071 quae
1453 2036 1517 2062 tria
1528 2027 1617 2071 falsa
1640 2030 1674 2062 ὦ*
1700 2040 1786 2062 vana
1807 2027 2087 2070 Apollinarzstarum

1203 2085 1418 2115 Haereticerum
1432 2089 1492 2113 tres
1511 2087 1620 2121 partes
1633 2084 1740 2112 varias
1748 2079 1936 2121 protulerunt
1947 2103 1954 2110 .
1982 2076 2088 2125 Qud

1203 2131 1307 2172 ipsum
1330 2128 1410 2163 hinc
1439 2129 1519 2163 inde
1543 2129 1683 2164 advertit
1703 2130 1733 2163 S.
1758 2129 1985 2174 Augustinus.
2015 2128 2088 2164 Alii

1203 2180 1314 2223 itaque
1333 2188 1439 2214 totam
1454 2179 1600 2214 animam
1615 2203 1626 2220 ,
1653 2179 1710 2213 alii
1724 2180 1827 2215 solam
1840 2188 2005 2219 mentem,
2031 2178 2089 2214 alii

1204 2229 1445 2273 Apollinaristae
1457 2230 1641 2265 docuerunt
1652 2230 1807 2265 Domino
1819 2229 1953 2264 defuisse
1977 2240 2089 2263 veram

1202 2292 1353 2314 carnem:
1383 2281 1599 2327 Garriverunt
1622 2291 1811 2314 naturarum
1821 2280 2089 2320 converfionem‚

1203 2331 1417 2370 mixtionem,
1442 2327 1668 2365 confusionem
1692 2356 1703 2372 ,
1728 2332 1888 2366 unitatem
1914 2355 1921 2362 .
1948 2330 1997 2363 Ita
2019 2340 2090 2375 gar·

1202 2382 1346 2415 riverunt
1360 2379 1522 2414 Polemon
1535 2404 1546 2420 ,
1572 2379 1778 2416 Timotheus
1790 2406 1802 2422 ‚
1821 2392 1859 2414 ac
1873 2379 2090 2414 Valentinus.

1204 2431 1248 2463 Et
1268 2430 1324 2463 hic
1347 2431 1491 2464 omnino
1515 2431 1560 2464 est
1575 2430 1802 2469 Valentinus,
1828 2430 1869 2463 de
1890 2429 1983 2471 cujus
1993 2430 2091 2463 sedia-

1202 2481 1294 2512 tione
1317 2491 1354 2512 ac
1372 2490 1478 2513 errore
1499 2479 1606 2514 Sanffi
1632 2478 1743 2514 Patres
1765 2481 1949 2522 frequenter
1968 2487 2092 2512 notant

1202 2528 1453 2562 Haerefiarcham
1467 2527 1689 2570 Eutycherem
1702 2552 1709 2559 .
1738 2527 1887 2574 Qidam
1897 2527 2089 2563 existimant

1205 2579 1311 2611 notari
1330 2577 1371 2610 de
1385 2578 1456 2610 solo
1466 2578 1605 2620 antiquo
1619 2577 1678 2609 illo
1693 2601 1704 2616 ,
1731 2577 1765 2609 &
1777 2576 1941 2610 Gnostieo
1967 2576 2089 2611 Valen-

1203 2628 1276 2661 tino
1304 2651 1310 2658 .
1338 2626 1475 2660 Peffime
1498 2651 1505 2658 .
1534 2626 1616 2659 Non
1637 2637 1726 2670 nego
1752 2626 1933 2671 aliquando
1957 2627 2085 2659 notati:

1203 2677 1387 2711 Dumtaxat
1406 2674 1507 2710 affero
1519 2676 1630 2719 paffim
1654 2676 1761 2710 notari
1774 2676 1815 2711 de
1827 2675 2066 2719 Apollinarista
2078 2702 2086 2708 .

1203 2728 1257 2761 De
1268 2727 1362 2761 tertia
1375 2725 1684 2769 Apollinaristarum
1696 2726 1784 2761 Secta
1796 2728 1938 2770 Joannes
1949 2726 2091 2761 Patriars·

1204 2775 1266 2811 cha
1300 2775 1355 2810 hic
1381 2777 1481 2810 etiam
1514 2786 1609 2810 notat
1635 2777 1744 2811 Sand‘ti
1767 2777 1888 2820 Cyrilli
1912 2776 2089 2820 capitula.

1203 2828 1297 2861 Hinc
1318 2826 1401 2860 dicit
1426 2826 1494 2870 ipsa
1519 2828 1703 2861 consentire
1722 2851 1733 2866 ‚
1759 2838 1829 2861 non
1850 2826 2089 2871 Apollinario‚

1206 2877 1259 2912 sed
1271 2876 1518 2920 Apollinaristis
1530 2902 1538 2910 .
1568 2876 1616 2912 Ea
1629 2878 1720 2911 enim
1734 2887 1829 2912 notat
1845 2877 1887 2911 de
1900 2886 2090 2912 naturarum

1204 2927 1395 2962 confusione
1407 2938 1445 2960 ac
1466 2927 1596 2962 unitate
1606 2953 1613 2960 .
1640 2926 1801 2962 Videatur
1813 2928 1974 2962 Leontius
1988 2926 2090 2961 Scho-

1205 2977 1334 3014 lasticus
1347 2976 1550 3019 Byzantinus
1569 2978 1606 3012 in
1631 2977 1723 3013 libris
1746 2988 1860 3014 contra
1869 2976 2089 3015 Nestorianos

1205 3040 1242 3064 ac
1268 3025 1512 3070 Eutychianos.

1456 3176 1539 3266 ff
1758 3174 1841 3266 ’δῖ

1867 3476 2043 3517 CAPUT
