<?xml version="1.0" encoding="UTF-8"?>
<!DOCTYPE html PUBLIC "-//W3C//DTD XHTML 1.0 Transitional//EN"
    "http://www.w3.org/TR/xhtml1/DTD/xhtml1-transitional.dtd">
<html xmlns="http://www.w3.org/1999/xhtml" xml:lang="en" lang="en">
 <head>
  <title>
</title>
<meta http-equiv="Content-Type" content="text/html;charset=utf-8" />
  <meta name='ocr-system' content='tesseract 3.04.00' />
  <meta name='ocr-capabilities' content='ocr_page ocr_carea ocr_par ocr_line ocrx_word'/>
</head>
<body>
  <div class='ocr_page' id='page_1' title='image "./operaomniastudio07lupuuoft_0225.png"; bbox 0 0 2320 3730; ppageno 0'>
   <div class='ocr_carea' id='block_1_1' title="bbox 608 189 1686 250">
    <p class='ocr_par' dir='ltr' id='par_1_1' title="bbox 608 189 1686 250">
     <span class='ocr_line' id='line_1_1' title="bbox 608 189 1686 250; baseline -0.002 -11"><span class='ocrx_word' id='word_1_1' title='bbox 608 195 919 250; x_wconf 69' lang='lat' dir='ltr'>senonis,</span> <span class='ocrx_word' id='word_1_2' title='bbox 958 207 1020 238; x_wconf 76' lang='lat' dir='ltr'>er</span> <span class='ocrx_word' id='word_1_3' title='bbox 1055 189 1248 236; x_wconf 78' lang='lat' dir='ltr'>Nous</span> <span class='ocrx_word' id='word_1_4' title='bbox 1283 203 1686 238; x_wconf 71' lang='lat' dir='ltr'>ILLUSTRATAE.</span> 
     </span>
    </p>
   </div>
   <div class='ocr_carea' id='block_1_2' title="bbox 1148 269 2030 368">
    <p class='ocr_par' dir='ltr' id='par_1_2' title="bbox 1148 269 2030 368">
     <span class='ocr_line' id='line_1_2' title="bbox 1148 269 2030 317; baseline 0.007 -11"><span class='ocrx_word' id='word_1_5' title='bbox 1148 272 1284 317; x_wconf 84' lang='lat' dir='ltr'>gatioue</span> <span class='ocrx_word' id='word_1_6' title='bbox 1305 269 1433 315; x_wconf 83' lang='lat' dir='ltr'>plenam</span> <span class='ocrx_word' id='word_1_7' title='bbox 1457 272 1709 306; x_wconf 69' lang='lat' dir='ltr'>satisfastionem</span> <span class='ocrx_word' id='word_1_8' title='bbox 1729 274 1882 312; x_wconf 85' lang='lat' dir='ltr'>omnium</span> <span class='ocrx_word' id='word_1_9' title='bbox 1901 273 2030 312; x_wconf 68' lang='lat' dir='ltr'>Dubio⁴</span> 
     </span>
     <span class='ocr_line' id='line_1_3' title="bbox 1150 321 1929 368; baseline 0.005 -12"><span class='ocrx_word' id='word_1_10' title='bbox 1150 334 1222 356; x_wconf 91' lang='lat' dir='ltr'>rum</span> <span class='ocrx_word' id='word_1_11' title='bbox 1236 346 1246 362; x_wconf 93' lang='lat'>,</span> <span class='ocrx_word' id='word_1_12' title='bbox 1273 333 1380 356; x_wconf 88' lang='lat' dir='ltr'>veram</span> <span class='ocrx_word' id='word_1_13' title='bbox 1393 334 1429 356; x_wconf 94' lang='lat' dir='ltr'>ac</span> <span class='ocrx_word' id='word_1_14' title='bbox 1440 321 1623 367; x_wconf 82' lang='lat' dir='ltr'>legitimam</span> <span class='ocrx_word' id='word_1_15' title='bbox 1642 322 1790 357; x_wconf 85' lang='lat' dir='ltr'>Ecclesiae</span> <span class='ocrx_word' id='word_1_16' title='bbox 1800 337 1910 368; x_wconf 82' lang='lat' dir='ltr'>pacem</span> <span class='ocrx_word' id='word_1_17' title='bbox 1922 354 1929 361; x_wconf 94' lang='lat'><strong>.</strong></span> 
     </span>
    </p>
   </div>
   <div class='ocr_carea' id='block_1_3' title="bbox 205 272 1110 3457">
    <p class='ocr_par' dir='ltr' id='par_1_3' title="bbox 205 272 1095 1111">
     <span class='ocr_line' id='line_1_4' title="bbox 207 272 1087 323; baseline -0.003 -13"><span class='ocrx_word' id='word_1_18' title='bbox 207 280 271 315; x_wconf 75' lang='lat' dir='ltr'>Per</span> <span class='ocrx_word' id='word_1_19' title='bbox 291 291 368 321; x_wconf 66' lang='lat' dir='ltr'>eos,</span> <span class='ocrx_word' id='word_1_20' title='bbox 392 276 448 323; x_wconf 88' lang='lat' dir='ltr'>qui</span> <span class='ocrx_word' id='word_1_21' title='bbox 473 275 506 311; x_wconf 88' lang='lat' dir='ltr'>in</span> <span class='ocrx_word' id='word_1_22' title='bbox 529 275 640 311; x_wconf 87' lang='lat' dir='ltr'>Ponto</span> <span class='ocrx_word' id='word_1_23' title='bbox 668 274 836 317; x_wconf 83' lang='lat' dir='ltr'>habitant,</span> <span class='ocrx_word' id='word_1_24' title='bbox 865 277 1008 320; x_wconf 84' lang='lat' dir='ltr'>Joannes</span> <span class='ocrx_word' id='word_1_25' title='bbox 1027 272 1087 308; x_wconf 87' lang='lat' dir='ltr'>Pa-</span> 
     </span>
     <span class='ocr_line' id='line_1_5' title="bbox 207 326 1090 371; baseline -0.014 -3"><span class='ocrx_word' id='word_1_26' title='bbox 207 331 342 368; x_wconf 81' lang='lat' dir='ltr'>triarcha</span> <span class='ocrx_word' id='word_1_27' title='bbox 363 327 489 361; x_wconf 80' lang='lat' dir='ltr'>videtur</span> <span class='ocrx_word' id='word_1_28' title='bbox 511 326 695 371; x_wconf 87' lang='lat' dir='ltr'>intelligere</span> <span class='ocrx_word' id='word_1_29' title='bbox 726 327 875 362; x_wconf 86' lang='lat' dir='ltr'>Firmum</span> <span class='ocrx_word' id='word_1_30' title='bbox 903 327 1090 361; x_wconf 80' lang='lat' dir='ltr'>Caesaraeen·</span> 
     </span>
     <span class='ocr_line' id='line_1_6' title="bbox 207 373 1086 420; baseline -0.008 -7"><span class='ocrx_word' id='word_1_31' title='bbox 207 384 274 417; x_wconf 77' lang='lat' dir='ltr'>sem</span> <span class='ocrx_word' id='word_1_32' title='bbox 293 404 303 420; x_wconf 90' lang='lat'>,</span> <span class='ocrx_word' id='word_1_33' title='bbox 331 377 494 412; x_wconf 81' lang='lat' dir='ltr'>Acacium</span> <span class='ocrx_word' id='word_1_34' title='bbox 516 376 763 412; x_wconf 83' lang='lat' dir='ltr'>Melitinensem</span> <span class='ocrx_word' id='word_1_35' title='bbox 784 402 795 418; x_wconf 89' lang='lat'>,</span> <span class='ocrx_word' id='word_1_36' title='bbox 822 378 968 418; x_wconf 86' lang='lat' dir='ltr'>aliosque</span> <span class='ocrx_word' id='word_1_37' title='bbox 995 373 1086 408; x_wconf 81' lang='lat' dir='ltr'>istius</span> 
     </span>
     <span class='ocr_line' id='line_1_7' title="bbox 207 424 1090 470; baseline -0.008 -5"><span class='ocrx_word' id='word_1_38' title='bbox 207 428 361 467; x_wconf 77' lang='lat' dir='ltr'>Dioecefis</span> <span class='ocrx_word' id='word_1_39' title='bbox 381 427 511 470; x_wconf 87' lang='lat' dir='ltr'>Cyrillo</span> <span class='ocrx_word' id='word_1_40' title='bbox 534 426 735 464; x_wconf 76' lang='lat' dir='ltr'>adhaerentes</span> <span class='ocrx_word' id='word_1_41' title='bbox 758 428 955 470; x_wconf 88' lang='lat' dir='ltr'>Episcopos.</span> <span class='ocrx_word' id='word_1_42' title='bbox 983 426 1028 459; x_wconf 86' lang='lat' dir='ltr'>Et</span> <span class='ocrx_word' id='word_1_43' title='bbox 1050 424 1090 458; x_wconf 89' lang='lat' dir='ltr'>de</span> 
     </span>
     <span class='ocr_line' id='line_1_8' title="bbox 207 474 1091 524; baseline -0.011 -8"><span class='ocrx_word' id='word_1_44' title='bbox 207 480 277 524; x_wconf 84' lang='lat' dir='ltr'>ipsis</span> <span class='ocrx_word' id='word_1_45' title='bbox 297 479 435 513; x_wconf 86' lang='lat' dir='ltr'>affirmat</span> <span class='ocrx_word' id='word_1_46' title='bbox 452 476 519 511; x_wconf 88' lang='lat' dir='ltr'>duo</span> <span class='ocrx_word' id='word_1_47' title='bbox 533 501 540 509; x_wconf 93' lang='lat'>.</span> <span class='ocrx_word' id='word_1_48' title='bbox 567 477 706 518; x_wconf 73' lang='lat' dir='ltr'>Primo,</span> <span class='ocrx_word' id='word_1_49' title='bbox 732 476 821 520; x_wconf 87' lang='lat' dir='ltr'>quod</span> <span class='ocrx_word' id='word_1_50' title='bbox 843 477 878 511; x_wconf 74' lang='grc' dir='ltr'>ἀ</span> <span class='ocrx_word' id='word_1_51' title='bbox 901 475 951 509; x_wconf 89' lang='lat' dir='ltr'>illi</span> <span class='ocrx_word' id='word_1_52' title='bbox 964 474 1091 508; x_wconf 89' lang='lat' dir='ltr'>studue-</span> 
     </span>
     <span class='ocr_line' id='line_1_9' title="bbox 206 521 1092 570; baseline -0.01 -5"><span class='ocrx_word' id='word_1_53' title='bbox 206 531 273 565; x_wconf 79' lang='lat' dir='ltr'>rint</span> <span class='ocrx_word' id='word_1_54' title='bbox 283 528 442 563; x_wconf 88' lang='lat' dir='ltr'>moderari</span> <span class='ocrx_word' id='word_1_55' title='bbox 455 528 528 561; x_wconf 87' lang='lat' dir='ltr'>lires</span> <span class='ocrx_word' id='word_1_56' title='bbox 540 539 595 567; x_wconf 89' lang='lat' dir='ltr'>‚ac</span> <span class='ocrx_word' id='word_1_57' title='bbox 610 538 721 570; x_wconf 84' lang='lat' dir='ltr'>pacem</span> <span class='ocrx_word' id='word_1_58' title='bbox 734 526 884 561; x_wconf 89' lang='lat' dir='ltr'>inducere</span> <span class='ocrx_word' id='word_1_59' title='bbox 894 549 901 557; x_wconf 85' lang='lat'><strong>.</strong></span> <span class='ocrx_word' id='word_1_60' title='bbox 929 521 1092 562; x_wconf 72' lang='lat' dir='ltr'>Secundo,</span> 
     </span>
     <span class='ocr_line' id='line_1_10' title="bbox 208 573 1092 624; baseline -0.009 -10"><span class='ocrx_word' id='word_1_61' title='bbox 208 579 298 624; x_wconf 88' lang='lat' dir='ltr'>quod</span> <span class='ocrx_word' id='word_1_62' title='bbox 319 579 451 612; x_wconf 86' lang='lat' dir='ltr'>illorum</span> <span class='ocrx_word' id='word_1_63' title='bbox 476 577 586 614; x_wconf 87' lang='lat' dir='ltr'>nullus</span> <span class='ocrx_word' id='word_1_64' title='bbox 607 575 783 620; x_wconf 89' lang='lat' dir='ltr'>usquehuc</span> <span class='ocrx_word' id='word_1_65' title='bbox 803 577 845 611; x_wconf 89' lang='lat' dir='ltr'>ad</span> <span class='ocrx_word' id='word_1_66' title='bbox 868 585 935 610; x_wconf 88' lang='lat' dir='ltr'>tarn</span> <span class='ocrx_word' id='word_1_67' title='bbox 949 573 1092 608; x_wconf 79' lang='lat' dir='ltr'>lucidam</span> 
     </span>
     <span class='ocr_line' id='line_1_11' title="bbox 207 623 1092 671; baseline -0.008 -7"><span class='ocrx_word' id='word_1_68' title='bbox 207 630 351 665; x_wconf 83' lang='lat' dir='ltr'>veritatis</span> <span class='ocrx_word' id='word_1_69' title='bbox 382 627 610 671; x_wconf 86' lang='lat' dir='ltr'>profeffionem</span> <span class='ocrx_word' id='word_1_70' title='bbox 631 627 817 667; x_wconf 85' lang='lat' dir='ltr'>devenerit,</span> <span class='ocrx_word' id='word_1_71' title='bbox 843 624 984 666; x_wconf 86' lang='lat' dir='ltr'>ideoque</span> <span class='ocrx_word' id='word_1_72' title='bbox 1003 623 1092 668; x_wconf 90' lang='lat' dir='ltr'>quod</span> 
     </span>
     <span class='ocr_line' id='line_1_12' title="bbox 207 673 1093 721; baseline -0.01 -6"><span class='ocrx_word' id='word_1_73' title='bbox 207 692 250 715; x_wconf 83' lang='lat' dir='ltr'>ex</span> <span class='ocrx_word' id='word_1_74' title='bbox 268 679 329 715; x_wconf 86' lang='lat' dir='ltr'>ista</span> <span class='ocrx_word' id='word_1_75' title='bbox 351 676 473 721; x_wconf 87' lang='lat' dir='ltr'>Cyrilli</span> <span class='ocrx_word' id='word_1_76' title='bbox 485 677 676 720; x_wconf 83' lang='lat' dir='ltr'>professione</span> <span class='ocrx_word' id='word_1_77' title='bbox 695 673 946 710; x_wconf 73' lang='lat' dir='ltr'>manifestissime</span> <span class='ocrx_word' id='word_1_78' title='bbox 956 674 1093 709; x_wconf 90' lang='lat' dir='ltr'>convin-</span> 
     </span>
     <span class='ocr_line' id='line_1_13' title="bbox 208 723 1092 767; baseline -0.009 -3"><span class='ocrx_word' id='word_1_79' title='bbox 208 740 326 764; x_wconf 79' lang='lat' dir='ltr'>cantur</span> <span class='ocrx_word' id='word_1_80' title='bbox 349 753 357 760; x_wconf 91' lang='lat'>.</span> <span class='ocrx_word' id='word_1_81' title='bbox 386 728 563 762; x_wconf 74' lang='lat' dir='ltr'>Praesertim</span> <span class='ocrx_word' id='word_1_82' title='bbox 587 725 805 762; x_wconf 85' lang='lat' dir='ltr'>Melitinenfis</span> <span class='ocrx_word' id='word_1_83' title='bbox 832 724 975 761; x_wconf 84' lang='lat' dir='ltr'>Aeacius</span> <span class='ocrx_word' id='word_1_84' title='bbox 1000 747 1010 764; x_wconf 94' lang='lat'>,</span> <span class='ocrx_word' id='word_1_85' title='bbox 1037 723 1092 767; x_wconf 89' lang='lat' dir='ltr'>qui</span> 
     </span>
     <span class='ocr_line' id='line_1_14' title="bbox 208 774 1095 820; baseline -0.007 -7"><span class='ocrx_word' id='word_1_86' title='bbox 208 778 419 814; x_wconf 82' lang='lat' dir='ltr'>Chalcedone</span> <span class='ocrx_word' id='word_1_87' title='bbox 431 788 540 812; x_wconf 85' lang='lat' dir='ltr'>coram</span> <span class='ocrx_word' id='word_1_88' title='bbox 554 777 623 819; x_wconf 88' lang='lat' dir='ltr'>ipso</span> <span class='ocrx_word' id='word_1_89' title='bbox 634 774 786 820; x_wconf 84' lang='lat' dir='ltr'>Principe</span> <span class='ocrx_word' id='word_1_90' title='bbox 811 777 935 811; x_wconf 86' lang='lat' dir='ltr'>dixerat</span> <span class='ocrx_word' id='word_1_91' title='bbox 949 777 1095 809; x_wconf 74' lang='lat' dir='ltr'>Deitatem</span> 
     </span>
     <span class='ocr_line' id='line_1_15' title="bbox 205 823 1093 875; baseline -0.006 -13"><span class='ocrx_word' id='word_1_92' title='bbox 205 830 382 873; x_wconf 72' lang='lat' dir='ltr'>paffibisem.</span> <span class='ocrx_word' id='word_1_93' title='bbox 411 827 496 875; x_wconf 76' lang='lat' dir='ltr'>Quis</span> <span class='ocrx_word' id='word_1_94' title='bbox 522 826 596 863; x_wconf 80' lang='lat' dir='ltr'>vero</span> <span class='ocrx_word' id='word_1_95' title='bbox 617 827 657 859; x_wconf 84' lang='lat' dir='ltr'>fit</span> <span class='ocrx_word' id='word_1_96' title='bbox 678 826 734 861; x_wconf 91' lang='lat' dir='ltr'>ille</span> <span class='ocrx_word' id='word_1_97' title='bbox 755 838 794 860; x_wconf 87' lang='lat' dir='ltr'>ex</span> <span class='ocrx_word' id='word_1_98' title='bbox 820 824 1003 861; x_wconf 85' lang='lat' dir='ltr'>Alexandri</span> <span class='ocrx_word' id='word_1_99' title='bbox 1017 823 1093 858; x_wconf 87' lang='lat' dir='ltr'>vici-</span> 
     </span>
     <span class='ocr_line' id='line_1_16' title="bbox 209 874 1093 922; baseline -0.009 -8"><span class='ocrx_word' id='word_1_100' title='bbox 209 880 282 919; x_wconf 83' lang='lat' dir='ltr'>nis,</span> <span class='ocrx_word' id='word_1_101' title='bbox 309 889 407 922; x_wconf 88' lang='lat' dir='ltr'>quem</span> <span class='ocrx_word' id='word_1_102' title='bbox 431 878 572 921; x_wconf 88' lang='lat' dir='ltr'>Joannes</span> <span class='ocrx_word' id='word_1_103' title='bbox 590 875 681 919; x_wconf 62' lang='lat' dir='ltr'>optdt</span> <span class='ocrx_word' id='word_1_104' title='bbox 705 878 738 910; x_wconf 90' lang='lat' dir='ltr'>in</span> <span class='ocrx_word' id='word_1_105' title='bbox 753 877 845 911; x_wconf 86' lang='lat' dir='ltr'>istam</span> <span class='ocrx_word' id='word_1_106' title='bbox 857 874 1093 912; x_wconf 85' lang='lat' dir='ltr'>confeffionem</span> 
     </span>
     <span class='ocr_line' id='line_1_17' title="bbox 208 925 1094 971; baseline -0.01 -6"><span class='ocrx_word' id='word_1_107' title='bbox 208 939 378 965; x_wconf 84' lang='lat' dir='ltr'>occurrere</span> <span class='ocrx_word' id='word_1_108' title='bbox 402 950 412 966; x_wconf 89' lang='lat'>,</span> <span class='ocrx_word' id='word_1_109' title='bbox 447 927 567 971; x_wconf 85' lang='lat' dir='ltr'>ignoro</span> <span class='ocrx_word' id='word_1_110' title='bbox 592 951 600 959; x_wconf 95' lang='lat'><em>.</em></span> <span class='ocrx_word' id='word_1_111' title='bbox 638 927 773 961; x_wconf 86' lang='lat' dir='ltr'>Interim</span> <span class='ocrx_word' id='word_1_112' title='bbox 812 927 891 961; x_wconf 90' lang='lat' dir='ltr'>hinc</span> <span class='ocrx_word' id='word_1_113' title='bbox 916 925 1094 963; x_wconf 84' lang='lat' dir='ltr'>discimus,</span> 
     </span>
     <span class='ocr_line' id='line_1_18' title="bbox 208 973 1094 1023; baseline -0.008 -9"><span class='ocrx_word' id='word_1_114' title='bbox 208 979 298 1023; x_wconf 76' lang='lat' dir='ltr'>quod</span> <span class='ocrx_word' id='word_1_115' title='bbox 311 979 444 1014; x_wconf 68' lang='lat' dir='ltr'>Sanetus</span> <span class='ocrx_word' id='word_1_116' title='bbox 455 977 603 1021; x_wconf 87' lang='lat' dir='ltr'>Cyrillus</span> <span class='ocrx_word' id='word_1_117' title='bbox 612 977 709 1011; x_wconf 86' lang='lat' dir='ltr'>etiam</span> <span class='ocrx_word' id='word_1_118' title='bbox 723 977 757 1009; x_wconf 90' lang='lat' dir='ltr'>in</span> <span class='ocrx_word' id='word_1_119' title='bbox 779 975 945 1011; x_wconf 85' lang='lat' dir='ltr'>Orientali</span> <span class='ocrx_word' id='word_1_120' title='bbox 957 973 1094 1009; x_wconf 81' lang='lat' dir='ltr'>Dioecefi</span> 
     </span>
     <span class='ocr_line' id='line_1_19' title="bbox 208 1024 1095 1066; baseline -0.006 -4"><span class='ocrx_word' id='word_1_121' title='bbox 208 1030 283 1063; x_wconf 87' lang='lat' dir='ltr'>suos</span> <span class='ocrx_word' id='word_1_122' title='bbox 299 1029 440 1063; x_wconf 87' lang='lat' dir='ltr'>fautores</span> <span class='ocrx_word' id='word_1_123' title='bbox 460 1026 630 1066; x_wconf 85' lang='lat' dir='ltr'>habuerit,</span> <span class='ocrx_word' id='word_1_124' title='bbox 656 1025 757 1059; x_wconf 81' lang='lat' dir='ltr'>etiam</span> <span class='ocrx_word' id='word_1_125' title='bbox 785 1025 820 1059; x_wconf 90' lang='lat' dir='ltr'>in</span> <span class='ocrx_word' id='word_1_126' title='bbox 834 1025 987 1060; x_wconf 85' lang='lat' dir='ltr'>Ecclefiis</span> <span class='ocrx_word' id='word_1_127' title='bbox 1013 1024 1095 1060; x_wconf 70' lang='lat' dir='ltr'>ultra</span> 
     </span>
     <span class='ocr_line' id='line_1_20' title="bbox 209 1078 375 1111; baseline -0.018 0"><span class='ocrx_word' id='word_1_128' title='bbox 209 1078 375 1111; x_wconf 83' lang='lat' dir='ltr'>Taurum.</span> 
     </span>
    </p>

    <p class='ocr_par' dir='ltr' id='par_1_4' title="bbox 208 1122 1110 3412">
     <span class='ocr_line' id='line_1_21' title="bbox 260 1122 1095 1167; baseline -0.004 -5"><span class='ocrx_word' id='word_1_129' title='bbox 260 1125 364 1162; x_wconf 76' lang='lat' dir='ltr'>Porro</span> <span class='ocrx_word' id='word_1_130' title='bbox 387 1124 457 1167; x_wconf 86' lang='lat' dir='ltr'>post</span> <span class='ocrx_word' id='word_1_131' title='bbox 481 1122 539 1160; x_wconf 85' lang='lat' dir='ltr'>has</span> <span class='ocrx_word' id='word_1_132' title='bbox 563 1124 684 1167; x_wconf 84' lang='lat' dir='ltr'>Cyrilli</span> <span class='ocrx_word' id='word_1_133' title='bbox 696 1125 838 1160; x_wconf 86' lang='lat' dir='ltr'>redditas</span> <span class='ocrx_word' id='word_1_134' title='bbox 850 1124 1041 1160; x_wconf 80' lang='lat' dir='ltr'>Berrhaeensi</span> <span class='ocrx_word' id='word_1_135' title='bbox 1054 1125 1095 1159; x_wconf 91' lang='lat' dir='ltr'>A·</span> 
     </span>
     <span class='ocr_line' id='line_1_22' title="bbox 208 1174 1096 1217; baseline -0.002 -6"><span class='ocrx_word' id='word_1_136' title='bbox 208 1175 302 1211; x_wconf 84' lang='lat' dir='ltr'>cacio</span> <span class='ocrx_word' id='word_1_137' title='bbox 317 1176 437 1210; x_wconf 84' lang='lat' dir='ltr'>litteras</span> <span class='ocrx_word' id='word_1_138' title='bbox 449 1199 460 1216; x_wconf 87' lang='lat'>,</span> <span class='ocrx_word' id='word_1_139' title='bbox 487 1175 628 1217; x_wconf 89' lang='lat' dir='ltr'>Joannes</span> <span class='ocrx_word' id='word_1_140' title='bbox 639 1174 826 1210; x_wconf 85' lang='lat' dir='ltr'>Patriarcha</span> <span class='ocrx_word' id='word_1_141' title='bbox 840 1176 963 1211; x_wconf 86' lang='lat' dir='ltr'>indixit</span> <span class='ocrx_word' id='word_1_142' title='bbox 975 1187 1096 1210; x_wconf 89' lang='lat' dir='ltr'>novam</span> 
     </span>
     <span class='ocr_line' id='line_1_23' title="bbox 209 1224 1096 1270; baseline -0.003 -9"><span class='ocrx_word' id='word_1_143' title='bbox 209 1225 406 1269; x_wconf 73' lang='lat' dir='ltr'>synodum,</span> <span class='ocrx_word' id='word_1_144' title='bbox 433 1225 532 1268; x_wconf 87' lang='lat' dir='ltr'>idque</span> <span class='ocrx_word' id='word_1_145' title='bbox 553 1225 638 1267; x_wconf 89' lang='lat' dir='ltr'>apud</span> <span class='ocrx_word' id='word_1_146' title='bbox 665 1224 848 1259; x_wconf 87' lang='lat' dir='ltr'>Berrhaeam</span> <span class='ocrx_word' id='word_1_147' title='bbox 863 1251 870 1258; x_wconf 87' lang='lat'>.</span> <span class='ocrx_word' id='word_1_148' title='bbox 898 1227 935 1260; x_wconf 86' lang='lat' dir='ltr'>ln</span> <span class='ocrx_word' id='word_1_149' title='bbox 959 1226 1096 1270; x_wconf 85' lang='lat' dir='ltr'>gratiam</span> 
     </span>
     <span class='ocr_line' id='line_1_24' title="bbox 210 1273 1097 1319; baseline -0.002 -9"><span class='ocrx_word' id='word_1_150' title='bbox 210 1276 304 1313; x_wconf 87' lang='lat' dir='ltr'>Senis</span> <span class='ocrx_word' id='word_1_151' title='bbox 327 1275 467 1313; x_wconf 87' lang='lat' dir='ltr'>Aeacii,</span> <span class='ocrx_word' id='word_1_152' title='bbox 493 1274 535 1308; x_wconf 86' lang='lat' dir='ltr'>ab</span> <span class='ocrx_word' id='word_1_153' title='bbox 557 1273 614 1308; x_wconf 85' lang='lat' dir='ltr'>illa</span> <span class='ocrx_word' id='word_1_154' title='bbox 637 1273 760 1308; x_wconf 89' lang='lat' dir='ltr'>Paulus</span> <span class='ocrx_word' id='word_1_155' title='bbox 773 1275 953 1311; x_wconf 87' lang='lat' dir='ltr'>Emesenus</span> <span class='ocrx_word' id='word_1_156' title='bbox 966 1275 1097 1319; x_wconf 87' lang='lat' dir='ltr'>Episco-</span> 
     </span>
     <span class='ocr_line' id='line_1_25' title="bbox 209 1321 1098 1374; baseline -0.001 -14"><span class='ocrx_word' id='word_1_157' title='bbox 209 1337 291 1371; x_wconf 83' lang='lat' dir='ltr'>pus,</span> <span class='ocrx_word' id='word_1_158' title='bbox 318 1323 434 1360; x_wconf 87' lang='lat' dir='ltr'>Acacii</span> <span class='ocrx_word' id='word_1_159' title='bbox 454 1324 495 1360; x_wconf 83' lang='lat' dir='ltr'>ad</span> <span class='ocrx_word' id='word_1_160' title='bbox 518 1321 713 1368; x_wconf 84' lang='lat' dir='ltr'>Ephesinam</span> <span class='ocrx_word' id='word_1_161' title='bbox 734 1325 909 1374; x_wconf 87' lang='lat' dir='ltr'>Synodum</span> <span class='ocrx_word' id='word_1_162' title='bbox 929 1337 1031 1369; x_wconf 89' lang='lat' dir='ltr'>nuper</span> <span class='ocrx_word' id='word_1_163' title='bbox 1042 1326 1098 1361; x_wconf 93' lang='lat' dir='ltr'>Vi·</span> 
     </span>
     <span class='ocr_line' id='line_1_26' title="bbox 210 1374 1099 1418; baseline 0 -9"><span class='ocrx_word' id='word_1_164' title='bbox 210 1375 318 1411; x_wconf 77' lang='lat' dir='ltr'>carius</span> <span class='ocrx_word' id='word_1_165' title='bbox 337 1387 376 1410; x_wconf 88' lang='lat' dir='ltr'>ac</span> <span class='ocrx_word' id='word_1_166' title='bbox 399 1374 561 1418; x_wconf 87' lang='lat' dir='ltr'>Legatus,</span> <span class='ocrx_word' id='word_1_167' title='bbox 589 1374 634 1408; x_wconf 88' lang='lat' dir='ltr'>est</span> <span class='ocrx_word' id='word_1_168' title='bbox 662 1375 765 1409; x_wconf 90' lang='lat' dir='ltr'>totius</span> <span class='ocrx_word' id='word_1_169' title='bbox 776 1377 962 1411; x_wconf 89' lang='lat' dir='ltr'>Dioeceseos</span> <span class='ocrx_word' id='word_1_170' title='bbox 975 1385 1099 1410; x_wconf 88' lang='lat' dir='ltr'>creatus</span> 
     </span>
     <span class='ocr_line' id='line_1_27' title="bbox 212 1424 1100 1470; baseline 0.001 -12"><span class='ocrx_word' id='word_1_171' title='bbox 212 1425 358 1470; x_wconf 89' lang='lat' dir='ltr'>Legatus</span> <span class='ocrx_word' id='word_1_172' title='bbox 377 1425 418 1459; x_wconf 87' lang='lat' dir='ltr'>ad</span> <span class='ocrx_word' id='word_1_173' title='bbox 444 1426 597 1459; x_wconf 71' lang='lat' dir='ltr'>Sanctum</span> <span class='ocrx_word' id='word_1_174' title='bbox 608 1424 795 1468; x_wconf 76' lang='lat' dir='ltr'>cyrillum,</span> <span class='ocrx_word' id='word_1_175' title='bbox 825 1438 1022 1470; x_wconf 85' lang='lat' dir='ltr'>omnemque</span> <span class='ocrx_word' id='word_1_176' title='bbox 1032 1426 1100 1470; x_wconf 83' lang='lat' dir='ltr'>ejus</span> 
     </span>
     <span class='ocr_line' id='line_1_28' title="bbox 211 1475 1099 1522; baseline 0.003 -14"><span class='ocrx_word' id='word_1_177' title='bbox 211 1475 407 1516; x_wconf 78' lang='lat' dir='ltr'>Dioecefim,</span> <span class='ocrx_word' id='word_1_178' title='bbox 432 1475 466 1512; x_wconf 71' lang='grc' dir='ltr'>ὅ(</span> <span class='ocrx_word' id='word_1_179' title='bbox 487 1486 552 1509; x_wconf 87' lang='lat' dir='ltr'>una</span> <span class='ocrx_word' id='word_1_180' title='bbox 574 1486 652 1508; x_wconf 91' lang='lat' dir='ltr'>cum</span> <span class='ocrx_word' id='word_1_181' title='bbox 664 1475 822 1511; x_wconf 82' lang='lat' dir='ltr'>Aristolai</span> <span class='ocrx_word' id='word_1_182' title='bbox 834 1477 980 1512; x_wconf 89' lang='lat' dir='ltr'>Tribuni</span> <span class='ocrx_word' id='word_1_183' title='bbox 991 1477 1099 1522; x_wconf 90' lang='lat' dir='ltr'>Magi-</span> 
     </span>
     <span class='ocr_line' id='line_1_29' title="bbox 211 1524 1099 1570; baseline -0.001 -10"><span class='ocrx_word' id='word_1_184' title='bbox 211 1525 336 1561; x_wconf 80' lang='lat' dir='ltr'>ssriano</span> <span class='ocrx_word' id='word_1_185' title='bbox 351 1524 549 1560; x_wconf 77' lang='lat' dir='ltr'>transmissus</span> <span class='ocrx_word' id='word_1_186' title='bbox 571 1525 605 1558; x_wconf 88' lang='lat' dir='ltr'>in</span> <span class='ocrx_word' id='word_1_187' title='bbox 630 1524 839 1569; x_wconf 60' lang='lat' dir='ltr'>AEgyptum,</span> <span class='ocrx_word' id='word_1_188' title='bbox 867 1527 978 1570; x_wconf 78' lang='lat' dir='ltr'>Hujus</span> <span class='ocrx_word' id='word_1_189' title='bbox 1000 1527 1045 1561; x_wconf 89' lang='lat' dir='ltr'>rei</span> <span class='ocrx_word' id='word_1_190' title='bbox 1068 1528 1099 1562; x_wconf 89' lang='lat' dir='ltr'>S.</span> 
     </span>
     <span class='ocr_line' id='line_1_30' title="bbox 212 1573 1098 1620; baseline 0 -10"><span class='ocrx_word' id='word_1_191' title='bbox 212 1574 359 1617; x_wconf 83' lang='lat' dir='ltr'>Cyrinus</span> <span class='ocrx_word' id='word_1_192' title='bbox 382 1574 536 1609; x_wconf 88' lang='lat' dir='ltr'>meminit</span> <span class='ocrx_word' id='word_1_193' title='bbox 558 1574 592 1609; x_wconf 87' lang='lat' dir='ltr'>in</span> <span class='ocrx_word' id='word_1_194' title='bbox 614 1573 733 1608; x_wconf 84' lang='lat' dir='ltr'>litteris</span> <span class='ocrx_word' id='word_1_195' title='bbox 765 1575 807 1610; x_wconf 87' lang='lat' dir='ltr'>ad</span> <span class='ocrx_word' id='word_1_196' title='bbox 841 1575 1098 1620; x_wconf 82' lang='lat' dir='ltr'>Theognostum</span> 
     </span>
     <span class='ocr_line' id='line_1_31' title="bbox 212 1621 1099 1671; baseline 0 -12"><span class='ocrx_word' id='word_1_197' title='bbox 212 1621 465 1659; x_wconf 73' lang='lat' dir='ltr'>Charmofinum</span> <span class='ocrx_word' id='word_1_198' title='bbox 478 1647 490 1663; x_wconf 85' lang='lat'>‚</span> <span class='ocrx_word' id='word_1_199' title='bbox 515 1633 552 1659; x_wconf 91' lang='lat' dir='ltr'>ac</span> <span class='ocrx_word' id='word_1_200' title='bbox 565 1624 745 1658; x_wconf 88' lang='lat' dir='ltr'>Leontium</span> <span class='ocrx_word' id='word_1_201' title='bbox 756 1649 767 1665; x_wconf 93' lang='lat'>‚</span> <span class='ocrx_word' id='word_1_202' title='bbox 795 1626 870 1659; x_wconf 89' lang='lat' dir='ltr'>suos</span> <span class='ocrx_word' id='word_1_203' title='bbox 888 1627 923 1660; x_wconf 89' lang='lat' dir='ltr'>in</span> <span class='ocrx_word' id='word_1_204' title='bbox 937 1626 1044 1671; x_wconf 87' lang='lat' dir='ltr'>Regia</span> <span class='ocrx_word' id='word_1_205' title='bbox 1058 1626 1099 1661; x_wconf 84' lang='lat' dir='ltr'>ci-</span> 
     </span>
     <span class='ocr_line' id='line_1_32' title="bbox 211 1673 1101 1720; baseline 0.002 -12"><span class='ocrx_word' id='word_1_206' title='bbox 211 1674 315 1709; x_wconf 80' lang='lat' dir='ltr'>vitate</span> <span class='ocrx_word' id='word_1_207' title='bbox 336 1673 581 1717; x_wconf 85' lang='lat' dir='ltr'>Apocrisarios:</span> <span class='ocrx_word' id='word_1_208' title='bbox 611 1675 678 1717; x_wconf 84' lang='lat' dir='ltr'>Ego</span> <span class='ocrx_word' id='word_1_209' title='bbox 703 1677 781 1708; x_wconf 62' lang='lat' dir='ltr'>cm?</span> <span class='ocrx_word' id='word_1_210' title='bbox 795 1674 857 1718; x_wconf 78' lang='lat' dir='ltr'>scio</span> <span class='ocrx_word' id='word_1_211' title='bbox 879 1688 925 1709; x_wconf 78' lang='lat' dir='ltr'>me</span> <span class='ocrx_word' id='word_1_212' title='bbox 940 1675 1101 1720; x_wconf 70' lang='lat' dir='ltr'>scripfiffi,</span> 
     </span>
     <span class='ocr_line' id='line_1_33' title="bbox 211 1721 1101 1767; baseline 0.002 -9"><span class='ocrx_word' id='word_1_213' title='bbox 211 1728 350 1758; x_wconf 73' lang='lat' dir='ltr'>Acacium</span> <span class='ocrx_word' id='word_1_214' title='bbox 376 1721 603 1766; x_wconf 74' lang='lat' dir='ltr'>Berrbaeensem</span> <span class='ocrx_word' id='word_1_215' title='bbox 627 1723 827 1767; x_wconf 72' lang='lat' dir='ltr'>Epifiopum,</span> <span class='ocrx_word' id='word_1_216' title='bbox 853 1729 1030 1760; x_wconf 80' lang='lat' dir='ltr'>veneranda</span> <span class='ocrx_word' id='word_1_217' title='bbox 1055 1738 1101 1760; x_wconf 88' lang='lat' dir='ltr'>ca-</span> 
     </span>
     <span class='ocr_line' id='line_1_34' title="bbox 212 1772 1102 1820; baseline 0.002 -13"><span class='ocrx_word' id='word_1_218' title='bbox 212 1779 287 1808; x_wconf 77' lang='lat' dir='ltr'>nme</span> <span class='ocrx_word' id='word_1_219' title='bbox 297 1775 332 1810; x_wconf 64' lang='grc' dir='ltr'><strong><em>Θ</em></strong></span> <span class='ocrx_word' id='word_1_220' title='bbox 338 1772 480 1818; x_wconf 76' lang='lat' dir='ltr'>singulari</span> <span class='ocrx_word' id='word_1_221' title='bbox 487 1780 602 1816; x_wconf 81' lang='lat' dir='ltr'>pietate</span> <span class='ocrx_word' id='word_1_222' title='bbox 614 1779 716 1807; x_wconf 81' lang='lat' dir='ltr'>virum</span> <span class='ocrx_word' id='word_1_223' title='bbox 726 1800 737 1816; x_wconf 90' lang='lat'>‚</span> <span class='ocrx_word' id='word_1_224' title='bbox 766 1775 894 1819; x_wconf 77' lang='lat' dir='ltr'>impulsic</span> <span class='ocrx_word' id='word_1_225' title='bbox 905 1778 1102 1820; x_wconf 84' lang='lat' dir='ltr'>quorumdam</span> 
     </span>
     <span class='ocr_line' id='line_1_35' title="bbox 215 1822 1102 1868; baseline 0.005 -12"><span class='ocrx_word' id='word_1_226' title='bbox 215 1823 487 1868; x_wconf 74' lang='lat' dir='ltr'>Religiofiffimorum</span> <span class='ocrx_word' id='word_1_227' title='bbox 513 1822 725 1866; x_wconf 82' lang='lat' dir='ltr'>Episcoporum</span> <span class='ocrx_word' id='word_1_228' title='bbox 756 1828 953 1859; x_wconf 67' lang='lat' dir='ltr'>Orientalium</span> <span class='ocrx_word' id='word_1_229' title='bbox 986 1828 1031 1859; x_wconf 75' lang='lat' dir='ltr'>ad</span> <span class='ocrx_word' id='word_1_230' title='bbox 1056 1838 1102 1860; x_wconf 88' lang='lat' dir='ltr'>me</span> 
     </span>
     <span class='ocr_line' id='line_1_36' title="bbox 216 1873 1103 1919; baseline 0.002 -13"><span class='ocrx_word' id='word_1_231' title='bbox 216 1875 333 1908; x_wconf 65' lang='lat' dir='ltr'>litteras</span> <span class='ocrx_word' id='word_1_232' title='bbox 356 1873 454 1916; x_wconf 77' lang='lat' dir='ltr'>mififfe</span> <span class='ocrx_word' id='word_1_233' title='bbox 471 1881 527 1914; x_wconf 83' lang='lat' dir='ltr'>per</span> <span class='ocrx_word' id='word_1_234' title='bbox 550 1876 709 1906; x_wconf 77' lang='lat' dir='ltr'>Dominum</span> <span class='ocrx_word' id='word_1_235' title='bbox 734 1886 830 1908; x_wconf 83' lang='lat' dir='ltr'>meum</span> <span class='ocrx_word' id='word_1_236' title='bbox 863 1876 1103 1919; x_wconf 83' lang='lat' dir='ltr'>magnificentiffi·</span> 
     </span>
     <span class='ocr_line' id='line_1_37' title="bbox 215 1922 1104 1970; baseline 0.004 -14"><span class='ocrx_word' id='word_1_237' title='bbox 215 1933 298 1956; x_wconf 90' lang='lat' dir='ltr'>mum</span> <span class='ocrx_word' id='word_1_238' title='bbox 310 1922 481 1963; x_wconf 80' lang='lat' dir='ltr'>Arrstolaum</span> <span class='ocrx_word' id='word_1_239' title='bbox 493 1947 504 1963; x_wconf 86' lang='lat'>‚</span> <span class='ocrx_word' id='word_1_240' title='bbox 531 1922 639 1964; x_wconf 72' lang='lat' dir='ltr'>quibus</span> <span class='ocrx_word' id='word_1_241' title='bbox 654 1922 840 1967; x_wconf 76' lang='lat' dir='ltr'>significabat</span> <span class='ocrx_word' id='word_1_242' title='bbox 860 1925 1104 1970; x_wconf 78' lang='lat' dir='ltr'>obliterandaeffe</span> 
     </span>
     <span class='ocr_line' id='line_1_38' title="bbox 215 1972 1103 2015; baseline 0.005 -9"><span class='ocrx_word' id='word_1_243' title='bbox 215 1978 338 2012; x_wconf 78' lang='lat' dir='ltr'>omnia,</span> <span class='ocrx_word' id='word_1_244' title='bbox 365 1983 554 2015; x_wconf 66' lang='lat' dir='ltr'>quaecumque</span> <span class='ocrx_word' id='word_1_245' title='bbox 574 1972 658 2006; x_wconf 77' lang='lat' dir='ltr'>libris</span> <span class='ocrx_word' id='word_1_246' title='bbox 680 1976 714 2007; x_wconf 64' lang='grc' dir='ltr'>ὢ·</span> <span class='ocrx_word' id='word_1_247' title='bbox 739 1975 862 2015; x_wconf 67' lang='lat' dir='ltr'>epistolis</span> <span class='ocrx_word' id='word_1_248' title='bbox 887 1975 988 2015; x_wconf 82' lang='lat' dir='ltr'>nostris</span> <span class='ocrx_word' id='word_1_249' title='bbox 1015 1983 1103 2010; x_wconf 78' lang='lat' dir='ltr'>conti-</span> 
     </span>
     <span class='ocr_line' id='line_1_39' title="bbox 216 2021 1104 2067; baseline 0.002 -11"><span class='ocrx_word' id='word_1_250' title='bbox 216 2031 350 2062; x_wconf 78' lang='lat' dir='ltr'>nentur,</span> <span class='ocrx_word' id='word_1_251' title='bbox 375 2021 602 2063; x_wconf 70' lang='lat' dir='ltr'>&amp;infistendum</span> <span class='ocrx_word' id='word_1_252' title='bbox 615 2023 822 2065; x_wconf 68' lang='lat' dir='ltr'>unisymbph,</span> <span class='ocrx_word' id='word_1_253' title='bbox 850 2028 931 2067; x_wconf 86' lang='lat' dir='ltr'>quod</span> <span class='ocrx_word' id='word_1_254' title='bbox 938 2032 971 2058; x_wconf 80' lang='lat' dir='ltr'>m</span> <span class='ocrx_word' id='word_1_255' title='bbox 990 2026 1104 2059; x_wconf 74' lang='lat' dir='ltr'>Sam‘la</span> 
     </span>
     <span class='ocr_line' id='line_1_40' title="bbox 218 2071 1105 2116; baseline 0.001 -11"><span class='ocrx_word' id='word_1_256' title='bbox 218 2076 349 2107; x_wconf 77' lang='lat' dir='ltr'>Nicaena</span> <span class='ocrx_word' id='word_1_257' title='bbox 369 2073 476 2110; x_wconf 74' lang='lat' dir='ltr'>synodo</span> <span class='ocrx_word' id='word_1_258' title='bbox 497 2071 535 2111; x_wconf 81' lang='lat' dir='ltr'>cst</span> <span class='ocrx_word' id='word_1_259' title='bbox 550 2073 662 2105; x_wconf 71' lang='lat' dir='ltr'>editum</span> <span class='ocrx_word' id='word_1_260' title='bbox 676 2097 683 2103; x_wconf 91' lang='lat'><strong><em>.</em></strong></span> <span class='ocrx_word' id='word_1_261' title='bbox 709 2076 776 2114; x_wconf 86' lang='lat' dir='ltr'>Ego</span> <span class='ocrx_word' id='word_1_262' title='bbox 795 2077 867 2106; x_wconf 61' lang='lat' dir='ltr'>verb</span> <span class='ocrx_word' id='word_1_263' title='bbox 877 2076 923 2105; x_wconf 78' lang='lat' dir='ltr'>ad</span> <span class='ocrx_word' id='word_1_264' title='bbox 931 2074 994 2106; x_wconf 81' lang='lat' dir='ltr'>baec</span> <span class='ocrx_word' id='word_1_265' title='bbox 1002 2073 1105 2116; x_wconf 61' lang='lat' dir='ltr'>longis:</span> 
     </span>
     <span class='ocr_line' id='line_1_41' title="bbox 210 2119 1105 2165; baseline 0.002 -11"><span class='ocrx_word' id='word_1_266' title='bbox 210 2120 318 2164; x_wconf 77' lang='lat' dir='ltr'>fimum</span> <span class='ocrx_word' id='word_1_267' title='bbox 342 2127 369 2155; x_wconf 74' lang='lat' dir='ltr'>ei</span> <span class='ocrx_word' id='word_1_268' title='bbox 390 2120 536 2162; x_wconf 72' lang='lat' dir='ltr'>epistolam</span> <span class='ocrx_word' id='word_1_269' title='bbox 548 2119 671 2163; x_wconf 73' lang='lat' dir='ltr'>scripsi,</span> <span class='ocrx_word' id='word_1_270' title='bbox 699 2133 789 2163; x_wconf 87' lang='lat' dir='ltr'>quam</span> <span class='ocrx_word' id='word_1_271' title='bbox 811 2121 1016 2165; x_wconf 72' lang='lat' dir='ltr'>&amp;ipsiun‘que</span> <span class='ocrx_word' id='word_1_272' title='bbox 1028 2133 1105 2156; x_wconf 77' lang='lat' dir='ltr'>acce-</span> 
     </span>
     <span class='ocr_line' id='line_1_42' title="bbox 213 2170 1106 2216; baseline 0.002 -12"><span class='ocrx_word' id='word_1_273' title='bbox 213 2170 320 2214; x_wconf 72' lang='lat' dir='ltr'>pistis.</span> <span class='ocrx_word' id='word_1_274' title='bbox 347 2174 440 2204; x_wconf 87' lang='lat' dir='ltr'>Nunc</span> <span class='ocrx_word' id='word_1_275' title='bbox 462 2179 562 2203; x_wconf 84' lang='lat' dir='ltr'>autem</span> <span class='ocrx_word' id='word_1_276' title='bbox 589 2171 723 2204; x_wconf 85' lang='lat' dir='ltr'>adventu</span> <span class='ocrx_word' id='word_1_277' title='bbox 750 2172 952 2216; x_wconf 67' lang='lat' dir='ltr'>Rehgiofiffimi</span> <span class='ocrx_word' id='word_1_278' title='bbox 964 2174 1052 2207; x_wconf 85' lang='lat' dir='ltr'>Pauli</span> <span class='ocrx_word' id='word_1_279' title='bbox 1062 2176 1106 2206; x_wconf 86' lang='lat' dir='ltr'>E-</span> 
     </span>
     <span class='ocr_line' id='line_1_43' title="bbox 218 2219 1106 2265; baseline 0.003 -12"><span class='ocrx_word' id='word_1_280' title='bbox 218 2219 327 2263; x_wconf 66' lang='lat' dir='ltr'>mesen}</span> <span class='ocrx_word' id='word_1_281' title='bbox 339 2225 370 2252; x_wconf 78' lang='lat' dir='ltr'>in</span> <span class='ocrx_word' id='word_1_282' title='bbox 386 2220 462 2254; x_wconf 84' lang='lat' dir='ltr'>hanc</span> <span class='ocrx_word' id='word_1_283' title='bbox 474 2220 596 2259; x_wconf 81' lang='lat' dir='ltr'>urbem,</span> <span class='ocrx_word' id='word_1_284' title='bbox 622 2225 720 2252; x_wconf 79' lang='lat' dir='ltr'>omnia</span> <span class='ocrx_word' id='word_1_285' title='bbox 740 2222 817 2255; x_wconf 75' lang='grc' dir='ltr'>ηέῖἑ</span> <span class='ocrx_word' id='word_1_286' title='bbox 829 2247 840 2263; x_wconf 88' lang='grc'><strong><em>,</em></strong></span> <span class='ocrx_word' id='word_1_287' title='bbox 865 2225 1045 2265; x_wconf 69' lang='lat' dir='ltr'>tranquille,</span> <span class='ocrx_word' id='word_1_288' title='bbox 1072 2224 1106 2256; x_wconf 60' lang='grc' dir='ltr'>Θ</span> 
     </span>
     <span class='ocr_line' id='line_1_44' title="bbox 214 2269 1106 2314; baseline 0.002 -11"><span class='ocrx_word' id='word_1_289' title='bbox 214 2269 335 2314; x_wconf 63' lang='lat' dir='ltr'>secure,</span> <span class='ocrx_word' id='word_1_290' title='bbox 361 2279 450 2312; x_wconf 84' lang='lat' dir='ltr'>atque</span> <span class='ocrx_word' id='word_1_291' title='bbox 471 2279 504 2303; x_wconf 80' lang='lat' dir='ltr'>ut</span> <span class='ocrx_word' id='word_1_292' title='bbox 527 2278 587 2311; x_wconf 87' lang='lat' dir='ltr'>par</span> <span class='ocrx_word' id='word_1_293' title='bbox 607 2279 673 2302; x_wconf 82' lang='lat' dir='ltr'>erat</span> <span class='ocrx_word' id='word_1_294' title='bbox 697 2271 968 2314; x_wconf 72' lang='lat' dir='ltr'>confirmatasunt‚</span> <span class='ocrx_word' id='word_1_295' title='bbox 995 2272 1106 2305; x_wconf 82' lang='lat' dir='ltr'>Etiam</span> 
     </span>
     <span class='ocr_line' id='line_1_45' title="bbox 220 2319 1107 2365; baseline 0.001 -11"><span class='ocrx_word' id='word_1_296' title='bbox 220 2321 255 2355; x_wconf 91' lang='lat' dir='ltr'>in</span> <span class='ocrx_word' id='word_1_297' title='bbox 267 2320 381 2355; x_wconf 89' lang='lat' dir='ltr'>litteris</span> <span class='ocrx_word' id='word_1_298' title='bbox 396 2320 438 2354; x_wconf 86' lang='lat' dir='ltr'>ad</span> <span class='ocrx_word' id='word_1_299' title='bbox 450 2319 611 2354; x_wconf 83' lang='lat' dir='ltr'>Acacium</span> <span class='ocrx_word' id='word_1_300' title='bbox 628 2319 874 2355; x_wconf 84' lang='lat' dir='ltr'>Melitinensem</span> <span class='ocrx_word' id='word_1_301' title='bbox 895 2321 1034 2365; x_wconf 84' lang='lat' dir='ltr'>exponit</span> <span class='ocrx_word' id='word_1_302' title='bbox 1046 2322 1107 2365; x_wconf 91' lang='lat' dir='ltr'>pri-</span> 
     </span>
     <span class='ocr_line' id='line_1_46' title="bbox 219 2369 1107 2414; baseline 0.001 -10"><span class='ocrx_word' id='word_1_303' title='bbox 219 2381 274 2404; x_wconf 83' lang='lat' dir='ltr'>ma</span> <span class='ocrx_word' id='word_1_304' title='bbox 303 2369 525 2404; x_wconf 89' lang='lat' dir='ltr'>Orientalium</span> <span class='ocrx_word' id='word_1_305' title='bbox 546 2370 782 2412; x_wconf 86' lang='lat' dir='ltr'>Episcoporum</span> <span class='ocrx_word' id='word_1_306' title='bbox 802 2383 857 2414; x_wconf 87' lang='lat' dir='ltr'>per</span> <span class='ocrx_word' id='word_1_307' title='bbox 870 2370 1107 2406; x_wconf 85' lang='lat' dir='ltr'>Berrhaeensem</span> 
     </span>
     <span class='ocr_line' id='line_1_47' title="bbox 221 2417 1108 2464; baseline 0.001 -11"><span class='ocrx_word' id='word_1_308' title='bbox 221 2420 384 2453; x_wconf 81' lang='lat' dir='ltr'>Acacium</span> <span class='ocrx_word' id='word_1_309' title='bbox 413 2417 581 2452; x_wconf 83' lang='lat' dir='ltr'>Postulata</span> <span class='ocrx_word' id='word_1_310' title='bbox 606 2442 618 2457; x_wconf 89' lang='lat'>,</span> <span class='ocrx_word' id='word_1_311' title='bbox 643 2418 734 2452; x_wconf 86' lang='lat' dir='ltr'>addit</span> <span class='ocrx_word' id='word_1_312' title='bbox 755 2421 786 2453; x_wconf 89' lang='lat' dir='ltr'>se</span> <span class='ocrx_word' id='word_1_313' title='bbox 814 2421 1000 2464; x_wconf 62' lang='lat' dir='ltr'>rescripsisse</span> <span class='ocrx_word' id='word_1_314' title='bbox 1025 2421 1108 2454; x_wconf 90' lang='lat' dir='ltr'>Aca-</span> 
     </span>
     <span class='ocr_line' id='line_1_48' title="bbox 221 2466 1108 2515; baseline 0.002 -14"><span class='ocrx_word' id='word_1_315' title='bbox 221 2468 300 2508; x_wconf 88' lang='lat' dir='ltr'>cio,</span> <span class='ocrx_word' id='word_1_316' title='bbox 326 2466 466 2512; x_wconf 80' lang='lat' dir='ltr'>&amp;longe</span> <span class='ocrx_word' id='word_1_317' title='bbox 480 2468 542 2501; x_wconf 87' lang='lat' dir='ltr'>alia</span> <span class='ocrx_word' id='word_1_318' title='bbox 558 2467 749 2510; x_wconf 71' lang='lat' dir='ltr'>postulasse:</span> <span class='ocrx_word' id='word_1_319' title='bbox 776 2478 874 2511; x_wconf 84' lang='lat' dir='ltr'>atque</span> <span class='ocrx_word' id='word_1_320' title='bbox 898 2470 1022 2515; x_wconf 88' lang='lat' dir='ltr'>pergit:</span> <span class='ocrx_word' id='word_1_321' title='bbox 1049 2474 1108 2504; x_wconf 82' lang='lat' dir='ltr'>His</span> 
     </span>
     <span class='ocr_line' id='line_1_49' title="bbox 222 2516 1110 2563; baseline 0.005 -13"><span class='ocrx_word' id='word_1_322' title='bbox 222 2525 325 2559; x_wconf 77' lang='lat' dir='ltr'>itaque</span> <span class='ocrx_word' id='word_1_323' title='bbox 345 2519 457 2550; x_wconf 75' lang='lat' dir='ltr'>litteris</span> <span class='ocrx_word' id='word_1_324' title='bbox 471 2516 528 2558; x_wconf 77' lang='lat' dir='ltr'>fibi</span> <span class='ocrx_word' id='word_1_325' title='bbox 547 2518 676 2550; x_wconf 73' lang='lat' dir='ltr'>redditis</span> <span class='ocrx_word' id='word_1_326' title='bbox 689 2540 699 2556; x_wconf 91' lang='lat'>,</span> <span class='ocrx_word' id='word_1_327' title='bbox 725 2520 943 2553; x_wconf 70' lang='lat' dir='ltr'>Alexandriam</span> <span class='ocrx_word' id='word_1_328' title='bbox 968 2518 1110 2563; x_wconf 79' lang='lat' dir='ltr'>miserunt</span> 
     </span>
     <span class='ocr_line' id='line_1_50' title="bbox 222 2564 1110 2612; baseline 0.005 -12"><span class='ocrx_word' id='word_1_329' title='bbox 222 2565 460 2610; x_wconf 76' lang='lat' dir='ltr'>Religiofiffimum</span> <span class='ocrx_word' id='word_1_330' title='bbox 482 2564 660 2608; x_wconf 81' lang='lat' dir='ltr'>Episcopum</span> <span class='ocrx_word' id='word_1_331' title='bbox 683 2569 812 2600; x_wconf 82' lang='lat' dir='ltr'>Paulum</span> <span class='ocrx_word' id='word_1_332' title='bbox 837 2569 1035 2612; x_wconf 82' lang='lat' dir='ltr'>Emesenum.</span> <span class='ocrx_word' id='word_1_333' title='bbox 1063 2570 1110 2604; x_wconf 88' lang='lat' dir='ltr'>Et</span> 
     </span>
     <span class='ocr_line' id='line_1_51' title="bbox 222 2614 1107 2661; baseline 0.002 -11"><span class='ocrx_word' id='word_1_334' title='bbox 222 2616 289 2658; x_wconf 84' lang='lat' dir='ltr'>ipse</span> <span class='ocrx_word' id='word_1_335' title='bbox 301 2616 443 2659; x_wconf 83' lang='lat' dir='ltr'>Ioannes</span> <span class='ocrx_word' id='word_1_336' title='bbox 465 2615 498 2648; x_wconf 91' lang='lat' dir='ltr'>in</span> <span class='ocrx_word' id='word_1_337' title='bbox 525 2614 695 2659; x_wconf 86' lang='lat' dir='ltr'>Rescripto</span> <span class='ocrx_word' id='word_1_338' title='bbox 707 2617 747 2650; x_wconf 89' lang='lat' dir='ltr'>ad</span> <span class='ocrx_word' id='word_1_339' title='bbox 760 2617 910 2652; x_wconf 67' lang='lat' dir='ltr'>Sanctum</span> <span class='ocrx_word' id='word_1_340' title='bbox 923 2619 1107 2661; x_wconf 86' lang='lat' dir='ltr'>Cyrillum:</span> 
     </span>
     <span class='ocr_line' id='line_1_52' title="bbox 224 2664 1108 2710; baseline 0.005 -11"><span class='ocrx_word' id='word_1_341' title='bbox 224 2670 290 2700; x_wconf 85' lang='lat' dir='ltr'>Nos</span> <span class='ocrx_word' id='word_1_342' title='bbox 305 2671 369 2708; x_wconf 72' lang='lat' dir='ltr'>piis</span> <span class='ocrx_word' id='word_1_343' title='bbox 391 2665 534 2710; x_wconf 85' lang='lat' dir='ltr'>Augusti</span> <span class='ocrx_word' id='word_1_344' title='bbox 556 2664 716 2709; x_wconf 88' lang='lat' dir='ltr'>Principis</span> <span class='ocrx_word' id='word_1_345' title='bbox 727 2666 912 2704; x_wconf 86' lang='lat' dir='ltr'>Theodofii</span> <span class='ocrx_word' id='word_1_346' title='bbox 927 2671 1038 2703; x_wconf 71' lang='lat' dir='ltr'>litteris</span> <span class='ocrx_word' id='word_1_347' title='bbox 1052 2683 1108 2703; x_wconf 86' lang='lat' dir='ltr'>mo-</span> 
     </span>
     <span class='ocr_line' id='line_1_53' title="bbox 222 2716 1109 2761; baseline 0.006 -13"><span class='ocrx_word' id='word_1_348' title='bbox 222 2728 285 2749; x_wconf 84' lang='lat' dir='ltr'>rem</span> <span class='ocrx_word' id='word_1_349' title='bbox 297 2727 398 2758; x_wconf 79' lang='lat' dir='ltr'>gerere</span> <span class='ocrx_word' id='word_1_350' title='bbox 412 2717 542 2749; x_wconf 80' lang='lat' dir='ltr'>volentes</span> <span class='ocrx_word' id='word_1_351' title='bbox 561 2716 637 2750; x_wconf 57' lang='lat' dir='ltr'>rell-³</span> <span class='ocrx_word' id='word_1_352' title='bbox 648 2727 713 2749; x_wconf 80' lang='lat' dir='ltr'>mox</span> <span class='ocrx_word' id='word_1_353' title='bbox 726 2720 885 2752; x_wconf 79' lang='lat' dir='ltr'>Dominum</span> <span class='ocrx_word' id='word_1_354' title='bbox 904 2730 998 2752; x_wconf 87' lang='lat' dir='ltr'>meum</span> <span class='ocrx_word' id='word_1_355' title='bbox 1011 2745 1022 2761; x_wconf 93' lang='lat'>,</span> <span class='ocrx_word' id='word_1_356' title='bbox 1049 2723 1109 2754; x_wconf 81' lang='lat' dir='ltr'>Deo</span> 
     </span>
     <span class='ocr_line' id='line_1_54' title="bbox 220 2766 1108 2812; baseline 0.003 -13"><span class='ocrx_word' id='word_1_357' title='bbox 220 2775 277 2807; x_wconf 85' lang='lat' dir='ltr'>per</span> <span class='ocrx_word' id='word_1_358' title='bbox 296 2772 396 2799; x_wconf 79' lang='lat' dir='ltr'>omnia</span> <span class='ocrx_word' id='word_1_359' title='bbox 424 2766 631 2805; x_wconf 70' lang='lat' dir='ltr'>dilec‘hffimum</span> <span class='ocrx_word' id='word_1_360' title='bbox 651 2789 662 2804; x_wconf 95' lang='lat'>,</span> <span class='ocrx_word' id='word_1_361' title='bbox 690 2769 818 2800; x_wconf 83' lang='lat' dir='ltr'>Paulum</span> <span class='ocrx_word' id='word_1_362' title='bbox 841 2768 1016 2812; x_wconf 78' lang='lat' dir='ltr'>Episcopum</span> <span class='ocrx_word' id='word_1_363' title='bbox 1037 2770 1108 2812; x_wconf 78' lang='lat' dir='ltr'>mifi-</span> 
     </span>
     <span class='ocr_line' id='line_1_55' title="bbox 224 2814 1108 2861; baseline 0.006 -13"><span class='ocrx_word' id='word_1_364' title='bbox 224 2828 291 2848; x_wconf 86' lang='lat' dir='ltr'>mus</span> <span class='ocrx_word' id='word_1_365' title='bbox 303 2840 310 2847; x_wconf 94' lang='lat'>.</span> <span class='ocrx_word' id='word_1_366' title='bbox 339 2817 431 2859; x_wconf 73' lang='lat' dir='ltr'>,Quod</span> <span class='ocrx_word' id='word_1_367' title='bbox 439 2814 582 2857; x_wconf 81' lang='lat' dir='ltr'>confilium</span> <span class='ocrx_word' id='word_1_368' title='bbox 590 2815 764 2856; x_wconf 72' lang='lat' dir='ltr'>SanlIiffimo</span> <span class='ocrx_word' id='word_1_369' title='bbox 777 2821 865 2852; x_wconf 78' lang='lat' dir='ltr'>Patri</span> <span class='ocrx_word' id='word_1_370' title='bbox 878 2820 968 2860; x_wconf 84' lang='lat' dir='ltr'>nostro</span> <span class='ocrx_word' id='word_1_371' title='bbox 980 2823 1084 2853; x_wconf 70' lang='lat' dir='ltr'>Acar-10</span> <span class='ocrx_word' id='word_1_372' title='bbox 1097 2845 1108 2861; x_wconf 88' lang='lat'>,</span> 
     </span>
     <span class='ocr_line' id='line_1_56' title="bbox 223 2863 1108 2913; baseline 0.007 -16"><span class='ocrx_word' id='word_1_373' title='bbox 223 2863 407 2908; x_wconf 66' lang='lat' dir='ltr'>murisque,</span> <span class='ocrx_word' id='word_1_374' title='bbox 428 2871 479 2907; x_wconf 80' lang='lat' dir='ltr'>qui</span> <span class='ocrx_word' id='word_1_375' title='bbox 494 2863 638 2907; x_wconf 82' lang='lat' dir='ltr'>nobiscum</span> <span class='ocrx_word' id='word_1_376' title='bbox 649 2875 733 2898; x_wconf 83' lang='lat' dir='ltr'>erant</span> <span class='ocrx_word' id='word_1_377' title='bbox 745 2892 756 2908; x_wconf 94' lang='lat'>,</span> <span class='ocrx_word' id='word_1_378' title='bbox 769 2870 830 2902; x_wconf 83' lang='lat' dir='ltr'>Deo</span> <span class='ocrx_word' id='word_1_379' title='bbox 837 2871 1022 2910; x_wconf 72' lang='lat' dir='ltr'>dilec‘liffimis</span> <span class='ocrx_word' id='word_1_380' title='bbox 1033 2873 1108 2913; x_wconf 76' lang='lat' dir='ltr'>Ept-</span> 
     </span>
     <span class='ocr_line' id='line_1_57' title="bbox 222 2914 1107 2962; baseline 0.007 -15"><span class='ocrx_word' id='word_1_381' title='bbox 222 2914 316 2958; x_wconf 77' lang='lat' dir='ltr'>scopis</span> <span class='ocrx_word' id='word_1_382' title='bbox 335 2915 495 2957; x_wconf 77' lang='lat' dir='ltr'>probatum</span> <span class='ocrx_word' id='word_1_383' title='bbox 509 2915 599 2957; x_wconf 84' lang='lat' dir='ltr'>fuit.</span> <span class='ocrx_word' id='word_1_384' title='bbox 628 2919 765 2949; x_wconf 76' lang='lat' dir='ltr'>Fecimus</span> <span class='ocrx_word' id='word_1_385' title='bbox 797 2929 895 2952; x_wconf 85' lang='lat' dir='ltr'>autem</span> <span class='ocrx_word' id='word_1_386' title='bbox 918 2920 969 2953; x_wconf 87' lang='lat' dir='ltr'>hoc</span> <span class='ocrx_word' id='word_1_387' title='bbox 988 2923 1107 2962; x_wconf 82' lang='lat' dir='ltr'>majoris</span> 
     </span>
     <span class='ocr_line' id='line_1_58' title="bbox 225 2964 1106 3013; baseline 0.009 -17"><span class='ocrx_word' id='word_1_388' title='bbox 225 2966 385 3006; x_wconf 69' lang='lat' dir='ltr'>compendii</span> <span class='ocrx_word' id='word_1_389' title='bbox 396 2964 484 3008; x_wconf 84' lang='lat' dir='ltr'>causa</span> <span class='ocrx_word' id='word_1_390' title='bbox 495 2989 506 3005; x_wconf 90' lang='lat'><em>‚</em></span> <span class='ocrx_word' id='word_1_391' title='bbox 516 2965 627 3007; x_wconf 62' lang='lat' dir='ltr'>eoquod</span> <span class='ocrx_word' id='word_1_392' title='bbox 634 2977 699 3007; x_wconf 87' lang='lat' dir='ltr'>quae</span> <span class='ocrx_word' id='word_1_393' title='bbox 711 2967 732 2998; x_wconf 78' lang='grc' dir='ltr'><em>ἃ</em></span> <span class='ocrx_word' id='word_1_394' title='bbox 749 2969 964 3012; x_wconf 77' lang='lat' dir='ltr'>Rellgiofifflmis</span> <span class='ocrx_word' id='word_1_395' title='bbox 977 2974 1106 3013; x_wconf 86' lang='lat' dir='ltr'>Impera-</span> 
     </span>
     <span class='ocr_line' id='line_1_59' title="bbox 226 3013 1108 3063; baseline 0.005 -16"><span class='ocrx_word' id='word_1_396' title='bbox 226 3013 340 3047; x_wconf 70' lang='lat' dir='ltr'>toribus</span> <span class='ocrx_word' id='word_1_397' title='bbox 360 3014 462 3054; x_wconf 80' lang='lat' dir='ltr'>nostris</span> <span class='ocrx_word' id='word_1_398' title='bbox 483 3013 604 3058; x_wconf 80' lang='lat' dir='ltr'>sancita</span> <span class='ocrx_word' id='word_1_399' title='bbox 630 3013 726 3058; x_wconf 86' lang='lat' dir='ltr'>sunt,</span> <span class='ocrx_word' id='word_1_400' title='bbox 750 3019 884 3060; x_wconf 76' lang='lat' dir='ltr'>perficere</span> <span class='ocrx_word' id='word_1_401' title='bbox 908 3021 1108 3063; x_wconf 68' lang='lat' dir='ltr'>nobisipfinn</span> 
     </span>
     <span class='ocr_line' id='line_1_60' title="bbox 226 3065 1107 3112; baseline 0.011 -16"><span class='ocrx_word' id='word_1_402' title='bbox 226 3075 319 3098; x_wconf 85' lang='lat' dir='ltr'>unum</span> <span class='ocrx_word' id='word_1_403' title='bbox 328 3065 568 3098; x_wconf 68' lang='lat' dir='ltr'>convenientibus</span> <span class='ocrx_word' id='word_1_404' title='bbox 579 3076 636 3098; x_wconf 83' lang='lat' dir='ltr'>mm</span> <span class='ocrx_word' id='word_1_405' title='bbox 645 3066 735 3100; x_wconf 71' lang='lat' dir='ltr'>liceat</span> <span class='ocrx_word' id='word_1_406' title='bbox 747 3091 755 3099; x_wconf 92' lang='lat'><strong>.</strong></span> <span class='ocrx_word' id='word_1_407' title='bbox 782 3068 857 3103; x_wconf 90' lang='lat' dir='ltr'>Con</span> <span class='ocrx_word' id='word_1_408' title='bbox 863 3082 995 3105; x_wconf 90' lang='lat' dir='ltr'>ventum</span> <span class='ocrx_word' id='word_1_409' title='bbox 1009 3070 1107 3112; x_wconf 88' lang='lat' dir='ltr'>hunc,</span> 
     </span>
     <span class='ocr_line' id='line_1_61' title="bbox 226 3112 1105 3159; baseline 0.013 -14"><span class='ocrx_word' id='word_1_410' title='bbox 226 3124 325 3157; x_wconf 89' lang='lat' dir='ltr'>quern</span> <span class='ocrx_word' id='word_1_411' title='bbox 349 3112 504 3156; x_wconf 83' lang='lat' dir='ltr'>Princeps</span> <span class='ocrx_word' id='word_1_412' title='bbox 522 3125 695 3158; x_wconf 86' lang='lat' dir='ltr'>exegerat,</span> <span class='ocrx_word' id='word_1_413' title='bbox 720 3116 765 3150; x_wconf 86' lang='lat' dir='ltr'>ait</span> <span class='ocrx_word' id='word_1_414' title='bbox 789 3128 829 3152; x_wconf 88' lang='lat' dir='ltr'>ex</span> <span class='ocrx_word' id='word_1_415' title='bbox 850 3120 1029 3159; x_wconf 85' lang='lat' dir='ltr'>rationibus</span> <span class='ocrx_word' id='word_1_416' title='bbox 1040 3134 1105 3156; x_wconf 89' lang='lat' dir='ltr'>non</span> 
     </span>
     <span class='ocr_line' id='line_1_62' title="bbox 227 3162 1106 3217; baseline 0.01 -21"><span class='ocrx_word' id='word_1_417' title='bbox 227 3163 315 3207; x_wconf 84' lang='lat' dir='ltr'>posse</span> <span class='ocrx_word' id='word_1_418' title='bbox 339 3162 409 3196; x_wconf 87' lang='lat' dir='ltr'>fieri</span> <span class='ocrx_word' id='word_1_419' title='bbox 431 3175 438 3194; x_wconf 74' lang='grc' dir='ltr'>ε</span> <span class='ocrx_word' id='word_1_420' title='bbox 466 3164 559 3197; x_wconf 89' lang='lat' dir='ltr'>Hinc</span> <span class='ocrx_word' id='word_1_421' title='bbox 587 3163 728 3199; x_wconf 83' lang='lat' dir='ltr'>Paulum</span> <span class='ocrx_word' id='word_1_422' title='bbox 751 3169 813 3202; x_wconf 74' lang='lat' dir='ltr'>effe</span> <span class='ocrx_word' id='word_1_423' title='bbox 843 3169 861 3204; x_wconf 71' lang='lat' dir='ltr'>a</span> <span class='ocrx_word' id='word_1_424' title='bbox 891 3172 922 3205; x_wconf 92' lang='lat' dir='ltr'>se</span> <span class='ocrx_word' id='word_1_425' title='bbox 946 3172 1106 3217; x_wconf 88' lang='lat' dir='ltr'>legatum.</span> 
     </span>
     <span class='ocr_line' id='line_1_63' title="bbox 228 3212 1105 3263; baseline 0.013 -18"><span class='ocrx_word' id='word_1_426' title='bbox 228 3212 322 3259; x_wconf 84' lang='lat' dir='ltr'>Qi,</span> <span class='ocrx_word' id='word_1_427' title='bbox 350 3222 455 3257; x_wconf 86' lang='lat' dir='ltr'>quot,</span> <span class='ocrx_word' id='word_1_428' title='bbox 479 3213 591 3256; x_wconf 89' lang='lat' dir='ltr'>quales</span> <span class='ocrx_word' id='word_1_429' title='bbox 616 3213 769 3259; x_wconf 86' lang='lat' dir='ltr'>Episcopi</span> <span class='ocrx_word' id='word_1_430' title='bbox 798 3217 873 3254; x_wconf 87' lang='lat' dir='ltr'>huic</span> <span class='ocrx_word' id='word_1_431' title='bbox 896 3222 1032 3263; x_wconf 89' lang='lat' dir='ltr'>Synodo</span> <span class='ocrx_word' id='word_1_432' title='bbox 1057 3223 1105 3255; x_wconf 88' lang='lat' dir='ltr'>ad-</span> 
     </span>
     <span class='ocr_line' id='line_1_64' title="bbox 229 3262 1108 3316; baseline 0.006 -20"><span class='ocrx_word' id='word_1_433' title='bbox 229 3262 372 3301; x_wconf 86' lang='lat' dir='ltr'>fuerint,</span> <span class='ocrx_word' id='word_1_434' title='bbox 400 3263 537 3307; x_wconf 86' lang='lat' dir='ltr'>ignoro:</span> <span class='ocrx_word' id='word_1_435' title='bbox 566 3264 696 3298; x_wconf 90' lang='lat' dir='ltr'>fuerunt</span> <span class='ocrx_word' id='word_1_436' title='bbox 717 3268 808 3308; x_wconf 87' lang='lat' dir='ltr'>pauci</span> <span class='ocrx_word' id='word_1_437' title='bbox 831 3293 837 3300; x_wconf 91' lang='lat'><strong>.</strong></span> <span class='ocrx_word' id='word_1_438' title='bbox 867 3271 982 3305; x_wconf 72' lang='lat' dir='ltr'>Statim</span> <span class='ocrx_word' id='word_1_439' title='bbox 1010 3271 1108 3316; x_wconf 77' lang='lat' dir='ltr'>igitur</span> 
     </span>
     <span class='ocr_line' id='line_1_65' title="bbox 228 3311 1106 3365; baseline 0.015 -21"><span class='ocrx_word' id='word_1_440' title='bbox 228 3312 299 3355; x_wconf 86' lang='lat' dir='ltr'>post</span> <span class='ocrx_word' id='word_1_441' title='bbox 323 3311 508 3356; x_wconf 86' lang='lat' dir='ltr'>ablegatum</span> <span class='ocrx_word' id='word_1_442' title='bbox 532 3312 671 3347; x_wconf 86' lang='lat' dir='ltr'>Paulum</span> <span class='ocrx_word' id='word_1_443' title='bbox 690 3315 829 3358; x_wconf 87' lang='lat' dir='ltr'>Joannes</span> <span class='ocrx_word' id='word_1_444' title='bbox 848 3319 968 3365; x_wconf 86' lang='lat' dir='ltr'>scripsit</span> <span class='ocrx_word' id='word_1_445' title='bbox 980 3323 1106 3365; x_wconf 80' lang='lat' dir='ltr'>praesen-</span> 
     </span>
     <span class='ocr_line' id='line_1_66' title="bbox 229 3362 1105 3412; baseline 0.008 -17"><span class='ocrx_word' id='word_1_446' title='bbox 229 3370 296 3396; x_wconf 87' lang='lat' dir='ltr'>tem</span> <span class='ocrx_word' id='word_1_447' title='bbox 307 3362 494 3404; x_wconf 88' lang='lat' dir='ltr'>epistolam.</span> <span class='ocrx_word' id='word_1_448' title='bbox 524 3363 567 3398; x_wconf 85' lang='lat' dir='ltr'>Et</span> <span class='ocrx_word' id='word_1_449' title='bbox 589 3363 780 3401; x_wconf 87' lang='lat' dir='ltr'>Alexandro</span> <span class='ocrx_word' id='word_1_450' title='bbox 794 3368 931 3412; x_wconf 84' lang='lat' dir='ltr'>spondet</span> <span class='ocrx_word' id='word_1_451' title='bbox 944 3372 1105 3406; x_wconf 75' lang='lat' dir='ltr'>existale-</span> 
     </span>
    </p>

    <p class='ocr_par' dir='ltr' id='par_1_5' title="bbox 327 3410 731 3457">
     <span class='ocr_line' id='line_1_67' title="bbox 327 3410 731 3457; baseline 0.007 -12"><span class='ocrx_word' id='word_1_452' title='bbox 327 3410 514 3456; x_wconf 57' lang='lat' dir='ltr'>Cb›·1;li.Lupi</span> <span class='ocrx_word' id='word_1_453' title='bbox 522 3416 621 3457; x_wconf 78' lang='lat' dir='ltr'>Opera</span> <span class='ocrx_word' id='word_1_454' title='bbox 630 3417 731 3448; x_wconf 76' lang='lat' dir='ltr'>1¹.sz</span> 
     </span>
    </p>
   </div>
   <div class='ocr_carea' id='block_1_4' title="bbox 1132 317 1143 445">
    <p class='ocr_par' dir='ltr' id='par_1_6' title="bbox 1132 317 1143 445">
     <span class='ocr_line' id='line_1_68' title="bbox 1132 317 1143 445; baseline 0 3285"><span class='ocrx_word' id='word_1_455' title='bbox 1132 317 1143 445; x_wconf 95' lang='lat' dir='ltr'> </span> 
     </span>
    </p>
   </div>
   <div class='ocr_carea' id='block_1_5' title="bbox 1140 576 1145 689">
    <p class='ocr_par' dir='ltr' id='par_1_7' title="bbox 1140 576 1145 689">
     <span class='ocr_line' id='line_1_69' title="bbox 1140 576 1145 689; baseline 0 3041"><span class='ocrx_word' id='word_1_456' title='bbox 1140 576 1145 689; x_wconf 95' lang='lat' dir='ltr'> </span> 
     </span>
    </p>
   </div>
   <div class='ocr_carea' id='block_1_6' title="bbox 1094 276 1127 1352">
    <p class='ocr_par' dir='ltr' id='par_1_8' title="bbox 1094 276 1127 1352">
     <span class='ocr_line' id='line_1_70' title="bbox 1094 276 1127 1352; baseline 0 0"><span class='ocrx_word' id='word_1_457' title='bbox 1094 276 1127 1352; x_wconf 95' lang='lat' dir='ltr'> </span> 
     </span>
    </p>
   </div>
   <div class='ocr_carea' id='block_1_7' title="bbox 1104 1440 1134 2411">
    <p class='ocr_par' dir='ltr' id='par_1_9' title="bbox 1104 1440 1134 2411">
     <span class='ocr_line' id='line_1_71' title="bbox 1104 1440 1134 2411; baseline 0 0"><span class='ocrx_word' id='word_1_458' title='bbox 1104 1440 1134 2411; x_wconf 95' lang='lat' dir='ltr'> </span> 
     </span>
    </p>
   </div>
   <div class='ocr_carea' id='block_1_8' title="bbox 1861 199 1965 252">
    <p class='ocr_par' dir='ltr' id='par_1_10' title="bbox 1861 199 1965 252">
     <span class='ocr_line' id='line_1_72' title="bbox 1861 199 1965 252; baseline -0.038 -8"><span class='ocrx_word' id='word_1_459' title='bbox 1861 199 1965 252; x_wconf 58' lang='lat'>2219</span> 
     </span>
    </p>
   </div>
   <div class='ocr_carea' id='block_1_9' title="bbox 1200 373 2032 420">
    <p class='ocr_par' dir='ltr' id='par_1_11' title="bbox 1200 373 2032 420">
     <span class='ocr_line' id='line_1_73' title="bbox 1200 373 2032 420; baseline 0.01 -15"><span class='ocrx_word' id='word_1_460' title='bbox 1200 373 1311 418; x_wconf 85' lang='lat' dir='ltr'>Qem</span> <span class='ocrx_word' id='word_1_461' title='bbox 1325 373 1523 420; x_wconf 83' lang='lat' dir='ltr'>Episcopum</span> <span class='ocrx_word' id='word_1_462' title='bbox 1535 395 1545 412; x_wconf 86' lang='lat'>,</span> <span class='ocrx_word' id='word_1_463' title='bbox 1572 382 1627 407; x_wconf 88' lang='lat' dir='ltr'>aut</span> <span class='ocrx_word' id='word_1_464' title='bbox 1640 383 1736 418; x_wconf 89' lang='lat' dir='ltr'>quem</span> <span class='ocrx_word' id='word_1_465' title='bbox 1750 373 1850 411; x_wconf 86' lang='lat' dir='ltr'>alium</span> <span class='ocrx_word' id='word_1_466' title='bbox 1861 375 2032 416; x_wconf 79' lang='lat' dir='ltr'>hominem</span> 
     </span>
    </p>
   </div>
   <div class='ocr_carea' id='block_1_10' title="bbox 1151 420 2035 468">
    <p class='ocr_par' dir='ltr' id='par_1_12' title="bbox 1151 420 2035 468">
     <span class='ocr_line' id='line_1_74' title="bbox 1151 420 2035 468; baseline 0.009 -14"><span class='ocrx_word' id='word_1_467' title='bbox 1151 432 1207 464; x_wconf 85' lang='lat' dir='ltr'>per</span> <span class='ocrx_word' id='word_1_468' title='bbox 1229 423 1443 465; x_wconf 87' lang='lat' dir='ltr'>piscatorem,</span> <span class='ocrx_word' id='word_1_469' title='bbox 1469 423 1524 467; x_wconf 87' lang='lat' dir='ltr'>ipfi</span> <span class='ocrx_word' id='word_1_470' title='bbox 1548 423 1646 458; x_wconf 91' lang='lat' dir='ltr'>etiam</span> <span class='ocrx_word' id='word_1_471' title='bbox 1670 420 1826 468; x_wconf 85' lang='lat' dir='ltr'>AEgypto</span> <span class='ocrx_word' id='word_1_472' title='bbox 1837 426 1897 459; x_wconf 83' lang='lat' dir='ltr'>effe</span> <span class='ocrx_word' id='word_1_473' title='bbox 1907 438 2035 463; x_wconf 85' lang='lat' dir='ltr'>execra-</span> 
     </span>
    </p>
   </div>
   <div class='ocr_carea' id='block_1_11' title="bbox 1153 470 2208 1568">
    <p class='ocr_par' dir='ltr' id='par_1_13' title="bbox 1153 470 2208 1568">
     <span class='ocr_line' id='line_1_75' title="bbox 1153 470 2036 518; baseline 0.006 -14"><span class='ocrx_word' id='word_1_474' title='bbox 1153 470 1252 505; x_wconf 89' lang='lat' dir='ltr'>bilem</span> <span class='ocrx_word' id='word_1_475' title='bbox 1269 497 1280 513; x_wconf 91' lang='lat'>‚</span> <span class='ocrx_word' id='word_1_476' title='bbox 1308 472 1468 517; x_wconf 89' lang='lat' dir='ltr'>intelligat</span> <span class='ocrx_word' id='word_1_477' title='bbox 1491 471 1558 507; x_wconf 85' lang='lat' dir='ltr'>haec</span> <span class='ocrx_word' id='word_1_478' title='bbox 1577 472 1734 516; x_wconf 87' lang='lat' dir='ltr'>epistola,</span> <span class='ocrx_word' id='word_1_479' title='bbox 1762 472 1880 518; x_wconf 85' lang='lat' dir='ltr'>ignoro</span> <span class='ocrx_word' id='word_1_480' title='bbox 1903 499 1909 505; x_wconf 91' lang='lat'>.</span> <span class='ocrx_word' id='word_1_481' title='bbox 1937 474 2036 510; x_wconf 84' lang='lat' dir='ltr'>Vide-</span> 
     </span>
     <span class='ocr_line' id='line_1_76' title="bbox 1154 522 2042 568; baseline 0.005 -12"><span class='ocrx_word' id='word_1_482' title='bbox 1154 531 1206 556; x_wconf 91' lang='lat' dir='ltr'>tur</span> <span class='ocrx_word' id='word_1_483' title='bbox 1217 522 1310 558; x_wconf 79' lang='lat' dir='ltr'>fuisse</span> <span class='ocrx_word' id='word_1_484' title='bbox 1319 522 1436 568; x_wconf 89' lang='lat' dir='ltr'>aliquis</span> <span class='ocrx_word' id='word_1_485' title='bbox 1448 523 1602 558; x_wconf 84' lang='lat' dir='ltr'>faciendae</span> <span class='ocrx_word' id='word_1_486' title='bbox 1613 522 1700 566; x_wconf 85' lang='lat' dir='ltr'>pacis</span> <span class='ocrx_word' id='word_1_487' title='bbox 1711 522 1796 567; x_wconf 88' lang='lat' dir='ltr'>apud</span> <span class='ocrx_word' id='word_1_488' title='bbox 1810 524 1916 558; x_wconf 71' lang='lat' dir='ltr'>Sanc&#39;ti</span> <span class='ocrx_word' id='word_1_489' title='bbox 1928 524 2042 567; x_wconf 89' lang='lat' dir='ltr'>Cyril-</span> 
     </span>
     <span class='ocr_line' id='line_1_77' title="bbox 1156 572 2036 620; baseline 0.006 -16"><span class='ocrx_word' id='word_1_490' title='bbox 1156 572 1178 604; x_wconf 89' lang='lat' dir='ltr'>li</span> <span class='ocrx_word' id='word_1_491' title='bbox 1202 583 1292 605; x_wconf 85' lang='lat' dir='ltr'>aures</span> <span class='ocrx_word' id='word_1_492' title='bbox 1314 572 1531 615; x_wconf 80' lang='lat' dir='ltr'>adversarius,</span> <span class='ocrx_word' id='word_1_493' title='bbox 1557 573 1697 617; x_wconf 72' lang='lat' dir='ltr'>abjestus</span> <span class='ocrx_word' id='word_1_494' title='bbox 1709 573 1864 617; x_wconf 86' lang='lat' dir='ltr'>turpiter,</span> <span class='ocrx_word' id='word_1_495' title='bbox 1891 585 1929 608; x_wconf 90' lang='lat' dir='ltr'>ac</span> <span class='ocrx_word' id='word_1_496' title='bbox 1939 573 2036 620; x_wconf 80' lang='lat' dir='ltr'>jussus</span> 
     </span>
     <span class='ocr_line' id='line_1_78' title="bbox 1155 620 2038 669; baseline 0.003 -15"><span class='ocrx_word' id='word_1_497' title='bbox 1155 620 1350 663; x_wconf 86' lang='lat' dir='ltr'>requiescere</span> <span class='ocrx_word' id='word_1_498' title='bbox 1375 648 1382 656; x_wconf 89' lang='lat'><em>.</em></span> <span class='ocrx_word' id='word_1_499' title='bbox 1410 623 1514 658; x_wconf 93' lang='lat' dir='ltr'>Hunc</span> <span class='ocrx_word' id='word_1_500' title='bbox 1539 624 1777 669; x_wconf 82' lang='lat' dir='ltr'>Magistrianus</span> <span class='ocrx_word' id='word_1_501' title='bbox 1805 648 1816 665; x_wconf 89' lang='lat'>,</span> <span class='ocrx_word' id='word_1_502' title='bbox 1844 624 1901 668; x_wconf 88' lang='lat' dir='ltr'>qui</span> <span class='ocrx_word' id='word_1_503' title='bbox 1928 624 2038 659; x_wconf 61' lang='lat' dir='ltr'>Sancti</span> 
     </span>
     <span class='ocr_line' id='line_1_79' title="bbox 1156 670 2040 713; baseline 0.006 -10"><span class='ocrx_word' id='word_1_504' title='bbox 1156 670 1277 713; x_wconf 84' lang='lat' dir='ltr'>Cyrilli</span> <span class='ocrx_word' id='word_1_505' title='bbox 1300 670 1340 704; x_wconf 85' lang='lat' dir='ltr'>ad</span> <span class='ocrx_word' id='word_1_506' title='bbox 1360 672 1595 709; x_wconf 84' lang='lat' dir='ltr'>Berrhaeensem</span> <span class='ocrx_word' id='word_1_507' title='bbox 1608 674 1767 709; x_wconf 80' lang='lat' dir='ltr'>Acacium</span> <span class='ocrx_word' id='word_1_508' title='bbox 1779 674 1902 708; x_wconf 88' lang='lat' dir='ltr'>litteras</span> <span class='ocrx_word' id='word_1_509' title='bbox 1917 673 2040 709; x_wconf 85' lang='lat' dir='ltr'>detule-</span> 
     </span>
     <span class='ocr_line' id='line_1_80' title="bbox 1156 721 2040 768; baseline 0.005 -15"><span class='ocrx_word' id='word_1_510' title='bbox 1156 730 1226 761; x_wconf 83' lang='lat' dir='ltr'>rat,</span> <span class='ocrx_word' id='word_1_511' title='bbox 1253 721 1372 762; x_wconf 85' lang='lat' dir='ltr'>Joanni</span> <span class='ocrx_word' id='word_1_512' title='bbox 1393 721 1582 759; x_wconf 82' lang='lat' dir='ltr'>Patriarchae</span> <span class='ocrx_word' id='word_1_513' title='bbox 1600 724 1776 768; x_wconf 84' lang='lat' dir='ltr'>exposuit,</span> <span class='ocrx_word' id='word_1_514' title='bbox 1802 724 2040 759; x_wconf 86' lang='lat' dir='ltr'>&amp;attulitnon</span> 
     </span>
     <span class='ocr_line' id='line_1_81' title="bbox 1157 769 2043 812; baseline 0.007 -10"><span class='ocrx_word' id='word_1_515' title='bbox 1157 769 1320 803; x_wconf 87' lang='lat' dir='ltr'>modicam</span> <span class='ocrx_word' id='word_1_516' title='bbox 1331 773 1610 807; x_wconf 85' lang='lat' dir='ltr'>consolationem.</span> <span class='ocrx_word' id='word_1_517' title='bbox 1636 772 1817 812; x_wconf 83' lang='lat' dir='ltr'>Archelaus</span> <span class='ocrx_word' id='word_1_518' title='bbox 1827 774 1954 808; x_wconf 89' lang='lat' dir='ltr'>videtur</span> <span class='ocrx_word' id='word_1_519' title='bbox 1966 774 2043 808; x_wconf 78' lang='lat' dir='ltr'>suis·</span> 
     </span>
     <span class='ocr_line' id='line_1_82' title="bbox 1158 819 2041 869; baseline 0.006 -16"><span class='ocrx_word' id='word_1_520' title='bbox 1158 822 1189 853; x_wconf 91' lang='lat' dir='ltr'>se</span> <span class='ocrx_word' id='word_1_521' title='bbox 1204 819 1364 864; x_wconf 88' lang='lat' dir='ltr'>quispiam</span> <span class='ocrx_word' id='word_1_522' title='bbox 1377 819 1411 853; x_wconf 92' lang='lat' dir='ltr'>in</span> <span class='ocrx_word' id='word_1_523' title='bbox 1425 819 1635 865; x_wconf 83' lang='lat' dir='ltr'>Euphratesia</span> <span class='ocrx_word' id='word_1_524' title='bbox 1648 824 1827 859; x_wconf 86' lang='lat' dir='ltr'>Provincia</span> <span class='ocrx_word' id='word_1_525' title='bbox 1837 824 2019 869; x_wconf 88' lang='lat' dir='ltr'>Episcopus</span> <span class='ocrx_word' id='word_1_526' title='bbox 2029 837 2041 858; x_wconf 81' lang='lat'>.-</span> 
     </span>
     <span class='ocr_line' id='line_1_83' title="bbox 1157 871 2044 911; baseline 0.005 -7"><span class='ocrx_word' id='word_1_527' title='bbox 1157 882 1198 904; x_wconf 81' lang='lat' dir='ltr'>ex</span> <span class='ocrx_word' id='word_1_528' title='bbox 1220 881 1283 911; x_wconf 86' lang='lat' dir='ltr'>qua</span> <span class='ocrx_word' id='word_1_529' title='bbox 1307 872 1400 905; x_wconf 88' lang='lat' dir='ltr'>causa</span> <span class='ocrx_word' id='word_1_530' title='bbox 1424 871 1521 906; x_wconf 88' lang='lat' dir='ltr'>fuerit</span> <span class='ocrx_word' id='word_1_531' title='bbox 1533 872 1705 910; x_wconf 64' lang='lat' dir='ltr'>mulctatus</span> <span class='ocrx_word' id='word_1_532' title='bbox 1716 875 1756 909; x_wconf 85' lang='lat' dir='ltr'>ad</span> <span class='ocrx_word' id='word_1_533' title='bbox 1767 876 1843 909; x_wconf 70' lang='lat' dir='ltr'>osto</span> <span class='ocrx_word' id='word_1_534' title='bbox 1854 872 2044 910; x_wconf 85' lang='lat' dir='ltr'>Solidorum</span> 
     </span>
     <span class='ocr_line' id='line_1_84' title="bbox 1157 920 2045 970; baseline 0.006 -16"><span class='ocrx_word' id='word_1_535' title='bbox 1157 920 1283 961; x_wconf 86' lang='lat' dir='ltr'>millia,</span> <span class='ocrx_word' id='word_1_536' title='bbox 1310 920 1429 964; x_wconf 84' lang='lat' dir='ltr'>&amp;quis</span> <span class='ocrx_word' id='word_1_537' title='bbox 1447 922 1546 957; x_wconf 90' lang='lat' dir='ltr'>fuerit</span> <span class='ocrx_word' id='word_1_538' title='bbox 1568 921 1625 956; x_wconf 89' lang='lat' dir='ltr'>ille</span> <span class='ocrx_word' id='word_1_539' title='bbox 1646 922 1795 958; x_wconf 80' lang='lat' dir='ltr'>Seleuciae</span> <span class='ocrx_word' id='word_1_540' title='bbox 1815 924 2045 970; x_wconf 72' lang='lat' dir='ltr'>Augustinus,</span> 
     </span>
     <span class='ocr_line' id='line_1_85' title="bbox 1158 970 2043 1015; baseline 0.006 -10"><span class='ocrx_word' id='word_1_541' title='bbox 1158 970 1255 1005; x_wconf 83' lang='lat' dir='ltr'>etiam</span> <span class='ocrx_word' id='word_1_542' title='bbox 1267 971 1388 1015; x_wconf 91' lang='lat' dir='ltr'>ignoro</span> <span class='ocrx_word' id='word_1_543' title='bbox 1401 995 1408 1003; x_wconf 93' lang='lat'>.</span> <span class='ocrx_word' id='word_1_544' title='bbox 1434 972 1530 1006; x_wconf 90' lang='lat' dir='ltr'>Hinc</span> <span class='ocrx_word' id='word_1_545' title='bbox 1552 971 1686 1008; x_wconf 86' lang='lat' dir='ltr'>interim</span> <span class='ocrx_word' id='word_1_546' title='bbox 1698 971 1845 1008; x_wconf 84' lang='lat' dir='ltr'>videmus</span> <span class='ocrx_word' id='word_1_547' title='bbox 1856 975 1955 1009; x_wconf 80' lang='lat' dir='ltr'>ltaliae</span> <span class='ocrx_word' id='word_1_548' title='bbox 1966 974 2043 1009; x_wconf 84' lang='lat' dir='ltr'>Cle-</span> 
     </span>
     <span class='ocr_line' id='line_1_86' title="bbox 1159 1021 2048 1066; baseline 0.006 -12"><span class='ocrx_word' id='word_1_549' title='bbox 1159 1031 1231 1054; x_wconf 89' lang='lat' dir='ltr'>rum</span> <span class='ocrx_word' id='word_1_550' title='bbox 1254 1030 1291 1054; x_wconf 84' lang='lat' dir='ltr'>ac</span> <span class='ocrx_word' id='word_1_551' title='bbox 1304 1021 1504 1055; x_wconf 86' lang='lat' dir='ltr'>Francorum</span> <span class='ocrx_word' id='word_1_552' title='bbox 1516 1022 1679 1066; x_wconf 86' lang='lat' dir='ltr'>Legatos,</span> <span class='ocrx_word' id='word_1_553' title='bbox 1706 1022 1943 1066; x_wconf 84' lang='lat' dir='ltr'>proficiscentes</span> <span class='ocrx_word' id='word_1_554' title='bbox 1955 1025 2048 1059; x_wconf 78' lang='lat' dir='ltr'>Con-</span> 
     </span>
     <span class='ocr_line' id='line_1_87' title="bbox 1161 1070 2047 1115; baseline 0.005 -11"><span class='ocrx_word' id='word_1_555' title='bbox 1161 1070 1408 1114; x_wconf 85' lang='lat' dir='ltr'>stantinopolim</span> <span class='ocrx_word' id='word_1_556' title='bbox 1428 1071 1469 1105; x_wconf 90' lang='lat' dir='ltr'>ad</span> <span class='ocrx_word' id='word_1_557' title='bbox 1491 1072 1725 1115; x_wconf 81' lang='lat' dir='ltr'>Imperatorem</span> <span class='ocrx_word' id='word_1_558' title='bbox 1735 1072 1976 1114; x_wconf 78' lang='lat' dir='ltr'>Iustinianum,</span> <span class='ocrx_word' id='word_1_559' title='bbox 2000 1084 2047 1108; x_wconf 64' lang='grc' dir='ltr'>τε·</span> 
     </span>
     <span class='ocr_line' id='line_1_88' title="bbox 1158 1119 2049 1164; baseline 0 -9"><span class='ocrx_word' id='word_1_560' title='bbox 1158 1121 1207 1155; x_wconf 67' lang='lat' dir='ltr'>ete</span> <span class='ocrx_word' id='word_1_561' title='bbox 1233 1120 1315 1155; x_wconf 89' lang='lat' dir='ltr'>olim</span> <span class='ocrx_word' id='word_1_562' title='bbox 1336 1121 1508 1164; x_wconf 69' lang='lat' dir='ltr'>scripsisse,</span> <span class='ocrx_word' id='word_1_563' title='bbox 1533 1124 1632 1155; x_wconf 80' lang='lat' dir='ltr'>Graeci</span> <span class='ocrx_word' id='word_1_564' title='bbox 1651 1119 1795 1164; x_wconf 69' lang='lat' dir='ltr'>Epiftopi</span> <span class='ocrx_word' id='word_1_565' title='bbox 1814 1120 1924 1155; x_wconf 73' lang='lat' dir='ltr'>babent</span> <span class='ocrx_word' id='word_1_566' title='bbox 1936 1124 2049 1156; x_wconf 74' lang='lat' dir='ltr'>divites</span> 
     </span>
     <span class='ocr_line' id='line_1_89' title="bbox 1158 1170 2050 1219; baseline 0.001 -14"><span class='ocrx_word' id='word_1_567' title='bbox 1158 1172 1356 1213; x_wconf 71' lang='lat' dir='ltr'>&amp;opulentas</span> <span class='ocrx_word' id='word_1_568' title='bbox 1369 1170 1532 1216; x_wconf 75' lang='lat' dir='ltr'>Ecclefias.</span> <span class='ocrx_word' id='word_1_569' title='bbox 1559 1170 1663 1219; x_wconf 86' lang='lat' dir='ltr'>Qod</span> <span class='ocrx_word' id='word_1_570' title='bbox 1684 1171 1784 1210; x_wconf 85' lang='lat' dir='ltr'>etiam</span> <span class='ocrx_word' id='word_1_571' title='bbox 1808 1170 2050 1206; x_wconf 80' lang='lat' dir='ltr'>Haereticorum</span> 
     </span>
     <span class='ocr_line' id='line_1_90' title="bbox 1160 1219 2052 1267; baseline 0.007 -14"><span class='ocrx_word' id='word_1_572' title='bbox 1160 1220 1311 1264; x_wconf 87' lang='lat' dir='ltr'>Episcopi</span> <span class='ocrx_word' id='word_1_573' title='bbox 1337 1219 1411 1256; x_wconf 85' lang='lat' dir='ltr'>istic</span> <span class='ocrx_word' id='word_1_574' title='bbox 1433 1219 1593 1256; x_wconf 87' lang='lat' dir='ltr'>haberent</span> <span class='ocrx_word' id='word_1_575' title='bbox 1617 1232 1765 1267; x_wconf 85' lang='lat' dir='ltr'>magnos</span> <span class='ocrx_word' id='word_1_576' title='bbox 1778 1230 1957 1266; x_wconf 81' lang='lat' dir='ltr'>proventus</span> <span class='ocrx_word' id='word_1_577' title='bbox 1976 1245 1989 1264; x_wconf 88' lang='lat'>,</span> <span class='ocrx_word' id='word_1_578' title='bbox 2014 1221 2052 1258; x_wconf 62' lang='grc' dir='ltr'><strong>ὰ</strong></span> 
     </span>
     <span class='ocr_line' id='line_1_91' title="bbox 1158 1270 2052 1314; baseline 0.001 -9"><span class='ocrx_word' id='word_1_579' title='bbox 1158 1270 1300 1314; x_wconf 85' lang='lat' dir='ltr'>amplam</span> <span class='ocrx_word' id='word_1_580' title='bbox 1314 1270 1486 1306; x_wconf 85' lang='lat' dir='ltr'>Sacrorum</span> <span class='ocrx_word' id='word_1_581' title='bbox 1500 1273 1649 1307; x_wconf 86' lang='lat' dir='ltr'>vasorum</span> <span class='ocrx_word' id='word_1_582' title='bbox 1661 1270 1881 1308; x_wconf 75' lang='lat' dir='ltr'>diversitatem</span> <span class='ocrx_word' id='word_1_583' title='bbox 1894 1296 1906 1313; x_wconf 95' lang='lat'>,</span> <span class='ocrx_word' id='word_1_584' title='bbox 1918 1270 2052 1307; x_wconf 78' lang='lat' dir='ltr'>testatur</span> 
     </span>
     <span class='ocr_line' id='line_1_92' title="bbox 1159 1319 2208 1378; baseline 0.003 -23"><span class='ocrx_word' id='word_1_585' title='bbox 1159 1321 1194 1355; x_wconf 89' lang='lat' dir='ltr'>in</span> <span class='ocrx_word' id='word_1_586' title='bbox 1216 1320 1334 1355; x_wconf 88' lang='lat' dir='ltr'>litteris</span> <span class='ocrx_word' id='word_1_587' title='bbox 1353 1319 1394 1355; x_wconf 88' lang='lat' dir='ltr'>ad</span> <span class='ocrx_word' id='word_1_588' title='bbox 1418 1320 1673 1357; x_wconf 84' lang='lat' dir='ltr'>Childebertum</span> <span class='ocrx_word' id='word_1_589' title='bbox 1698 1322 1827 1368; x_wconf 86' lang='lat' dir='ltr'>Regem</span> <span class='ocrx_word' id='word_1_590' title='bbox 1849 1323 2053 1357; x_wconf 82' lang='lat' dir='ltr'>Francorum</span> <span class='ocrx_word' id='word_1_591' title='bbox 2070 1335 2208 1378; x_wconf 62' lang='lat' dir='ltr'>Epist,10,</span> 
     </span>
     <span class='ocr_line' id='line_1_93' title="bbox 1161 1370 2052 1418; baseline 0.003 -14"><span class='ocrx_word' id='word_1_592' title='bbox 1161 1371 1282 1414; x_wconf 87' lang='lat' dir='ltr'>primus</span> <span class='ocrx_word' id='word_1_593' title='bbox 1293 1370 1457 1416; x_wconf 82' lang='lat' dir='ltr'>Pelagius.</span> <span class='ocrx_word' id='word_1_594' title='bbox 1487 1371 1573 1407; x_wconf 89' lang='lat' dir='ltr'>Item</span> <span class='ocrx_word' id='word_1_595' title='bbox 1583 1372 1738 1407; x_wconf 90' lang='lat' dir='ltr'>discimus</span> <span class='ocrx_word' id='word_1_596' title='bbox 1749 1384 1904 1418; x_wconf 85' lang='lat' dir='ltr'>magnam</span> <span class='ocrx_word' id='word_1_597' title='bbox 1916 1373 2052 1409; x_wconf 86' lang='lat' dir='ltr'>istorum</span> 
     </span>
     <span class='ocr_line' id='line_1_94' title="bbox 1162 1420 2053 1471; baseline 0.004 -17"><span class='ocrx_word' id='word_1_598' title='bbox 1162 1420 1401 1465; x_wconf 84' lang='lat' dir='ltr'>Episcoporum</span> <span class='ocrx_word' id='word_1_599' title='bbox 1427 1421 1620 1459; x_wconf 86' lang='lat' dir='ltr'>charitatem</span> <span class='ocrx_word' id='word_1_600' title='bbox 1633 1450 1643 1456; x_wconf 92' lang='lat'><em>.</em></span> <span class='ocrx_word' id='word_1_601' title='bbox 1671 1423 1806 1458; x_wconf 87' lang='lat' dir='ltr'>Etenim</span> <span class='ocrx_word' id='word_1_602' title='bbox 1818 1433 1854 1458; x_wconf 91' lang='lat' dir='ltr'>ut</span> <span class='ocrx_word' id='word_1_603' title='bbox 1865 1434 1950 1458; x_wconf 89' lang='lat' dir='ltr'>unus</span> <span class='ocrx_word' id='word_1_604' title='bbox 1962 1424 2053 1471; x_wconf 78' lang='lat' dir='ltr'>suam</span> 
     </span>
     <span class='ocr_line' id='line_1_95' title="bbox 1165 1471 2054 1520; baseline 0.004 -16"><span class='ocrx_word' id='word_1_605' title='bbox 1165 1471 1326 1507; x_wconf 66' lang='lat' dir='ltr'>Muffiam</span> <span class='ocrx_word' id='word_1_606' title='bbox 1350 1473 1561 1508; x_wconf 80' lang='lat' dir='ltr'>commodius</span> <span class='ocrx_word' id='word_1_607' title='bbox 1582 1473 1741 1515; x_wconf 87' lang='lat' dir='ltr'>solveret,</span> <span class='ocrx_word' id='word_1_608' title='bbox 1763 1474 1875 1510; x_wconf 72' lang='lat' dir='ltr'>cuncti</span> <span class='ocrx_word' id='word_1_609' title='bbox 1894 1474 2054 1520; x_wconf 75' lang='lat' dir='ltr'>semet-ip·</span> 
     </span>
     <span class='ocr_line' id='line_1_96' title="bbox 1166 1521 1850 1568; baseline 0.006 -13"><span class='ocrx_word' id='word_1_610' title='bbox 1166 1522 1215 1556; x_wconf 90' lang='lat' dir='ltr'>sos</span> <span class='ocrx_word' id='word_1_611' title='bbox 1234 1521 1469 1568; x_wconf 86' lang='lat' dir='ltr'>descripserunt</span> <span class='ocrx_word' id='word_1_612' title='bbox 1489 1522 1531 1562; x_wconf 83' lang='lat' dir='ltr'>ad</span> <span class='ocrx_word' id='word_1_613' title='bbox 1553 1521 1829 1565; x_wconf 82' lang='lat' dir='ltr'>contribuendum</span> <span class='ocrx_word' id='word_1_614' title='bbox 1841 1548 1850 1562; x_wconf 80' lang='grc'>.,</span> 
     </span>
    </p>
   </div>
   <div class='ocr_carea' id='block_1_12' title="bbox 1320 1831 2048 1919">
    <p class='ocr_par' dir='ltr' id='par_1_14' title="bbox 1320 1831 2048 1919">
     <span class='ocr_line' id='line_1_97' title="bbox 1320 1831 2048 1919; baseline 0.005 -14"><span class='ocrx_word' id='word_1_615' title='bbox 1320 1858 1581 1908; x_wconf 82' lang='lat' dir='ltr'><strong>CAPUT</strong></span> <span class='ocrx_word' id='word_1_616' title='bbox 1619 1831 1847 1910; x_wconf 79' lang='lat' dir='ltr'>Lxxvu.</span> <span class='ocrx_word' id='word_1_617' title='bbox 1885 1849 2048 1919; x_wconf 70' lang='lat'>---16&#39;&#39;5</span> 
     </span>
    </p>
   </div>
   <div class='ocr_carea' id='block_1_13' title="bbox 1204 2055 2028 2264">
    <p class='ocr_par' dir='ltr' id='par_1_15' title="bbox 1204 2055 2028 2264">
     <span class='ocr_line' id='line_1_98' title="bbox 1204 2055 2028 2131; baseline 0.001 -27"><span class='ocrx_word' id='word_1_618' title='bbox 1204 2055 1374 2122; x_wconf 72' lang='lat' dir='ltr'>Epssola</span> <span class='ocrx_word' id='word_1_619' title='bbox 1408 2062 1566 2108; x_wconf 76' lang='lat' dir='ltr'>Jotmm&#39;s</span> <span class='ocrx_word' id='word_1_620' title='bbox 1621 2058 1940 2131; x_wconf 63' lang='lat' dir='ltr'>Archi-Episcopi</span> <span class='ocrx_word' id='word_1_621' title='bbox 1973 2061 2028 2110; x_wconf 72' lang='lat' dir='ltr'>ad</span> 
     </span>
     <span class='ocr_line' id='line_1_99' title="bbox 1345 2124 1885 2196; baseline -0.004 -25"><span class='ocrx_word' id='word_1_622' title='bbox 1345 2124 1611 2173; x_wconf 66' lang='lat' dir='ltr'>Alexandrum</span> <span class='ocrx_word' id='word_1_623' title='bbox 1656 2129 1885 2196; x_wconf 63' lang='lat' dir='ltr'>EPfiopum</span> 
     </span>
     <span class='ocr_line' id='line_1_100' title="bbox 1450 2194 1782 2264; baseline -0.006 -24"><span class='ocrx_word' id='word_1_624' title='bbox 1450 2194 1493 2241; x_wconf 83' lang='lat' dir='ltr'>de</span> <span class='ocrx_word' id='word_1_625' title='bbox 1527 2194 1649 2245; x_wconf 75' lang='lat' dir='ltr'>Paulo</span> <span class='ocrx_word' id='word_1_626' title='bbox 1683 2202 1782 2264; x_wconf 82' lang='lat' dir='ltr'>Epi..</span> 
     </span>
    </p>
   </div>
   <div class='ocr_carea' id='block_1_14' title="bbox 1533 2261 1684 2331">
    <p class='ocr_par' dir='ltr' id='par_1_16' title="bbox 1533 2261 1684 2331">
     <span class='ocr_line' id='line_1_101' title="bbox 1533 2261 1684 2331; baseline 0.013 -21"><span class='ocrx_word' id='word_1_627' title='bbox 1533 2261 1651 2331; x_wconf 73' lang='lat' dir='ltr'>stopo</span> <span class='ocrx_word' id='word_1_628' title='bbox 1670 2300 1684 2312; x_wconf 90' lang='lat'><strong>.</strong></span> 
     </span>
    </p>
   </div>
   <div class='ocr_carea' id='block_1_15' title="bbox 1174 2463 2056 2549">
    <p class='ocr_par' dir='ltr' id='par_1_17' title="bbox 1174 2463 2056 2549">
     <span class='ocr_line' id='line_1_102' title="bbox 1174 2463 2056 2549; baseline 0.008 -51"><span class='ocrx_word' id='word_1_629' title='bbox 1174 2463 1437 2549; x_wconf 82' lang='lat' dir='ltr'>ARbitratus</span> <span class='ocrx_word' id='word_1_630' title='bbox 1458 2465 1531 2499; x_wconf 86' lang='lat' dir='ltr'>sum</span> <span class='ocrx_word' id='word_1_631' title='bbox 1550 2475 1605 2499; x_wconf 87' lang='lat' dir='ltr'>me</span> <span class='ocrx_word' id='word_1_632' title='bbox 1626 2465 1753 2511; x_wconf 86' lang='lat' dir='ltr'>aliquid</span> <span class='ocrx_word' id='word_1_633' title='bbox 1773 2468 1855 2510; x_wconf 76' lang='lat' dir='ltr'>utile</span> <span class='ocrx_word' id='word_1_634' title='bbox 1874 2469 2027 2514; x_wconf 75' lang='lat' dir='ltr'>incepiss‘e</span> <span class='ocrx_word' id='word_1_635' title='bbox 2045 2485 2056 2504; x_wconf 88' lang='lat'>.-</span> 
     </span>
    </p>
   </div>
   <div class='ocr_carea' id='block_1_16' title="bbox 1171 2512 2059 2613">
    <p class='ocr_par' dir='ltr' id='par_1_18' title="bbox 1171 2512 2059 2613">
     <span class='ocr_line' id='line_1_103' title="bbox 1290 2512 2059 2566; baseline 0.012 -20"><span class='ocrx_word' id='word_1_636' title='bbox 1290 2516 1381 2563; x_wconf 84' lang='lat' dir='ltr'>Qia</span> <span class='ocrx_word' id='word_1_637' title='bbox 1403 2512 1479 2549; x_wconf 75' lang='lat' dir='ltr'>vei-6</span> <span class='ocrx_word' id='word_1_638' title='bbox 1503 2515 1710 2560; x_wconf 85' lang='lat' dir='ltr'>Religiofitas</span> <span class='ocrx_word' id='word_1_639' title='bbox 1730 2522 1976 2556; x_wconf 75' lang='lat' dir='ltr'>tuaneceffaria</span> <span class='ocrx_word' id='word_1_640' title='bbox 1989 2521 2059 2566; x_wconf 83' lang='lat' dir='ltr'>qui-</span> 
     </span>
     <span class='ocr_line' id='line_1_104' title="bbox 1171 2562 2058 2613; baseline 0.007 -14"><span class='ocrx_word' id='word_1_641' title='bbox 1171 2564 1246 2600; x_wconf 91' lang='lat' dir='ltr'>dem</span> <span class='ocrx_word' id='word_1_642' title='bbox 1259 2575 1338 2598; x_wconf 79' lang='lat' dir='ltr'>meae</span> <span class='ocrx_word' id='word_1_643' title='bbox 1353 2563 1506 2607; x_wconf 80' lang='lat' dir='ltr'>Epistolae</span> <span class='ocrx_word' id='word_1_644' title='bbox 1519 2562 1724 2607; x_wconf 84' lang='lat' dir='ltr'>reprehendit</span> <span class='ocrx_word' id='word_1_645' title='bbox 1739 2579 1775 2602; x_wconf 90' lang='lat' dir='ltr'>ut</span> <span class='ocrx_word' id='word_1_646' title='bbox 1789 2581 1883 2613; x_wconf 88' lang='lat' dir='ltr'>prava</span> <span class='ocrx_word' id='word_1_647' title='bbox 1894 2595 1906 2612; x_wconf 92' lang='lat'>‚</span> <span class='ocrx_word' id='word_1_648' title='bbox 1928 2571 2058 2613; x_wconf 72' lang='lat' dir='ltr'>reliqua</span> 
     </span>
    </p>
   </div>
   <div class='ocr_carea' id='block_1_17' title="bbox 1168 2614 2071 3457">
    <p class='ocr_par' dir='ltr' id='par_1_19' title="bbox 1168 2614 2071 3112">
     <span class='ocr_line' id='line_1_105' title="bbox 1172 2614 2059 2665; baseline 0.008 -17"><span class='ocrx_word' id='word_1_649' title='bbox 1172 2615 1247 2649; x_wconf 76' lang='lat' dir='ltr'>vero</span> <span class='ocrx_word' id='word_1_650' title='bbox 1258 2614 1347 2649; x_wconf 90' lang='lat' dir='ltr'>velut</span> <span class='ocrx_word' id='word_1_651' title='bbox 1363 2614 1474 2648; x_wconf 88' lang='lat' dir='ltr'>insana</span> <span class='ocrx_word' id='word_1_652' title='bbox 1487 2614 1622 2658; x_wconf 81' lang='lat' dir='ltr'>projecit</span> <span class='ocrx_word' id='word_1_653' title='bbox 1635 2637 1648 2655; x_wconf 85' lang='lat'>‚</span> <span class='ocrx_word' id='word_1_654' title='bbox 1677 2617 1794 2654; x_wconf 86' lang='lat' dir='ltr'>melius</span> <span class='ocrx_word' id='word_1_655' title='bbox 1804 2620 1848 2654; x_wconf 89' lang='lat' dir='ltr'>est</span> <span class='ocrx_word' id='word_1_656' title='bbox 1867 2632 1920 2656; x_wconf 90' lang='lat' dir='ltr'>me</span> <span class='ocrx_word' id='word_1_657' title='bbox 1930 2621 2059 2665; x_wconf 82' lang='lat' dir='ltr'>acquie-</span> 
     </span>
     <span class='ocr_line' id='line_1_106' title="bbox 1168 2659 2057 2711; baseline 0.008 -13"><span class='ocrx_word' id='word_1_658' title='bbox 1168 2659 1258 2700; x_wconf 76' lang='lat' dir='ltr'>scer&#39;e</span> <span class='ocrx_word' id='word_1_659' title='bbox 1280 2665 1368 2705; x_wconf 91' lang='lat' dir='ltr'>tuis,</span> <span class='ocrx_word' id='word_1_660' title='bbox 1395 2663 1493 2708; x_wconf 72' lang='lat' dir='ltr'>quarn</span> <span class='ocrx_word' id='word_1_661' title='bbox 1516 2674 1549 2698; x_wconf 93' lang='lat' dir='ltr'>te</span> <span class='ocrx_word' id='word_1_662' title='bbox 1575 2664 1654 2707; x_wconf 86' lang='lat' dir='ltr'>illa,</span> <span class='ocrx_word' id='word_1_663' title='bbox 1679 2678 1748 2710; x_wconf 76' lang='lat' dir='ltr'>quae</span> <span class='ocrx_word' id='word_1_664' title='bbox 1760 2680 1831 2703; x_wconf 86' lang='lat' dir='ltr'>mea</span> <span class='ocrx_word' id='word_1_665' title='bbox 1854 2671 1953 2711; x_wconf 88' lang='lat' dir='ltr'>sunt,</span> <span class='ocrx_word' id='word_1_666' title='bbox 1978 2671 2057 2706; x_wconf 76' lang='lat' dir='ltr'>dure</span> 
     </span>
     <span class='ocr_line' id='line_1_107' title="bbox 1173 2713 2059 2764; baseline 0.008 -15"><span class='ocrx_word' id='word_1_667' title='bbox 1173 2715 1326 2759; x_wconf 87' lang='lat' dir='ltr'>suscipere</span> <span class='ocrx_word' id='word_1_668' title='bbox 1339 2740 1347 2749; x_wconf 93' lang='lat'>.</span> <span class='ocrx_word' id='word_1_669' title='bbox 1373 2713 1506 2749; x_wconf 86' lang='lat' dir='ltr'>Tamen</span> <span class='ocrx_word' id='word_1_670' title='bbox 1530 2714 1580 2748; x_wconf 83' lang='lat' dir='ltr'>vel</span> <span class='ocrx_word' id='word_1_671' title='bbox 1593 2714 1659 2751; x_wconf 90' lang='lat' dir='ltr'>hoc</span> <span class='ocrx_word' id='word_1_672' title='bbox 1673 2729 1778 2752; x_wconf 91' lang='lat' dir='ltr'>unum</span> <span class='ocrx_word' id='word_1_673' title='bbox 1788 2718 1850 2753; x_wconf 86' lang='lat' dir='ltr'>tibi</span> <span class='ocrx_word' id='word_1_674' title='bbox 1861 2729 1896 2754; x_wconf 90' lang='lat' dir='ltr'>ut</span> <span class='ocrx_word' id='word_1_675' title='bbox 1908 2721 2034 2764; x_wconf 87' lang='lat' dir='ltr'>placeat</span> <span class='ocrx_word' id='word_1_676' title='bbox 2047 2744 2059 2761; x_wconf 89' lang='lat'>‚</span> 
     </span>
     <span class='ocr_line' id='line_1_108' title="bbox 1171 2765 2058 2814; baseline 0.006 -15"><span class='ocrx_word' id='word_1_677' title='bbox 1171 2767 1301 2810; x_wconf 87' lang='lat' dir='ltr'>quaeso:</span> <span class='ocrx_word' id='word_1_678' title='bbox 1330 2765 1419 2812; x_wconf 81' lang='lat' dir='ltr'>Qia</span> <span class='ocrx_word' id='word_1_679' title='bbox 1431 2766 1491 2799; x_wconf 89' lang='lat' dir='ltr'>iter</span> <span class='ocrx_word' id='word_1_680' title='bbox 1502 2765 1644 2800; x_wconf 85' lang='lat' dir='ltr'>Domini</span> <span class='ocrx_word' id='word_1_681' title='bbox 1670 2768 1995 2814; x_wconf 83' lang='lat' dir='ltr'>meiReligiosiffimi</span> <span class='ocrx_word' id='word_1_682' title='bbox 2022 2771 2058 2804; x_wconf 75' lang='grc' dir='ltr'>δε</span> 
     </span>
     <span class='ocr_line' id='line_1_109' title="bbox 1172 2814 2059 2863; baseline 0.005 -13"><span class='ocrx_word' id='word_1_683' title='bbox 1172 2815 1362 2850; x_wconf 91' lang='lat' dir='ltr'>communis</span> <span class='ocrx_word' id='word_1_684' title='bbox 1385 2814 1487 2849; x_wconf 86' lang='lat' dir='ltr'>nostri</span> <span class='ocrx_word' id='word_1_685' title='bbox 1510 2816 1627 2850; x_wconf 85' lang='lat' dir='ltr'>Fratris</span> <span class='ocrx_word' id='word_1_686' title='bbox 1646 2816 1739 2852; x_wconf 88' lang='lat' dir='ltr'>Pauli</span> <span class='ocrx_word' id='word_1_687' title='bbox 1752 2818 1904 2863; x_wconf 88' lang='lat' dir='ltr'>Episcopi</span> <span class='ocrx_word' id='word_1_688' title='bbox 1926 2831 1994 2854; x_wconf 88' lang='lat' dir='ltr'>non</span> <span class='ocrx_word' id='word_1_689' title='bbox 2018 2820 2059 2853; x_wconf 86' lang='lat' dir='ltr'>fit</span> 
     </span>
     <span class='ocr_line' id='line_1_110' title="bbox 1173 2861 2071 2908; baseline 0.006 -9"><span class='ocrx_word' id='word_1_690' title='bbox 1173 2865 1368 2908; x_wconf 85' lang='lat' dir='ltr'>superfluum</span> <span class='ocrx_word' id='word_1_691' title='bbox 1382 2890 1394 2905; x_wconf 92' lang='lat'>‚</span> <span class='ocrx_word' id='word_1_692' title='bbox 1420 2861 1473 2899; x_wconf 79' lang='lat' dir='ltr'>sed</span> <span class='ocrx_word' id='word_1_693' title='bbox 1485 2865 1566 2900; x_wconf 90' lang='lat' dir='ltr'>utile</span> <span class='ocrx_word' id='word_1_694' title='bbox 1589 2877 1626 2900; x_wconf 78' lang='lat' dir='ltr'>nc</span> <span class='ocrx_word' id='word_1_695' title='bbox 1638 2868 1861 2902; x_wconf 77' lang='lat' dir='ltr'>necessarium.</span> <span class='ocrx_word' id='word_1_696' title='bbox 1891 2864 2071 2904; x_wconf 82' lang='lat' dir='ltr'>Verifimi-&#39;</span> 
     </span>
     <span class='ocr_line' id='line_1_111' title="bbox 1173 2915 2056 2963; baseline 0.006 -14"><span class='ocrx_word' id='word_1_697' title='bbox 1173 2916 1201 2949; x_wconf 91' lang='lat' dir='ltr'>le</span> <span class='ocrx_word' id='word_1_698' title='bbox 1212 2916 1257 2949; x_wconf 88' lang='lat' dir='ltr'>est</span> <span class='ocrx_word' id='word_1_699' title='bbox 1270 2916 1358 2950; x_wconf 90' lang='lat' dir='ltr'>enim</span> <span class='ocrx_word' id='word_1_700' title='bbox 1369 2925 1501 2950; x_wconf 89' lang='lat' dir='ltr'>euntem</span> <span class='ocrx_word' id='word_1_701' title='bbox 1513 2915 1618 2959; x_wconf 89' lang='lat' dir='ltr'>ipsum</span> <span class='ocrx_word' id='word_1_702' title='bbox 1630 2916 1778 2952; x_wconf 90' lang='lat' dir='ltr'>obtinere</span> <span class='ocrx_word' id='word_1_703' title='bbox 1788 2918 1914 2960; x_wconf 87' lang='lat' dir='ltr'>aliquid</span> <span class='ocrx_word' id='word_1_704' title='bbox 1925 2943 1936 2959; x_wconf 92' lang='lat'>,</span> <span class='ocrx_word' id='word_1_705' title='bbox 1964 2919 2056 2963; x_wconf 85' lang='lat' dir='ltr'>quod</span> 
     </span>
     <span class='ocr_line' id='line_1_112' title="bbox 1174 2964 2055 3012; baseline 0.007 -13"><span class='ocrx_word' id='word_1_706' title='bbox 1174 2977 1240 3001; x_wconf 89' lang='lat' dir='ltr'>non</span> <span class='ocrx_word' id='word_1_707' title='bbox 1251 2964 1405 3010; x_wconf 86' lang='lat' dir='ltr'>discrepet</span> <span class='ocrx_word' id='word_1_708' title='bbox 1431 2965 1450 3000; x_wconf 71' lang='grc' dir='ltr'>ὲ</span> <span class='ocrx_word' id='word_1_709' title='bbox 1472 2967 1580 3001; x_wconf 83' lang='lat' dir='ltr'>nostra</span> <span class='ocrx_word' id='word_1_710' title='bbox 1602 2968 1780 3001; x_wconf 88' lang='lat' dir='ltr'>sententia.</span> <span class='ocrx_word' id='word_1_711' title='bbox 1809 2968 2055 3012; x_wconf 78' lang='lat' dir='ltr'>propositiones</span> 
     </span>
     <span class='ocr_line' id='line_1_113' title="bbox 1171 3014 2054 3059; baseline 0.007 -9"><span class='ocrx_word' id='word_1_712' title='bbox 1171 3017 1261 3052; x_wconf 88' lang='lat' dir='ltr'>enim</span> <span class='ocrx_word' id='word_1_713' title='bbox 1273 3027 1361 3058; x_wconf 84' lang='lat' dir='ltr'>meas</span> <span class='ocrx_word' id='word_1_714' title='bbox 1372 3015 1444 3051; x_wconf 88' lang='lat' dir='ltr'>illas</span> <span class='ocrx_word' id='word_1_715' title='bbox 1465 3014 1597 3056; x_wconf 89' lang='lat' dir='ltr'>decem,</span> <span class='ocrx_word' id='word_1_716' title='bbox 1635 3027 1713 3059; x_wconf 86' lang='lat' dir='ltr'>quas</span> <span class='ocrx_word' id='word_1_717' title='bbox 1725 3019 1946 3053; x_wconf 86' lang='lat' dir='ltr'>communiter</span> <span class='ocrx_word' id='word_1_718' title='bbox 1967 3030 2054 3056; x_wconf 83' lang='lat' dir='ltr'>com-</span> 
     </span>
     <span class='ocr_line' id='line_1_114' title="bbox 1173 3066 2053 3112; baseline 0.005 -11"><span class='ocrx_word' id='word_1_719' title='bbox 1173 3067 1340 3110; x_wconf 86' lang='lat' dir='ltr'>posuimus</span> <span class='ocrx_word' id='word_1_720' title='bbox 1357 3092 1369 3108; x_wconf 93' lang='lat'>,</span> <span class='ocrx_word' id='word_1_721' title='bbox 1399 3076 1531 3111; x_wconf 84' lang='lat' dir='ltr'>portans</span> <span class='ocrx_word' id='word_1_722' title='bbox 1554 3066 1677 3100; x_wconf 87' lang='lat' dir='ltr'>receffit</span> <span class='ocrx_word' id='word_1_723' title='bbox 1690 3092 1697 3098; x_wconf 92' lang='lat'><em>.</em></span> <span class='ocrx_word' id='word_1_724' title='bbox 1728 3067 1770 3103; x_wconf 87' lang='lat' dir='ltr'>Et</span> <span class='ocrx_word' id='word_1_725' title='bbox 1793 3070 1963 3105; x_wconf 78' lang='lat' dir='ltr'>verisimile</span> <span class='ocrx_word' id='word_1_726' title='bbox 1982 3070 2053 3112; x_wconf 89' lang='lat' dir='ltr'>est,</span> 
     </span>
    </p>

    <p class='ocr_par' dir='ltr' id='par_1_20' title="bbox 1171 3115 2052 3160">
     <span class='ocr_line' id='line_1_115' title="bbox 1171 3115 2052 3160; baseline 0.007 -11"><span class='ocrx_word' id='word_1_727' title='bbox 1171 3117 1259 3160; x_wconf 89' lang='lat' dir='ltr'>quod</span> <span class='ocrx_word' id='word_1_728' title='bbox 1273 3117 1322 3151; x_wconf 87' lang='lat' dir='ltr'>vir</span> <span class='ocrx_word' id='word_1_729' title='bbox 1334 3117 1389 3151; x_wconf 86' lang='lat' dir='ltr'>ille</span> <span class='ocrx_word' id='word_1_730' title='bbox 1401 3116 1488 3150; x_wconf 89' lang='lat' dir='ltr'>velut</span> <span class='ocrx_word' id='word_1_731' title='bbox 1498 3115 1654 3159; x_wconf 82' lang='lat' dir='ltr'>majorem</span> <span class='ocrx_word' id='word_1_732' title='bbox 1678 3117 1842 3159; x_wconf 88' lang='lat' dir='ltr'>quandam</span> <span class='ocrx_word' id='word_1_733' title='bbox 1866 3121 2052 3155; x_wconf 67' lang='lat' dir='ltr'>satisfactio-</span> 
     </span>
    </p>

    <p class='ocr_par' dir='ltr' id='par_1_21' title="bbox 1172 3167 2053 3214">
     <span class='ocr_line' id='line_1_116' title="bbox 1172 3167 2053 3214; baseline 0.002 -14"><span class='ocrx_word' id='word_1_734' title='bbox 1172 3178 1244 3202; x_wconf 89' lang='lat' dir='ltr'>nem</span> <span class='ocrx_word' id='word_1_735' title='bbox 1258 3167 1408 3210; x_wconf 77' lang='lat' dir='ltr'>perficere</span> <span class='ocrx_word' id='word_1_736' title='bbox 1419 3168 1585 3213; x_wconf 72' lang='lat' dir='ltr'>supet-‘eas</span> <span class='ocrx_word' id='word_1_737' title='bbox 1599 3167 1804 3210; x_wconf 71' lang='lat' dir='ltr'>impetrabit.</span> <span class='ocrx_word' id='word_1_738' title='bbox 1835 3170 1935 3204; x_wconf 73' lang='lat' dir='ltr'>Amat</span> <span class='ocrx_word' id='word_1_739' title='bbox 1959 3171 2053 3214; x_wconf 86' lang='lat' dir='ltr'>quip-</span> 
     </span>
    </p>

    <p class='ocr_par' dir='ltr' id='par_1_22' title="bbox 1170 3215 2047 3260">
     <span class='ocr_line' id='line_1_117' title="bbox 1170 3215 2047 3260; baseline 0.001 -9"><span class='ocrx_word' id='word_1_740' title='bbox 1170 3217 1208 3260; x_wconf 71' lang='lat' dir='ltr'>pe</span> <span class='ocrx_word' id='word_1_741' title='bbox 1232 3217 1438 3260; x_wconf 89' lang='lat' dir='ltr'>colloquium</span> <span class='ocrx_word' id='word_1_742' title='bbox 1457 3215 1575 3250; x_wconf 88' lang='lat' dir='ltr'>multas</span> <span class='ocrx_word' id='word_1_743' title='bbox 1599 3216 1805 3253; x_wconf 80' lang='lat' dir='ltr'>difficultates</span> <span class='ocrx_word' id='word_1_744' title='bbox 1824 3219 1986 3253; x_wconf 79' lang='lat' dir='ltr'>adimere.</span> <span class='ocrx_word' id='word_1_745' title='bbox 2014 3220 2047 3254; x_wconf 86' lang='lat' dir='ltr'>Si</span> 
     </span>
    </p>

    <p class='ocr_par' dir='ltr' id='par_1_23' title="bbox 1170 3267 2048 3312">
     <span class='ocr_line' id='line_1_118' title="bbox 1170 3267 2048 3312; baseline 0.002 -12"><span class='ocrx_word' id='word_1_746' title='bbox 1170 3267 1267 3312; x_wconf 88' lang='lat' dir='ltr'>igitur</span> <span class='ocrx_word' id='word_1_747' title='bbox 1278 3267 1402 3311; x_wconf 88' lang='lat' dir='ltr'>aliquid</span> <span class='ocrx_word' id='word_1_748' title='bbox 1424 3268 1572 3300; x_wconf 87' lang='lat' dir='ltr'>votivum</span> <span class='ocrx_word' id='word_1_749' title='bbox 1587 3278 1642 3309; x_wconf 91' lang='lat' dir='ltr'>per</span> <span class='ocrx_word' id='word_1_750' title='bbox 1660 3271 1799 3312; x_wconf 70' lang='lat' dir='ltr'>gramm</span> <span class='ocrx_word' id='word_1_751' title='bbox 1814 3269 1878 3302; x_wconf 88' lang='lat' dir='ltr'>Dei</span> <span class='ocrx_word' id='word_1_752' title='bbox 1892 3268 2048 3304; x_wconf 85' lang='lat' dir='ltr'>obtinens</span> 
     </span>
    </p>

    <p class='ocr_par' dir='ltr' id='par_1_24' title="bbox 1170 3314 2046 3359">
     <span class='ocr_line' id='line_1_119' title="bbox 1170 3314 2046 3359; baseline 0.002 -10"><span class='ocrx_word' id='word_1_753' title='bbox 1170 3318 1371 3359; x_wconf 86' lang='lat' dir='ltr'>remeaverit,</span> <span class='ocrx_word' id='word_1_754' title='bbox 1398 3314 1481 3350; x_wconf 74' lang='lat' dir='ltr'>bene</span> <span class='ocrx_word' id='word_1_755' title='bbox 1503 3316 1533 3349; x_wconf 91' lang='lat' dir='ltr'>se</span> <span class='ocrx_word' id='word_1_756' title='bbox 1554 3314 1651 3351; x_wconf 87' lang='lat' dir='ltr'>habet</span> <span class='ocrx_word' id='word_1_757' title='bbox 1675 3330 1682 3349; x_wconf 91' lang='lat'>:</span> <span class='ocrx_word' id='word_1_758' title='bbox 1715 3318 1803 3352; x_wconf 57' lang='lat' dir='ltr'>Alias</span> <span class='ocrx_word' id='word_1_759' title='bbox 1827 3319 2046 3354; x_wconf 83' lang='lat' dir='ltr'>communiter</span> 
     </span>
    </p>

    <p class='ocr_par' dir='ltr' id='par_1_25' title="bbox 1170 3364 1947 3414">
     <span class='ocr_line' id='line_1_120' title="bbox 1170 3364 1947 3414; baseline 0.003 -13"><span class='ocrx_word' id='word_1_760' title='bbox 1170 3366 1265 3403; x_wconf 87' lang='lat' dir='ltr'>nobis</span> <span class='ocrx_word' id='word_1_761' title='bbox 1275 3365 1520 3404; x_wconf 87' lang='lat' dir='ltr'>deliberandum</span> <span class='ocrx_word' id='word_1_762' title='bbox 1532 3364 1577 3402; x_wconf 89' lang='lat' dir='ltr'>est</span> <span class='ocrx_word' id='word_1_763' title='bbox 1588 3391 1600 3407; x_wconf 91' lang='lat'>,</span> <span class='ocrx_word' id='word_1_764' title='bbox 1625 3368 1705 3412; x_wconf 88' lang='lat' dir='ltr'>quid</span> <span class='ocrx_word' id='word_1_765' title='bbox 1717 3369 1769 3414; x_wconf 88' lang='lat' dir='ltr'>agi</span> <span class='ocrx_word' id='word_1_766' title='bbox 1781 3380 1927 3414; x_wconf 77' lang='lat' dir='ltr'>oporteat</span> <span class='ocrx_word' id='word_1_767' title='bbox 1939 3394 1947 3403; x_wconf 72' lang='grc'>,</span> 
     </span>
    </p>

    <p class='ocr_par' dir='ltr' id='par_1_26' title="bbox 1549 3415 1997 3457">
     <span class='ocr_line' id='line_1_121' title="bbox 1549 3415 1997 3457; baseline 0.011 -6"><span class='ocrx_word' id='word_1_768' title='bbox 1549 3415 1587 3451; x_wconf 89' lang='grc' dir='ltr'><strong>Τ</strong></span> <span class='ocrx_word' id='word_1_769' title='bbox 1636 3429 1659 3457; x_wconf 83' lang='lat'>2</span> <span class='ocrx_word' id='word_1_770' title='bbox 1856 3417 1997 3456; x_wconf 63' lang='lat' dir='ltr'>SCHO÷</span> 
     </span>
    </p>
   </div>
  </div>
 </body>
</html>
