2320 3730
561 176 876 240 Scironis,
917 197 981 229 ετ
1015 179 1208 228 Nous
1244 174 1646 228 ILLusritATAE.

206 270 342 308 bombat
361 266 449 304 enim
470 267 525 301 illa
541 279 601 311 pto
616 267 779 312 Ephefino
796 268 955 303 Concilio
967 290 977 307 ,
1004 264 1092 311 quod

208 322 264 357 isti
287 331 364 355 tunc
384 318 613 352 aversabantur
638 344 644 351 .
674 318 749 353 Nec
777 331 857 353 tunc
879 319 979 362 aliqui
1000 342 1011 358 ,
1039 314 1092 349 sed

200 367 348 407 omnino
366 379 482 402 omnes
496 368 648 412 Episcopi
670 379 762 404 erant
777 369 925 413 colligati
949 378 1024 401 cum
1036 366 1093 399 suo

209 417 393 455 Patriarcha
419 443 426 450 .
454 418 536 452 Item
560 429 638 453 tunc
662 420 759 453 nullae
785 419 870 451 inter
894 417 981 459 ipsos
1002 425 1094 450 crant

207 470 293 505 circa
315 467 382 503 haec
409 469 628 506 controversiae
650 494 657 501 .
685 467 829 502 Proinde
853 464 922 499 haec
946 465 1092 508 Epistola

208 518 255 553 est
269 519 438 553 manifeste
448 519 518 563 post
532 531 644 562 pacem
667 519 803 563 scripta,
829 515 995 553 adversum
1023 525 1089 548 no-

208 579 264 604 vas
274 570 360 603 circa
375 569 464 603 illam
479 569 670 611 quaestiones
683 594 690 602 .
814 608 816 610 ,

261 620 309 654 At
326 619 403 653 vero
429 620 562 662 praesens
588 618 734 663 Epistola
760 617 805 652 est
829 628 905 661 pace
929 615 1094 652 anterior:

210 667 374 704 Acacium
394 667 547 703 hortatur
566 669 608 707 ad
625 669 726 712 ipsam
747 667 1009 701 conciliandam.
1038 664 1094 700 Est

210 720 392 754 simulcum
405 719 499 753 Sacra
516 720 557 754 ad
569 719 730 761 Ioannem
747 717 970 752 Patr-iarcham
989 716 1097 760 juffio·

210 781 256 805 ne
273 781 328 814 per
338 768 539 803 Aristolaum
551 767 740 802 Tribunum
753 769 931 803 transmissa
943 792 950 800 .
976 768 1020 801 Et
1036 766 1096 810 pri·

212 819 273 855 mo
283 821 422 854 affirmat
433 819 604 853 laceratam
626 818 864 862 Episcoporurn
891 830 928 853 ac
941 816 1097 852 Ecclesia-

213 880 288 905 rurn
300 880 412 914 pacem
422 869 516 903 fuisse
525 867 634 903 adhuc
645 868 723 903 alias
733 870 917 904 resarcitam
941 879 995 912 per
1008 867 1097 900 Aca-

214 922 323 955 cium.
350 919 480 963 Nempe
492 919 739 960 lacerationem,
767 918 1096 963 quaeobFlavianum

216 968 407 1005 Antiochia:
418 969 637 1017 Parriarcham
646 970 727 1004 olim
744 970 851 1004 fuerat
871 970 956 1003 inter
968 968 1097 1001 Roma-

214 1030 295 1055 nam
320 1031 357 1053 ac
373 1018 622 1054 Antiochenam
634 1019 828 1053 Ecclesiam:
857 1019 900 1052 Et
913 1029 1013 1062 quam
1023 1029 1098 1051 cum

214 1069 328 1111 eadem
340 1069 493 1101 Romana
503 1068 616 1103 omnis
638 1068 818 1103 Orientalis
831 1068 973 1103 Ecclefia
987 1070 1099 1103 incur·-

215 1126 299 1152 rerat
319 1127 451 1162 propter
474 1118 624 1162 iniquam
637 1118 904 1164 degradationem
922 1119 1028 1152 Sansti
1043 1119 1100 1162 Jo-

215 1168 312 1202 annis
323 1165 553 1210 Chrysostomi
563 1192 571 1201 .
585 1169 691 1203 .Hinc
704 1170 807 1213 ipsum
819 1169 973 1213 Princeps
986 1178 1078 1212 rogat
1090 1192 1100 1209 ,

216 1227 255 1252 ut
281 1218 314 1252 &
331 1218 702 1260 praesentem-scissuram
738 1219 893 1264 dignetur
919 1221 952 1253 δε
976 1219 1099 1251 studeat

215 1267 439 1301 consolidare.
466 1267 619 1302 Secundo
628 1268 768 1302 affirmat
779 1280 847 1303 rem
871 1280 941 1303 nou
955 1267 1101 1302 forcdif-

215 1317 357 1352 ficilem.
387 1317 560 1364 Qoniam
576 1319 594 1352 a
617 1318 744 1361 Joanne
763 1317 979 1353 Antiocheno
1001 1318 1102 1362 exigi·

218 1377 271 1401 tur
282 1367 378 1400 unica
401 1368 573 1401 dumtaxat
585 1368 756 1403 conditio:
784 1369 915 1412 Nempe
942 1379 978 1403 ut
991 1365 1104 1402 huma·

218 1428 266 1451 no
283 1417 411 1451 affcstui
437 1428 475 1451 ac
500 1417 599 1451 errori
611 1419 807 1453 renuncians
831 1417 954 1453 deserat
982 1417 1104 1452 Nesto·-

219 1467 307 1501 rium
330 1490 342 1506 ,
368 1474 469 1499 contra
499 1469 583 1506 cujus
606 1469 834 1503 adinventiones
853 1493 863 1510 ‚
890 1474 1104 1511 novitatemque

218 1515 361 1550 dssrtnae
385 1514 517 1557 univerfi
537 1526 674 1550 certant.
702 1517 756 1551 Ex
776 1517 838 1552 hac
853 1519 1000 1562 Epistola
1025 1520 1105 1552 item

218 1565 367 1600 videmus
397 1563 625 1601 Theodosium
648 1569 743 1602 fuisse
768 1566 803 1600 in
831 1567 893 1601 isto
918 1578 1080 1611 conceptu
1095 1591 1105 1607 ‚

219 1615 311 1660 quod
331 1613 564 1650 Antiochenus
588 1617 730 1659 Joannes
753 1629 821 1651 non
836 1619 1021 1659 sequeretur
1048 1627 1103 1651 aut

217 1665 370 1711 probaret
394 1677 517 1701 errores
527 1666 694 1709 Nestorii,
721 1667 773 1701 sed
794 1668 884 1711 quod
907 1679 948 1702 ex
960 1666 1107 1702 humano

220 1716 336 1749 affeetu
355 1716 615 1761 circumscriptus
641 1717 782 1752 crederet
813 1717 984 1752 hominem
1013 1718 1105 1752 fuiffe

219 1765 308 1801 male
319 1766 538 1808 intelleetum,
565 1766 705 1812 ideoque
730 1767 890 1809 &injuste
901 1768 1106 1801 damnatum.

220 1817 366 1851 Fuerant
377 1817 468 1851 simul
482 1817 688 1860 Presbyteri,
706 1818 739 1851 ὅ(
751 1818 953 1855 familiariter
964 1818 1060 1851 amici
1073 1819 1107 1850 in

222 1864 437 1899 Antiochena
449 1867 590 1901 Ecclesia
600 1892 607 1900 .

275 1914 413 1949 Praesens
438 1917 606 1958 Epistola,
633 1916 709 1952 licet
728 1916 792 1952 huc
818 1919 916 1962 usque
943 1918 1109 1962 publicam

222 1965 333 1999 lucem
348 1977 413 1999 non
428 1965 563 2006 viderit,
591 1966 688 2002 habet
701 1979 809 2002 tamen
834 1970 968 2012 antiqua
994 1970 1027 2002 ὅ(
1049 1980 1109 2002 au-

222 2016 366 2050 thentica
395 2016 580 2050 testimonia
610 2042 617 2048 .

222 2065 345 2099 Paulus
358 2066 535 2100 Eme-senus
547 2066 729 2109 Episcopus
740 2090 750 2104 ,
775 2067 956 2100 orientalis
973 2067 1109 2099 Dioece-

221 2117 263 2149 lis
281 2117 314 2149 in
328 2115 518 2160 AEgyptum
532 2115 677 2159 Legatus
692 2140 702 2155 ,
728 2118 846 2150 saneto
866 2116 997 2158 Cyrillo
1007 2116 1110 2150 obtu-

220 2166 282 2206 iit,
310 2163 376 2198 haec
410 2164 506 2199 habet
520 2180 530 2199 .·
556 2166 758 2208 Religiofiffimi
776 2170 973 2208 Imperatores
986 2174 1042 2208 per
1063 2172 1110 2199 vi-

222 2226 292 2248 rum
313 2214 502 2258 spe-Habilem
535 2213 709 2254 Aristolaum
727 2239 738 2255 ,
763 2217 927 2249 Tribunum
952 2227 986 2248 ac
1011 2221 1110 2248 Nota-

223 2270 301 2298 rium
311 2289 322 2304 ‚
349 2265 382 2298 &
394 2265 437 2298 ad
446 2273 530 2296 tuam
542 2264 741 2298 Sanffltatem
751 2290 762 2306 ,
790 2268 823 2299 o·
836 2267 881 2298 ad
899 2268 919 2298 5
920 2265 1109 2305 ane‘t'iffimum

221 2326 331 2357 quoque
350 2318 509 2359 Joannem
535 2313 711 2357 Episcopum
737 2338 747 2354 ‚
772 2317 806 2350 Cu·
830 2319 877 2348 ad
900 2316 1109 2354 Sanc‘liffimum

222 2368 348 2397 Patrem
360 2365 485 2404 nostrum
497 2367 632 2397 Acacium
646 2389 656 2404 ,
684 2364 896 2407 Berrbeensem
917 2366 1085 2405 antistitem
1099 2389 1109 2403 ,

221 2417 340 2446 litteras
364 2412 527 2454 miserunt,
555 2414 658 2453 quibus
677 2419 860 2454 praecr'piunt
876 2439 886 2453 ,
910 2423 943 2446 ut
971 2415 1023 2446 vel
1045 2425 1109 2446 cor-

219 2472 293 2505 pore
307 2486 318 2502 ,
342 2463 394 2494 vel
398 2460 508 2504 saltem
520 2467 615 2494 animi
621 2461 777 2504 sententia
788 2469 867 2495 inter
889 2473 941 2495 nos
955 2471 1086 2496 coeuntes
1099 2487 1109 2503 ,

222 2510 428 2553 controverfias
451 2513 519 2544 illas
533 2517 614 2544 inter
637 2513 828 2551 Pienttffimos
845 2511 1003 2555 Episcopus
1020 2536 1030 2552 ,
1058 2518 1109 2555 qui

222 2568 255 2595 in
277 2560 427 2603 prefina
449 2566 576 2594 civitate
589 2570 789 2593 convenerunt
802 2583 812 2599 ,
835 2563 870 2594 <vt
894 2574 947 2595 nos
972 2571 1108 2595 extortas

222 2613 373 2645 deleamus
386 2634 397 2650 ,
422 2618 627 2652 acceptamque
638 2614 700 2643 Deo
705 2618 812 2652 pacem
827 2611 945 2643 sanetis
973 2613 1038 2651 ejus
1051 2616 1109 2645 Ec-

221 2660 310 2703 elefiis
321 2660 503 2694 conciliemus
517 2684 528 2700 ,
554 2660 659 2694 turbas
671 2661 801 2702 quotidie
825 2659 1019 2702 desaevientes
1042 2672 1106 2694 con-

220 2710 370 2756 sopiamus
384 2735 394 2750 ,
420 2722 454 2743 ac
479 2709 608 2750 Nestorii
630 2708 796 2753 depofiti'oni
815 2709 1050 2754 consentiamus,
1075 2713 1108 2745 Θ

220 2760 396 2804 perversam
415 2761 497 2793 illius
508 2759 672 2792 doctrinam
695 2760 1000 2794 anathematizemus.
1029 2765 1105 2794 Cum

225 2819 325 2854 itaque
341 2813 372 2855 J
375 2821 483 2844 oannes
511 2810 545 2844 (9·
557 2813 677 2842 Aeacius
689 2809 744 2844 bas
753 2817 823 2852 pias
836 2814 952 2844 litteras
979 2810 1107 2854 accepis·-

218 2859 301 2905 sent‚
313 2862 369 2894 (uc.
397 2860 509 2894 Palam
523 2859 671 2893 laudatur
683 2863 816 2903 praesens
828 2861 976 2905 Epistola
988 2886 996 2893 .
1024 2862 1106 2895 item

225 2910 403 2955 exponitur
424 2912 524 2945 Sacrae
547 2909 699 2952 Juffionis
723 2911 828 2945 sensus
840 2922 894 2955 per
908 2911 975 2948 haec
988 2911 1105 2946 verba:

227 2964 412 3002 Praecipiunt
427 2970 460 2994 ut
487 2960 539 2993 vel
547 2968 661 3001 corpore
670 2984 680 3000 ‚
706 2962 757 2994 vel
766 2960 874 3004 saltem
885 2967 979 2996 animi
985 2961 1106 3005 senten-

228 3015 272 3043 tia
284 3015 362 3042 inter
379 3021 431 3043 nos
441 3019 572 3044 coeuntes
585 3034 597 3050 ‚
623 3010 676 3045 (vc.
704 3011 829 3046 Lucide
840 3014 1003 3048 affirmant
1015 3012 1103 3057 quod

225 3061 323 3107 §acra
336 3059 433 3101 Juffio
445 3061 610 3102 Cyrillum
634 3070 672 3094 ac
685 3061 844 3105 Joannem
867 3074 936 3097 non
957 3062 1105 3098 absolute

227 3109 414 3143 evocaverit
426 3109 655 3143 Nicomediam
668 3134 679 3150 ,
706 3110 759 3145 sed
772 3112 940 3147 dumtaxat
962 3114 996 3148 in
1010 3113 1081 3147 casu
1094 3137 1104 3154 ,

227 3170 296 3202 quo
309 3158 457 3192 absentes
468 3159 584 3193 deduci
597 3170 663 3193 non
677 3163 803 3204 possent
825 3163 859 3198 in
870 3163 1083 3198 concordiam
1097 3187 1104 3195 .

228 3209 341 3247 Etiam
366 3208 531 3249 asseritur,
558 3209 647 3252 quod
673 3212 765 3245 variae
790 3213 825 3246 in
846 3213 981 3258 Populis
1006 3213 1105 3247 turbae

228 3259 306 3292 huic
329 3258 427 3295 Sacrae
449 3258 584 3301 Juffioni
611 3270 648 3292 ac
661 3263 845 3296 evocationi
866 3265 993 3298 causam
1013 3262 1104 3297 dede—

227 3309 311 3343 rint:
340 3307 514 3344 Praesertim
528 3307 627 3343 turbae
640 3318 766 3352 patratae
777 3311 811 3347 in
829 3314 1010 3348 extrusione
1021 3324 1106 3355 quo·-

227 3358 368 3397 rundam
383 3359 616 3402 Episcoporum
627 3381 638 3400 ‚
665 3371 702 3397 ac
715 3371 874 3399 novorum
886 3364 1105 3401 consecratio-

328 3406 518 3452 chrtst.Lupi
528 3412 628 3452 opem
637 3412 740 3446 Tm

653 2018 789 2052 Etenim
818 2018 947 2052 libellus
973 2042 985 2056 ‚
1011 2029 1124 2060 quem*

1869 197 1961 242 169

1153 276 1195 299 ne
1222 273 1278 301 aut
1298 263 1576 300 inthronizatione
1598 290 1605 298 .
1646 265 1689 300 Et
1716 265 1794 303 hinc
1821 270 1938 306 facium
1964 269 2032 309 est,

1152 316 1242 357 quod
1255 314 1295 350 ad
1308 316 1428 351 Marim
1449 315 1588 350 Persidis
1602 316 1800 359 Episcopum
1822 322 1938 364 scripsit
1959 321 2033 356 lbas

1139 365 1259 413 jadhuc
1272 366 1442 410 Presbyter
1451 367 1616 400 Edeffenae
1627 366 1791 401 Ecclefiae:
1809 372 1844 400 In
1853 377 2032 404 contentione

1138 421 1238 469 jeram
1250 414 1389 461 Episimpi
1401 425 1502 451 contra
1513 414 1669 459 Episcopos
1680 441 1690 457 ,
1703 417 1737 450 (9⁶
1749 418 1855 457 Populi
1867 422 2032 453 adversum

1155 468 1279 508 Populos
1292 492 1299 499 .
1326 471 1399 500 Non
1415 472 1493 502 enim
1512 467 1640 500 audebat
1663 468 1772 509 aliquis
1797 468 1835 500 de
1856 473 1979 500 civitate
1990 471 2035 502 ad

1152 522 1305 550 civitatem
1317 543 1327 558 ,
1354 527 1408 551 aut
1417 518 1454 551 de
1459 523 1619 559 provincia
1629 519 1672 550 ad
1677 523 1868 559 provinciam
1876 516 2035 559 proficisi-i,

1150 564 1207 608 sed
1231 575 1378 609 tanquam
1389 573 1538 601 inimicum
1554 566 1641 611 suum
1651 565 1844 610 unusquisque
1864 572 2035 609 proximum

1149 615 1239 659 suum
1255 615 1498 659 persequebatur.
1528 619 1678 663 Qisque
1699 619 1792 652 enim
1818 616 2037 661 suspicabatur

1156 665 1365 709 Episcopales
1385 666 1464 702 hinc
1485 668 1562 702 inde
1575 669 1790 712 profestiones
1803 679 1870 701 non
1898 666 2037 701 fierinisi

1154 716 1194 748 ad
1207 715 1377 758 patrandas
1390 716 1570 752 istiusmodi
1582 718 1791 753 intrusiones.
1821 716 1926 752 Porro
1937 727 2038 761 quam

1155 767 1345 800 Graecorum
1356 763 1476 808 Populi
1489 769 1589 802 essent
1600 767 1769 809 adversum
1788 768 1870 811 ipsas
1879 767 2014 801 animati
2027 789 2039 805 ‚

1156 815 1242 859 apud
1256 814 1421 858 Ephesum
1445 825 1597 858 expertus
1613 818 1657 851 est
1679 819 1748 861 ipse
1760 819 1902 862 Ioannes
1918 815 2038 850 Antio-

1157 864 1298 906 chcnus‚
1325 865 1406 899 dum
1417 863 1597 909 degradato
1618 867 1636 899 a
1650 869 1679 901 se
1691 867 1870 902 Memnoni
1892 866 2042 902 tentabat

1158 915 1412 959 superordinare.
1439 913 1568 958 Ephefii
1582 915 1669 948 cives
1678 917 1856 953 clauserunt
1870 918 1919 952 illi
1930 918 2050 961 januas..

1160 965 1328 1011 Ecclesia,
1355 966 1503 1009 &ipsum
1517 964 1680 1011 lapidibus
1697 963 1874 1009 abegerunt
1884 991 1893 1000 .

1402 1291 1658 1341 CAPUT
1705 1294 1801 1340 LII.

1889 1306 2051 1352 --·-I40

1166 1481 1501 1550 Hypomuystz‘cum
1537 1481 1593 1529 ad
1636 1486 1667 1529 S
1668 1480 1819 1529 antium
1854 1486 2057 1531 Simeonem

1375 1551 1552 1610 stylitem
1583 1568 1651 1620 per
1698 1552 1848 1600 eundem

1483 1621 1738 1688 Aristolaum.

1260 1820 1363 1853 Otam
1384 1818 1587 1853 Reverentia:
1613 1826 1676 1852 tuae
1699 1816 1801 1853 vitam
1830 1841 1842 1858 ,
1876 1816 1917 1852 ad
1946 1819 2060 1852 Deum

1285 1869 1476 1902 conversam
1503 1893 1514 1909 ,
1540 1869 1574 1901 &
1600 1868 1645 1902 ita
1674 1868 1837 1902 viventem
1861 1892 1872 1908 ,
1901 1879 1936 1902 ut
1964 1866 2060 1911 possis

1170 1917 1286 1952 habere
1298 1919 1450 1952 fiduciam
1477 1918 1609 1952 &circa
1633 1930 1694 1952 nos
1707 1919 1775 1961 ejus
1788 1918 1963 1952 conciliare
1991 1927 2063 1960 pro·

1171 1969 1378 2011 pitiationem
1403 1992 1414 2008 ,
1450 1968 1674 2011 intelligentes
1700 1990 1711 2006 ,
1739 1967 1908 2001 necessarie
1933 1966 1974 2000 ad
2004 1966 2073 1999 lias»

1171 2029 1259 2050 nunc
1272 2019 1381 2050 sumus
1394 2017 1804 2056 vcnirelitterasinvitati,
1831 2027 1867 2049 ut
1878 2028 1965 2057 rem,
1993 2027 2063 2059 quae

1171 2067 1276 2100 revera
1305 2066 1345 2100 ad
1372 2066 1535 2100 Divinam
1563 2066 1808 2101 Providentiam
1835 2066 2063 2109 pertinet,'in

1172 2116 1235 2150 hoc
1263 2116 1418 2160 praecipue
1445 2126 1594 2159 tempore
1619 2127 1715 2160 agere
1727 2116 1878 2151 festines.
1907 2116 2064 2151 Dicimus

1170 2166 1248 2200 vero
1262 2177 1376 2208 pacem
1390 2190 1400 2205 ,
1427 2178 1495 2209 quae
1509 2166 1593 2199 bene
1605 2167 1708 2200 suerat
1723 2168 1867 2201 radicata
1880 2193 1890 2208 ,
1917 2167 2035 2200 firmari
2048 2179 2063 2207 ;

1173 2216 1317 2260 litigium
1344 2215 1420 2248 vero
1440 2240 1451 2255 ,
1476 2216 1654 2250 molitione
1681 2215 1848 2258 cujusdam
1877 2217 2064 2250 Diabolicae

1173 2265 1390 2310 malignitatis
1400 2265 1579 2298 immissum
1594 2289 1605 2304 ,
1631 2276 1784 2308 praepares
1805 2277 1974 2300 amovere.
2004 2265 2064 2299 Be-

1172 2316 1333 2349 neautem
1345 2315 1496 2349 novimus
1517 2313 1582 2350 hoc
1594 2315 1742 2349 futurum
1757 2340 1767 2356 ,
1793 2316 1997 2351 confidentes
2021 2314 2066 2350 de

1172 2377 1234 2398 tuae
1256 2365 1463 2399 orationibus
1482 2365 1670 2399 Sanstitatis
1689 2389 1699 2404 ,
1725 2367 1759 2399 &
1783 2365 1936 2401 instantia
1964 2377 2068 2409 atque

1172 2413 1416 2450 hortationibus
1428 2415 1469 2448 ad
1484 2426 1562 2455 eos,
1589 2414 1644 2458 qui
1658 2415 1794 2451 fundare
1807 2415 1893 2451 hanc
1906 2425 2062 2459 poterunt

1170 2464 1204 2497 ὅ(
1217 2462 1435 2508 redintegrare
1452 2461 1613 2498 discissam
1625 2489 1632 2496 .

1221 2513 1517 2548 Reverendiffimus
1539 2515 1629 2548 enim
1652 2516 1795 2559 Joannes
1822 2516 2056 2554 Antiochenus

1172 2563 1369 2606 Episcopus,
1399 2562 1631 2598 fisubscribere
1643 2564 1712 2606 ejus
1724 2566 1919 2609 depositioni
1944 2568 2055 2602 volue-

1170 2614 1233 2654 rit,
1257 2614 1312 2656 qui
1326 2612 1448 2646 semina
1460 2615 1853 2658 contentionisimmisit,
1878 2619 1912 2652 ἀ
1935 2620 2055 2661 patefe-

1169 2663 1248 2697 cerit
1263 2675 1331 2697 non
1345 2664 1376 2696 se
1386 2663 1572 2697 consentire
1586 2664 1643 2706 ipsi
1655 2664 1827 2709 dogmati,
1855 2679 1974 2702 vocum
1996 2680 2053 2702 no·

1170 2714 1268 2748 vitate
1308 2713 1557 2762 infipientiaque
1584 2715 1778 2759 praesumpto
1804 2741 1814 2758 ,
1850 2717 2054 2753 discifforum

1168 2763 1389 2797 membrorum
1401 2763 1506 2798 rursus
1520 2765 1669 2808 sequetur
1680 2766 1787 2801 unitio
1798 2791 1809 2807 ,
1836 2767 1870 2801 in
1885 2768 1949 2802 hoc
1960 2769 2053 2803 simul

1167 2813 1437 2848 concurrentibus
1461 2814 1634 2850 univerfis.
1662 2815 1697 2851 Si
1720 2818 1809 2851 enim
1830 2818 1942 2851 fecerit
1964 2817 2050 2859 hoc,

1166 2865 1199 2897 δε
1212 2864 1491 2899 Reverendiffimo
1505 2864 1670 2910 Episcopo
1690 2865 1898 2902 Alexandriae
1919 2866 2052 2910 Cyrillo

1165 2913 1383 2955 consenserit,
1409 2916 1461 2948 cui
1484 2915 1584 2958 &qui
1600 2917 1634 2949 in
1646 2917 1831 2951 Occidente
1846 2941 1856 2956 ,
1882 2917 1982 2960 &qui
1995 2916 2050 2951 hic

1168 2965 1266 3004 sunt,
1291 2964 1551 3008 &quiubique‚
1578 2976 1798 3007 concurrunt,
1824 2978 1862 3001 ea
1886 2979 1957 3010 quae
1967 2967 2051 3002 olim

1167 3013 1290 3048 Divina
1300 3015 1473 3051 clementia
1486 3013 1690 3049 cohaerebant
1702 3040 1713 3055 ,
1739 3028 1828 3051 nunc
1839 3028 1971 3060 quoque
1981 3017 2052 3061 jun-

1166 3075 1282 3109 gentur
1307 3090 1313 3099 .
1346 3064 1535 3098 Molestiam
1560 3076 1700 3109 namque
1722 3063 1809 3101 hanc
1835 3067 1870 3101 &
1890 3067 2051 3111 perturba-

1167 3115 1292 3149 tionem
1304 3114 1461 3158 superflua
1490 3115 1681 3156 &inutilis,
1710 3117 1814 3161 magis
1835 3118 1912 3152 vcro
1936 3119 1969 3153 δε
1991 3130 2050 3153 no-

1166 3165 1218 3198 xia
1230 3167 1398 3209 generavit
1415 3165 1470 3199 illa
1481 3165 1626 3199 doctrina
1641 3189 1652 3205 ,
1677 3177 1746 3210 quae
1767 3165 1899 3211 depulsa
1918 3167 1960 3202 ab
1979 3169 2050 3203 ani-

1167 3214 1279 3249 mabus
1307 3216 1422 3251 nostris
1445 3238 1455 3254 ,
1482 3214 1646 3260 longeque
1670 3217 1782 3262 fugata
1803 3242 1815 3258 ‚
1841 3218 2047 3253 orationibus

1167 3265 1276 3299 vestris
1297 3266 1491 3308 requiescere
1514 3277 1597 3306 nos,
1623 3265 1703 3300 sicut
1726 3268 1768 3302 de
1791 3266 1955 3311 adjutorio
1981 3269 2047 3304 Dei

1166 3314 1385 3356 confidimus,
1412 3316 1444 3348 δε
1469 3316 1597 3350 reficere
1609 3318 1745 3359 poterit.

1218 3365 1269 3402 Sic
1279 3367 1368 3402 enim
1379 3376 1439 3402 nos
1449 3364 1617 3402 dissolutio
1631 3367 1818 3411 perturbat,
1843 3378 1879 3402 ut
1901 3367 1986 3405 hanc
2012 3367 2048 3403 ὅς

1611 3416 1638 3453 Ρ
1860 3418 1997 3463 primam
