<?xml version="1.0" encoding="UTF-8"?>
<!DOCTYPE html PUBLIC "-//W3C//DTD XHTML 1.0 Transitional//EN"
    "http://www.w3.org/TR/xhtml1/DTD/xhtml1-transitional.dtd">
<html xmlns="http://www.w3.org/1999/xhtml" xml:lang="en" lang="en">
 <head>
  <title>
</title>
<meta http-equiv="Content-Type" content="text/html;charset=utf-8" />
  <meta name='ocr-system' content='tesseract 3.04.00' />
  <meta name='ocr-capabilities' content='ocr_page ocr_carea ocr_par ocr_line ocrx_word'/>
</head>
<body>
  <div class='ocr_page' id='page_1' title='image "./operaomniastudio07lupuuoft/operaomniastudio07lupuuoft_0293.png"; bbox 0 0 2320 3730; ppageno 0'>
   <div class='ocr_carea' id='block_1_1' title="bbox 612 190 1669 249">
    <p class='ocr_par' dir='ltr' id='par_1_1' title="bbox 612 190 1669 249">
     <span class='ocr_line' id='line_1_1' title="bbox 612 190 1669 249; baseline -0.005 -9"><span class='ocrx_word' id='word_1_1' title='bbox 612 195 913 249; x_wconf 63' lang='lat' dir='ltr'>Semnus,</span> <span class='ocrx_word' id='word_1_2' title='bbox 954 208 1016 236; x_wconf 72' lang='lat' dir='ltr'>er</span> <span class='ocrx_word' id='word_1_3' title='bbox 1050 190 1241 237; x_wconf 69' lang='lat' dir='ltr'>Nous</span> <span class='ocrx_word' id='word_1_4' title='bbox 1277 203 1669 238; x_wconf 60' lang='lat' dir='ltr'>urusruzxrffi.</span> 
     </span>
    </p>
   </div>
   <div class='ocr_carea' id='block_1_2' title="bbox 223 272 1118 1773">
    <p class='ocr_par' dir='ltr' id='par_1_2' title="bbox 223 272 1114 1062">
     <span class='ocr_line' id='line_1_2' title="bbox 224 272 1102 322; baseline -0.009 -6"><span class='ocrx_word' id='word_1_5' title='bbox 224 278 340 316; x_wconf 77' lang='lat' dir='ltr'>omnia</span> <span class='ocrx_word' id='word_1_6' title='bbox 350 275 691 322; x_wconf 81' lang='lat' dir='ltr'>Magnificentiffimus</span> <span class='ocrx_word' id='word_1_7' title='bbox 702 278 834 312; x_wconf 83' lang='lat' dir='ltr'>Taurus</span> <span class='ocrx_word' id='word_1_8' title='bbox 846 277 1016 311; x_wconf 67' lang='lat' dir='ltr'>Praeseuus</span> <span class='ocrx_word' id='word_1_9' title='bbox 1039 272 1102 307; x_wconf 89' lang='lat' dir='ltr'>hoc</span> 
     </span>
     <span class='ocr_line' id='line_1_3' title="bbox 226 326 1101 375; baseline -0.009 -11"><span class='ocrx_word' id='word_1_10' title='bbox 226 330 426 375; x_wconf 83' lang='lat' dir='ltr'>cognoscens</span> <span class='ocrx_word' id='word_1_11' title='bbox 438 352 450 368; x_wconf 93' lang='lat'>‚</span> <span class='ocrx_word' id='word_1_12' title='bbox 475 328 508 362; x_wconf 87' lang='lat'>&amp;</span> <span class='ocrx_word' id='word_1_13' title='bbox 525 329 603 362; x_wconf 87' lang='lat' dir='ltr'>ficut</span> <span class='ocrx_word' id='word_1_14' title='bbox 615 328 720 362; x_wconf 68' lang='lat' dir='ltr'>revera</span> <span class='ocrx_word' id='word_1_15' title='bbox 731 329 860 363; x_wconf 86' lang='lat' dir='ltr'>Divino</span> <span class='ocrx_word' id='word_1_16' title='bbox 870 328 982 368; x_wconf 88' lang='lat' dir='ltr'>aliquo</span> <span class='ocrx_word' id='word_1_17' title='bbox 1005 326 1101 367; x_wconf 90' lang='lat' dir='ltr'>impe·</span> 
     </span>
     <span class='ocr_line' id='line_1_4' title="bbox 226 374 1103 423; baseline -0.009 -8"><span class='ocrx_word' id='word_1_18' title='bbox 226 391 265 415; x_wconf 85' lang='lat' dir='ltr'>tu</span> <span class='ocrx_word' id='word_1_19' title='bbox 275 386 384 412; x_wconf 86' lang='lat' dir='ltr'>motus</span> <span class='ocrx_word' id='word_1_20' title='bbox 399 402 410 419; x_wconf 89' lang='lat'>‚</span> <span class='ocrx_word' id='word_1_21' title='bbox 435 378 525 412; x_wconf 87' lang='lat' dir='ltr'>illam</span> <span class='ocrx_word' id='word_1_22' title='bbox 537 378 670 423; x_wconf 84' lang='lat' dir='ltr'>quidem</span> <span class='ocrx_word' id='word_1_23' title='bbox 682 378 840 423; x_wconf 86' lang='lat' dir='ltr'>publicari</span> <span class='ocrx_word' id='word_1_24' title='bbox 853 390 921 411; x_wconf 89' lang='lat' dir='ltr'>non</span> <span class='ocrx_word' id='word_1_25' title='bbox 934 376 1008 410; x_wconf 85' lang='lat' dir='ltr'>sinit</span> <span class='ocrx_word' id='word_1_26' title='bbox 1021 399 1028 409; x_wconf 81' lang='lat'><strong>.</strong></span> <span class='ocrx_word' id='word_1_27' title='bbox 1054 374 1103 409; x_wconf 88' lang='lat' dir='ltr'>ln-</span> 
     </span>
     <span class='ocr_line' id='line_1_5' title="bbox 225 424 1105 472; baseline -0.007 -8"><span class='ocrx_word' id='word_1_28' title='bbox 225 439 313 464; x_wconf 79' lang='lat' dir='ltr'>trans</span> <span class='ocrx_word' id='word_1_29' title='bbox 324 429 403 462; x_wconf 79' lang='lat' dir='ltr'>vero</span> <span class='ocrx_word' id='word_1_30' title='bbox 415 429 455 462; x_wconf 90' lang='lat' dir='ltr'>ad</span> <span class='ocrx_word' id='word_1_31' title='bbox 467 428 655 472; x_wconf 79' lang='lat' dir='ltr'>Principem</span> <span class='ocrx_word' id='word_1_32' title='bbox 666 452 678 468; x_wconf 92' lang='lat'>‚</span> <span class='ocrx_word' id='word_1_33' title='bbox 703 429 825 463; x_wconf 86' lang='lat' dir='ltr'>futuras</span> <span class='ocrx_word' id='word_1_34' title='bbox 835 439 877 461; x_wconf 82' lang='lat' dir='ltr'>ex</span> <span class='ocrx_word' id='word_1_35' title='bbox 899 426 964 460; x_wconf 91' lang='lat' dir='ltr'>hoc</span> <span class='ocrx_word' id='word_1_36' title='bbox 974 424 1105 460; x_wconf 75' lang='lat' dir='ltr'>eversio-</span> 
     </span>
     <span class='ocr_line' id='line_1_6' title="bbox 223 473 1104 521; baseline -0.005 -9"><span class='ocrx_word' id='word_1_37' title='bbox 223 478 523 517; x_wconf 77' lang='lat' dir='ltr'>nesobtestatusest</span> <span class='ocrx_word' id='word_1_38' title='bbox 536 479 687 516; x_wconf 83' lang='lat' dir='ltr'>urbium,</span> <span class='ocrx_word' id='word_1_39' title='bbox 714 476 963 521; x_wconf 74' lang='lat' dir='ltr'>&amp;apertedixit</span> <span class='ocrx_word' id='word_1_40' title='bbox 979 499 990 515; x_wconf 88' lang='lat'>‚</span> <span class='ocrx_word' id='word_1_41' title='bbox 1015 473 1104 517; x_wconf 88' lang='lat' dir='ltr'>quod</span> 
     </span>
     <span class='ocr_line' id='line_1_7' title="bbox 224 527 1107 572; baseline -0.005 -10"><span class='ocrx_word' id='word_1_42' title='bbox 224 528 330 572; x_wconf 81' lang='lat' dir='ltr'>qualis</span> <span class='ocrx_word' id='word_1_43' title='bbox 340 529 385 565; x_wconf 88' lang='lat' dir='ltr'>est</span> <span class='ocrx_word' id='word_1_44' title='bbox 397 528 543 563; x_wconf 89' lang='lat' dir='ltr'>Thracia</span> <span class='ocrx_word' id='word_1_45' title='bbox 555 553 567 569; x_wconf 91' lang='lat'><strong>,</strong></span> <span class='ocrx_word' id='word_1_46' title='bbox 592 529 669 563; x_wconf 87' lang='lat' dir='ltr'>talis</span> <span class='ocrx_word' id='word_1_47' title='bbox 678 528 713 561; x_wconf 90' lang='lat'>&amp;</span> <span class='ocrx_word' id='word_1_48' title='bbox 725 527 847 564; x_wconf 87' lang='lat' dir='ltr'>Cilicia</span> <span class='ocrx_word' id='word_1_49' title='bbox 860 527 921 561; x_wconf 87' lang='lat' dir='ltr'>erit</span> <span class='ocrx_word' id='word_1_50' title='bbox 935 549 947 565; x_wconf 91' lang='lat'>,</span> <span class='ocrx_word' id='word_1_51' title='bbox 974 535 1044 568; x_wconf 82' lang='lat' dir='ltr'>quae</span> <span class='ocrx_word' id='word_1_52' title='bbox 1057 535 1107 566; x_wconf 86' lang='lat' dir='ltr'>pc—</span> 
     </span>
     <span class='ocr_line' id='line_1_8' title="bbox 224 574 1109 618; baseline -0.006 -5"><span class='ocrx_word' id='word_1_53' title='bbox 224 577 269 613; x_wconf 76' lang='grc' dir='ltr'>ιιὲ</span> <span class='ocrx_word' id='word_1_54' title='bbox 279 579 345 614; x_wconf 87' lang='lat' dir='ltr'>sola</span> <span class='ocrx_word' id='word_1_55' title='bbox 358 580 510 614; x_wconf 82' lang='lat' dir='ltr'>remansit</span> <span class='ocrx_word' id='word_1_56' title='bbox 519 580 561 614; x_wconf 90' lang='lat' dir='ltr'>ad</span> <span class='ocrx_word' id='word_1_57' title='bbox 574 579 720 612; x_wconf 87' lang='lat' dir='ltr'>Tributa</span> <span class='ocrx_word' id='word_1_58' title='bbox 731 577 885 613; x_wconf 81' lang='lat' dir='ltr'>solvenda</span> <span class='ocrx_word' id='word_1_59' title='bbox 898 602 909 618; x_wconf 92' lang='lat'>,</span> <span class='ocrx_word' id='word_1_60' title='bbox 935 575 959 610; x_wconf 82' lang='lat' dir='ltr'><strong>fi</strong></span> <span class='ocrx_word' id='word_1_61' title='bbox 972 574 1037 609; x_wconf 90' lang='lat' dir='ltr'>hoc</span> <span class='ocrx_word' id='word_1_62' title='bbox 1049 574 1109 608; x_wconf 86' lang='lat' dir='ltr'>im-</span> 
     </span>
     <span class='ocr_line' id='line_1_9' title="bbox 223 623 1111 673; baseline -0.006 -11"><span class='ocrx_word' id='word_1_63' title='bbox 223 629 304 673; x_wconf 83' lang='lat' dir='ltr'>pleri</span> <span class='ocrx_word' id='word_1_64' title='bbox 317 629 495 673; x_wconf 84' lang='lat' dir='ltr'>permiserit</span> <span class='ocrx_word' id='word_1_65' title='bbox 506 653 514 661; x_wconf 84' lang='lat'><strong>.</strong></span> <span class='ocrx_word' id='word_1_66' title='bbox 542 630 587 664; x_wconf 80' lang='lat' dir='ltr'>Et</span> <span class='ocrx_word' id='word_1_67' title='bbox 596 628 640 663; x_wconf 84' lang='lat' dir='ltr'>fic</span> <span class='ocrx_word' id='word_1_68' title='bbox 651 639 761 663; x_wconf 86' lang='lat' dir='ltr'>vacare</span> <span class='ocrx_word' id='word_1_69' title='bbox 772 628 901 662; x_wconf 82' lang='lat' dir='ltr'>Sacram</span> <span class='ocrx_word' id='word_1_70' title='bbox 922 623 1030 660; x_wconf 90' lang='lat' dir='ltr'>modis</span> <span class='ocrx_word' id='word_1_71' title='bbox 1041 634 1111 659; x_wconf 89' lang='lat' dir='ltr'>om-</span> 
     </span>
     <span class='ocr_line' id='line_1_10' title="bbox 224 675 1110 722; baseline -0.006 -10"><span class='ocrx_word' id='word_1_72' title='bbox 224 678 325 713; x_wconf 85' lang='lat' dir='ltr'>nibus</span> <span class='ocrx_word' id='word_1_73' title='bbox 345 679 438 714; x_wconf 86' lang='lat' dir='ltr'>fecit.</span> <span class='ocrx_word' id='word_1_74' title='bbox 466 679 561 714; x_wconf 89' lang='lat' dir='ltr'>Hinc</span> <span class='ocrx_word' id='word_1_75' title='bbox 585 679 651 722; x_wconf 83' lang='lat' dir='ltr'>jam</span> <span class='ocrx_word' id='word_1_76' title='bbox 662 677 896 718; x_wconf 81' lang='lat' dir='ltr'>Domitianus,</span> <span class='ocrx_word' id='word_1_77' title='bbox 921 675 1009 721; x_wconf 83' lang='lat' dir='ltr'>quafi</span> <span class='ocrx_word' id='word_1_78' title='bbox 1030 685 1110 708; x_wconf 84' lang='lat' dir='ltr'>mer-</span> 
     </span>
     <span class='ocr_line' id='line_1_11' title="bbox 224 723 1111 773; baseline -0.007 -9"><span class='ocrx_word' id='word_1_79' title='bbox 224 729 321 764; x_wconf 85' lang='lat' dir='ltr'>cedes</span> <span class='ocrx_word' id='word_1_80' title='bbox 341 730 462 773; x_wconf 81' lang='lat' dir='ltr'>recepti</span> <span class='ocrx_word' id='word_1_81' title='bbox 489 730 657 764; x_wconf 84' lang='lat' dir='ltr'>restituens</span> <span class='ocrx_word' id='word_1_82' title='bbox 676 753 688 770; x_wconf 86' lang='lat'><em>,</em></span> <span class='ocrx_word' id='word_1_83' title='bbox 717 727 860 772; x_wconf 79' lang='lat' dir='ltr'>primum</span> <span class='ocrx_word' id='word_1_84' title='bbox 884 750 896 767; x_wconf 86' lang='lat'><strong>,</strong></span> <span class='ocrx_word' id='word_1_85' title='bbox 923 725 1000 769; x_wconf 87' lang='lat' dir='ltr'>quia</span> <span class='ocrx_word' id='word_1_86' title='bbox 1021 723 1111 760; x_wconf 87' lang='lat' dir='ltr'>aliud</span> 
     </span>
     <span class='ocr_line' id='line_1_12' title="bbox 225 774 1114 825; baseline -0.003 -12"><span class='ocrx_word' id='word_1_87' title='bbox 225 779 318 822; x_wconf 85' lang='lat' dir='ltr'>quod</span> <span class='ocrx_word' id='word_1_88' title='bbox 337 790 446 825; x_wconf 85' lang='lat' dir='ltr'>ageret</span> <span class='ocrx_word' id='word_1_89' title='bbox 466 790 534 814; x_wconf 86' lang='lat' dir='ltr'>non</span> <span class='ocrx_word' id='word_1_90' title='bbox 552 778 699 813; x_wconf 78' lang='lat' dir='ltr'>invenit.</span> <span class='ocrx_word' id='word_1_91' title='bbox 726 780 899 815; x_wconf 87' lang='lat' dir='ltr'>Decanum</span> <span class='ocrx_word' id='word_1_92' title='bbox 922 775 1043 820; x_wconf 87' lang='lat' dir='ltr'>Joanni</span> <span class='ocrx_word' id='word_1_93' title='bbox 1066 774 1114 810; x_wconf 87' lang='lat' dir='ltr'>di·</span> 
     </span>
     <span class='ocr_line' id='line_1_13' title="bbox 225 828 1110 873; baseline 0 -11"><span class='ocrx_word' id='word_1_94' title='bbox 225 828 334 870; x_wconf 81' lang='lat' dir='ltr'>rexit,</span> <span class='ocrx_word' id='word_1_95' title='bbox 358 830 507 872; x_wconf 74' lang='lat' dir='ltr'>jaffitans</span> <span class='ocrx_word' id='word_1_96' title='bbox 516 828 650 873; x_wconf 83' lang='lat' dir='ltr'>quidem</span> <span class='ocrx_word' id='word_1_97' title='bbox 670 829 760 873; x_wconf 93' lang='lat' dir='ltr'>quod</span> <span class='ocrx_word' id='word_1_98' title='bbox 781 828 949 863; x_wconf 88' lang='lat' dir='ltr'>retinuerit</span> <span class='ocrx_word' id='word_1_99' title='bbox 959 828 1110 862; x_wconf 75' lang='lat' dir='ltr'>Sacram,</span> 
     </span>
     <span class='ocr_line' id='line_1_14' title="bbox 226 872 1112 923; baseline -0.007 -10"><span class='ocrx_word' id='word_1_100' title='bbox 226 879 426 923; x_wconf 83' lang='lat' dir='ltr'>interimque</span> <span class='ocrx_word' id='word_1_101' title='bbox 439 880 462 913; x_wconf 88' lang='lat' dir='ltr'>fi</span> <span class='ocrx_word' id='word_1_102' title='bbox 475 890 543 914; x_wconf 88' lang='lat' dir='ltr'>non</span> <span class='ocrx_word' id='word_1_103' title='bbox 557 879 727 923; x_wconf 86' lang='lat' dir='ltr'>parueritis</span> <span class='ocrx_word' id='word_1_104' title='bbox 737 903 749 919; x_wconf 90' lang='lat'>,</span> <span class='ocrx_word' id='word_1_105' title='bbox 775 889 813 913; x_wconf 87' lang='lat' dir='ltr'>ut</span> <span class='ocrx_word' id='word_1_106' title='bbox 825 878 870 912; x_wconf 87' lang='lat' dir='ltr'>ait</span> <span class='ocrx_word' id='word_1_107' title='bbox 881 902 893 918; x_wconf 92' lang='lat'><strong>,</strong></span> <span class='ocrx_word' id='word_1_108' title='bbox 921 875 972 910; x_wconf 87' lang='lat' dir='ltr'>his</span> <span class='ocrx_word' id='word_1_109' title='bbox 991 884 1060 918; x_wconf 80' lang='lat' dir='ltr'>quae</span> <span class='ocrx_word' id='word_1_110' title='bbox 1071 872 1112 907; x_wconf 92' lang='lat' dir='ltr'>ab</span> 
     </span>
     <span class='ocr_line' id='line_1_15' title="bbox 226 923 1112 975; baseline -0.008 -12"><span class='ocrx_word' id='word_1_111' title='bbox 226 928 392 971; x_wconf 81' lang='lat' dir='ltr'>eoscripta</span> <span class='ocrx_word' id='word_1_112' title='bbox 403 929 476 963; x_wconf 88' lang='lat' dir='ltr'>sunt</span> <span class='ocrx_word' id='word_1_113' title='bbox 489 953 500 970; x_wconf 93' lang='lat'>,</span> <span class='ocrx_word' id='word_1_114' title='bbox 527 927 751 974; x_wconf 85' lang='lat' dir='ltr'>dirigendam.</span> <span class='ocrx_word' id='word_1_115' title='bbox 779 927 960 975; x_wconf 79' lang='lat' dir='ltr'>Qietiatn</span> <span class='ocrx_word' id='word_1_116' title='bbox 980 923 1112 963; x_wconf 87' lang='lat' dir='ltr'>suadet,</span> 
     </span>
     <span class='ocr_line' id='line_1_16' title="bbox 227 974 1107 1023; baseline -0.006 -11"><span class='ocrx_word' id='word_1_117' title='bbox 227 988 266 1013; x_wconf 88' lang='lat' dir='ltr'>ut</span> <span class='ocrx_word' id='word_1_118' title='bbox 285 978 405 1023; x_wconf 84' lang='lat' dir='ltr'>absque</span> <span class='ocrx_word' id='word_1_119' title='bbox 432 979 500 1014; x_wconf 83' lang='lat' dir='ltr'>ulla</span> <span class='ocrx_word' id='word_1_120' title='bbox 520 979 684 1016; x_wconf 84' lang='lat' dir='ltr'>dilatione</span> <span class='ocrx_word' id='word_1_121' title='bbox 715 978 851 1023; x_wconf 70' lang='lat' dir='ltr'>Ioannis</span> <span class='ocrx_word' id='word_1_122' title='bbox 874 974 1107 1020; x_wconf 75' lang='lat' dir='ltr'>amplcstamur</span> 
     </span>
     <span class='ocr_line' id='line_1_17' title="bbox 226 1030 510 1062; baseline -0.004 0"><span class='ocrx_word' id='word_1_123' title='bbox 226 1030 510 1062; x_wconf 85' lang='lat' dir='ltr'>communionem.</span> 
     </span>
    </p>

    <p class='ocr_par' dir='ltr' id='par_1_3' title="bbox 225 1075 1118 1773">
     <span class='ocr_line' id='line_1_18' title="bbox 279 1075 1110 1122; baseline 0.001 -13"><span class='ocrx_word' id='word_1_124' title='bbox 279 1076 390 1122; x_wconf 76' lang='lat' dir='ltr'>Quem</span> <span class='ocrx_word' id='word_1_125' title='bbox 412 1076 488 1120; x_wconf 88' lang='lat' dir='ltr'>quia</span> <span class='ocrx_word' id='word_1_126' title='bbox 514 1075 550 1109; x_wconf 76' lang='grc' dir='ltr'>δε</span> <span class='ocrx_word' id='word_1_127' title='bbox 573 1076 750 1112; x_wconf 83' lang='lat' dir='ltr'>venturum</span> <span class='ocrx_word' id='word_1_128' title='bbox 772 1076 948 1113; x_wconf 84' lang='lat' dir='ltr'>didicimus</span> <span class='ocrx_word' id='word_1_129' title='bbox 968 1076 1009 1111; x_wconf 88' lang='lat' dir='ltr'>ad</span> <span class='ocrx_word' id='word_1_130' title='bbox 1020 1087 1110 1112; x_wconf 87' lang='lat' dir='ltr'>tuam</span> 
     </span>
     <span class='ocr_line' id='line_1_19' title="bbox 225 1125 1112 1169; baseline -0.001 -8"><span class='ocrx_word' id='word_1_131' title='bbox 225 1126 440 1161; x_wconf 69' lang='lat' dir='ltr'>sanctitatem</span> <span class='ocrx_word' id='word_1_132' title='bbox 462 1150 475 1169; x_wconf 86' lang='lat'>,</span> <span class='ocrx_word' id='word_1_133' title='bbox 501 1125 570 1162; x_wconf 69' lang='lat' dir='ltr'>haec</span> <span class='ocrx_word' id='word_1_134' title='bbox 591 1127 623 1161; x_wconf 85' lang='lat' dir='ltr'>ei</span> <span class='ocrx_word' id='word_1_135' title='bbox 643 1127 846 1163; x_wconf 84' lang='lat' dir='ltr'>innotescere</span> <span class='ocrx_word' id='word_1_136' title='bbox 865 1127 1112 1167; x_wconf 87' lang='lat' dir='ltr'>festinavimus,</span> 
     </span>
     <span class='ocr_line' id='line_1_20' title="bbox 225 1175 1112 1222; baseline 0.002 -14"><span class='ocrx_word' id='word_1_137' title='bbox 225 1185 264 1209; x_wconf 89' lang='lat' dir='ltr'>ut</span> <span class='ocrx_word' id='word_1_138' title='bbox 276 1176 407 1209; x_wconf 88' lang='lat' dir='ltr'>noveris</span> <span class='ocrx_word' id='word_1_139' title='bbox 426 1175 599 1219; x_wconf 76' lang='lat' dir='ltr'>quomodo</span> <span class='ocrx_word' id='word_1_140' title='bbox 610 1188 687 1211; x_wconf 90' lang='lat' dir='ltr'>cum</span> <span class='ocrx_word' id='word_1_141' title='bbox 699 1177 744 1211; x_wconf 89' lang='lat' dir='ltr'>eis</span> <span class='ocrx_word' id='word_1_142' title='bbox 756 1187 832 1222; x_wconf 85' lang='lat' dir='ltr'>agas</span> <span class='ocrx_word' id='word_1_143' title='bbox 843 1202 854 1218; x_wconf 93' lang='lat'><em>‚</em></span> <span class='ocrx_word' id='word_1_144' title='bbox 881 1178 958 1212; x_wconf 93' lang='lat' dir='ltr'>Deo</span> <span class='ocrx_word' id='word_1_145' title='bbox 973 1177 1112 1212; x_wconf 83' lang='lat' dir='ltr'>Amicis-</span> 
     </span>
     <span class='ocr_line' id='line_1_21' title="bbox 226 1225 1113 1270; baseline 0 -11"><span class='ocrx_word' id='word_1_146' title='bbox 226 1226 308 1260; x_wconf 76' lang='lat' dir='ltr'>sime</span> <span class='ocrx_word' id='word_1_147' title='bbox 317 1225 466 1262; x_wconf 85' lang='lat' dir='ltr'>Domine</span> <span class='ocrx_word' id='word_1_148' title='bbox 477 1227 523 1260; x_wconf 89' lang='lat' dir='ltr'>mi</span> <span class='ocrx_word' id='word_1_149' title='bbox 536 1251 543 1259; x_wconf 90' lang='lat'><strong>.</strong></span> <span class='ocrx_word' id='word_1_150' title='bbox 569 1226 762 1262; x_wconf 87' lang='lat' dir='ltr'>Direximus</span> <span class='ocrx_word' id='word_1_151' title='bbox 771 1227 852 1261; x_wconf 76' lang='lat' dir='ltr'>vero</span> <span class='ocrx_word' id='word_1_152' title='bbox 862 1228 895 1264; x_wconf 87' lang='lat'>&amp;</span> <span class='ocrx_word' id='word_1_153' title='bbox 907 1228 1113 1270; x_wconf 74' lang='lat' dir='ltr'>Rescriptum</span> 
     </span>
     <span class='ocr_line' id='line_1_22' title="bbox 226 1275 1114 1320; baseline 0.002 -12"><span class='ocrx_word' id='word_1_154' title='bbox 226 1286 363 1316; x_wconf 83' lang='lat' dir='ltr'>eorum,</span> <span class='ocrx_word' id='word_1_155' title='bbox 390 1275 485 1320; x_wconf 70' lang='lat' dir='ltr'>quaea</span> <span class='ocrx_word' id='word_1_156' title='bbox 497 1275 699 1313; x_wconf 86' lang='lat' dir='ltr'>Domitiano</span> <span class='ocrx_word' id='word_1_157' title='bbox 710 1276 752 1311; x_wconf 88' lang='lat' dir='ltr'>ad</span> <span class='ocrx_word' id='word_1_158' title='bbox 769 1276 846 1312; x_wconf 89' lang='lat' dir='ltr'>Deo</span> <span class='ocrx_word' id='word_1_159' title='bbox 869 1276 1114 1313; x_wconf 83' lang='lat' dir='ltr'>Amiciffimum</span> 
     </span>
     <span class='ocr_line' id='line_1_23' title="bbox 226 1324 1113 1370; baseline 0.002 -12"><span class='ocrx_word' id='word_1_160' title='bbox 226 1324 431 1369; x_wconf 85' lang='lat' dir='ltr'>Episcopum</span> <span class='ocrx_word' id='word_1_161' title='bbox 455 1326 650 1362; x_wconf 87' lang='lat' dir='ltr'>Helladium</span> <span class='ocrx_word' id='word_1_162' title='bbox 671 1327 786 1370; x_wconf 87' lang='lat' dir='ltr'>scripta</span> <span class='ocrx_word' id='word_1_163' title='bbox 809 1328 885 1362; x_wconf 90' lang='lat' dir='ltr'>sunt</span> <span class='ocrx_word' id='word_1_164' title='bbox 906 1352 917 1368; x_wconf 92' lang='lat'>,</span> <span class='ocrx_word' id='word_1_165' title='bbox 943 1328 978 1362; x_wconf 92' lang='lat'>&amp;</span> <span class='ocrx_word' id='word_1_166' title='bbox 999 1337 1113 1362; x_wconf 88' lang='lat' dir='ltr'>eorum</span> 
     </span>
     <span class='ocr_line' id='line_1_24' title="bbox 227 1374 1116 1422; baseline 0.002 -14"><span class='ocrx_word' id='word_1_167' title='bbox 227 1386 300 1419; x_wconf 83' lang='lat' dir='ltr'>quae</span> <span class='ocrx_word' id='word_1_168' title='bbox 309 1374 350 1409; x_wconf 89' lang='lat' dir='ltr'>ab</span> <span class='ocrx_word' id='word_1_169' title='bbox 360 1374 477 1410; x_wconf 87' lang='lat' dir='ltr'>eodem</span> <span class='ocrx_word' id='word_1_170' title='bbox 488 1377 565 1411; x_wconf 90' lang='lat' dir='ltr'>Deo</span> <span class='ocrx_word' id='word_1_171' title='bbox 589 1376 799 1413; x_wconf 87' lang='lat' dir='ltr'>Amiciffimo</span> <span class='ocrx_word' id='word_1_172' title='bbox 821 1377 983 1422; x_wconf 85' lang='lat' dir='ltr'>Episcopo</span> <span class='ocrx_word' id='word_1_173' title='bbox 1004 1377 1116 1412; x_wconf 89' lang='lat' dir='ltr'>Hella-</span> 
     </span>
     <span class='ocr_line' id='line_1_25' title="bbox 228 1424 1116 1473; baseline 0.001 -14"><span class='ocrx_word' id='word_1_174' title='bbox 228 1424 287 1459; x_wconf 88' lang='lat' dir='ltr'>dio</span> <span class='ocrx_word' id='word_1_175' title='bbox 298 1425 413 1468; x_wconf 88' lang='lat' dir='ltr'>scripta</span> <span class='ocrx_word' id='word_1_176' title='bbox 426 1426 499 1461; x_wconf 87' lang='lat' dir='ltr'>sunt</span> <span class='ocrx_word' id='word_1_177' title='bbox 514 1426 630 1463; x_wconf 89' lang='lat' dir='ltr'>nobis.</span> <span class='ocrx_word' id='word_1_178' title='bbox 658 1426 838 1473; x_wconf 82' lang='lat' dir='ltr'>Exquibus</span> <span class='ocrx_word' id='word_1_179' title='bbox 861 1429 991 1473; x_wconf 87' lang='lat' dir='ltr'>magis,</span> <span class='ocrx_word' id='word_1_180' title='bbox 1017 1426 1116 1469; x_wconf 68' lang='lat' dir='ltr'>quasa</span> 
     </span>
     <span class='ocr_line' id='line_1_26' title="bbox 228 1473 1117 1523; baseline 0.001 -14"><span class='ocrx_word' id='word_1_181' title='bbox 228 1473 329 1509; x_wconf 81' lang='lat' dir='ltr'>nobis</span> <span class='ocrx_word' id='word_1_182' title='bbox 340 1474 424 1511; x_wconf 69' lang='lat' dir='ltr'>dieta</span> <span class='ocrx_word' id='word_1_183' title='bbox 438 1477 513 1511; x_wconf 88' lang='lat' dir='ltr'>sunt</span> <span class='ocrx_word' id='word_1_184' title='bbox 525 1501 536 1517; x_wconf 93' lang='lat'>,</span> <span class='ocrx_word' id='word_1_185' title='bbox 551 1476 735 1521; x_wconf 86' lang='lat' dir='ltr'>intelligere</span> <span class='ocrx_word' id='word_1_186' title='bbox 746 1477 870 1523; x_wconf 87' lang='lat' dir='ltr'>poteris</span> <span class='ocrx_word' id='word_1_187' title='bbox 881 1491 893 1513; x_wconf 87' lang='lat'>.·</span> <span class='ocrx_word' id='word_1_188' title='bbox 916 1478 951 1513; x_wconf 71' lang='grc' dir='ltr'>ὃς</span> <span class='ocrx_word' id='word_1_189' title='bbox 968 1477 1058 1521; x_wconf 90' lang='lat' dir='ltr'>quod</span> <span class='ocrx_word' id='word_1_190' title='bbox 1068 1476 1117 1510; x_wconf 88' lang='lat' dir='ltr'>vir</span> 
     </span>
     <span class='ocr_line' id='line_1_27' title="bbox 228 1524 1118 1571; baseline 0.001 -12"><span class='ocrx_word' id='word_1_191' title='bbox 228 1525 299 1568; x_wconf 84' lang='lat' dir='ltr'>ipse</span> <span class='ocrx_word' id='word_1_192' title='bbox 316 1524 545 1569; x_wconf 87' lang='lat' dir='ltr'>despiciendus</span> <span class='ocrx_word' id='word_1_193' title='bbox 572 1526 714 1563; x_wconf 75' lang='lat' dir='ltr'>omnino</span> <span class='ocrx_word' id='word_1_194' title='bbox 725 1528 786 1566; x_wconf 87' lang='lat' dir='ltr'>sit,</span> <span class='ocrx_word' id='word_1_195' title='bbox 814 1527 870 1562; x_wconf 89' lang='lat' dir='ltr'>illa</span> <span class='ocrx_word' id='word_1_196' title='bbox 893 1528 934 1563; x_wconf 86' lang='lat' dir='ltr'>ad</span> <span class='ocrx_word' id='word_1_197' title='bbox 954 1528 1118 1571; x_wconf 88' lang='lat' dir='ltr'>decipien-</span> 
     </span>
     <span class='ocr_line' id='line_1_28' title="bbox 228 1575 1116 1620; baseline 0 -10"><span class='ocrx_word' id='word_1_198' title='bbox 228 1575 311 1610; x_wconf 84' lang='lat' dir='ltr'>dum</span> <span class='ocrx_word' id='word_1_199' title='bbox 329 1575 506 1616; x_wconf 85' lang='lat' dir='ltr'>excolens,</span> <span class='ocrx_word' id='word_1_200' title='bbox 531 1587 603 1619; x_wconf 73' lang='lat' dir='ltr'>quae</span> <span class='ocrx_word' id='word_1_201' title='bbox 623 1576 708 1610; x_wconf 87' lang='lat' dir='ltr'>olim</span> <span class='ocrx_word' id='word_1_202' title='bbox 721 1575 851 1610; x_wconf 88' lang='lat' dir='ltr'>Divino</span> <span class='ocrx_word' id='word_1_203' title='bbox 874 1585 958 1611; x_wconf 84' lang='lat' dir='ltr'>nutu</span> <span class='ocrx_word' id='word_1_204' title='bbox 992 1577 1116 1620; x_wconf 81' lang='lat' dir='ltr'>repulsa</span> 
     </span>
     <span class='ocr_line' id='line_1_29' title="bbox 228 1623 1117 1670; baseline 0.001 -11"><span class='ocrx_word' id='word_1_205' title='bbox 228 1625 326 1659; x_wconf 88' lang='lat' dir='ltr'>sunt.</span> <span class='ocrx_word' id='word_1_206' title='bbox 353 1623 439 1670; x_wconf 79' lang='lat' dir='ltr'>Qae</span> <span class='ocrx_word' id='word_1_207' title='bbox 459 1625 579 1665; x_wconf 87' lang='lat' dir='ltr'>etiam,</span> <span class='ocrx_word' id='word_1_208' title='bbox 608 1625 631 1658; x_wconf 86' lang='lat' dir='ltr'>si</span> <span class='ocrx_word' id='word_1_209' title='bbox 649 1624 901 1668; x_wconf 72' lang='lat' dir='ltr'>praevaluissent,</span> <span class='ocrx_word' id='word_1_210' title='bbox 930 1626 1117 1661; x_wconf 86' lang='lat' dir='ltr'>nullatenus</span> 
     </span>
     <span class='ocr_line' id='line_1_30' title="bbox 230 1673 1114 1721; baseline 0.006 -13"><span class='ocrx_word' id='word_1_211' title='bbox 230 1673 329 1708; x_wconf 82' lang='lat' dir='ltr'>nobis</span> <span class='ocrx_word' id='word_1_212' title='bbox 338 1674 588 1719; x_wconf 83' lang='lat' dir='ltr'>perhonoranda</span> <span class='ocrx_word' id='word_1_213' title='bbox 609 1676 708 1711; x_wconf 80' lang='lat' dir='ltr'>essent</span> <span class='ocrx_word' id='word_1_214' title='bbox 719 1675 929 1720; x_wconf 82' lang='lat' dir='ltr'>Imperatoris</span> <span class='ocrx_word' id='word_1_215' title='bbox 953 1677 1114 1721; x_wconf 83' lang='lat' dir='ltr'>Praecepta</span> 
     </span>
     <span class='ocr_line' id='line_1_31' title="bbox 230 1724 1010 1773; baseline 0.001 -12"><span class='ocrx_word' id='word_1_216' title='bbox 230 1724 352 1761; x_wconf 78' lang='lat' dir='ltr'>terreni</span> <span class='ocrx_word' id='word_1_217' title='bbox 365 1735 479 1762; x_wconf 87' lang='lat' dir='ltr'>contra</span> <span class='ocrx_word' id='word_1_218' title='bbox 491 1725 628 1762; x_wconf 86' lang='lat' dir='ltr'>coelestis</span> <span class='ocrx_word' id='word_1_219' title='bbox 654 1726 688 1763; x_wconf 84' lang='lat'>&amp;</span> <span class='ocrx_word' id='word_1_220' title='bbox 700 1726 887 1772; x_wconf 86' lang='lat' dir='ltr'>sempiterni</span> <span class='ocrx_word' id='word_1_221' title='bbox 900 1726 1010 1773; x_wconf 86' lang='lat' dir='ltr'>Regis.</span> 
     </span>
    </p>
   </div>
   <div class='ocr_carea' id='block_1_3' title="bbox 415 1879 920 1927">
    <p class='ocr_par' dir='ltr' id='par_1_4' title="bbox 415 1879 920 1927">
     <span class='ocr_line' id='line_1_32' title="bbox 415 1879 920 1927; baseline 0.008 -4"><span class='ocrx_word' id='word_1_222' title='bbox 415 1879 920 1927; x_wconf 75' lang='lat' dir='ltr'>Scn0L10N.</span> 
     </span>
    </p>
   </div>
   <div class='ocr_carea' id='block_1_4' title="bbox 229 2023 1120 3110">
    <p class='ocr_par' dir='ltr' id='par_1_5' title="bbox 229 2023 1120 3110">
     <span class='ocr_line' id='line_1_33' title="bbox 316 2023 1115 2069; baseline 0.005 -11"><span class='ocrx_word' id='word_1_223' title='bbox 316 2023 502 2069; x_wconf 86' lang='lat' dir='ltr'>Xponenda</span> <span class='ocrx_word' id='word_1_224' title='bbox 516 2026 590 2060; x_wconf 90' lang='lat' dir='ltr'>sunt</span> <span class='ocrx_word' id='word_1_225' title='bbox 603 2027 758 2062; x_wconf 88' lang='lat' dir='ltr'>nomina.</span> <span class='ocrx_word' id='word_1_226' title='bbox 786 2027 945 2063; x_wconf 90' lang='lat' dir='ltr'>Meletius</span> <span class='ocrx_word' id='word_1_227' title='bbox 961 2037 1028 2063; x_wconf 87' lang='lat' dir='ltr'>erat</span> <span class='ocrx_word' id='word_1_228' title='bbox 1040 2027 1115 2062; x_wconf 87' lang='lat' dir='ltr'>Mo·</span> 
     </span>
     <span class='ocr_line' id='line_1_34' title="bbox 341 2075 1114 2120; baseline 0.003 -12"><span class='ocrx_word' id='word_1_229' title='bbox 341 2075 542 2118; x_wconf 82' lang='lat' dir='ltr'>psuestiensis</span> <span class='ocrx_word' id='word_1_230' title='bbox 563 2077 600 2109; x_wconf 90' lang='lat' dir='ltr'>in</span> <span class='ocrx_word' id='word_1_231' title='bbox 620 2076 759 2110; x_wconf 90' lang='lat' dir='ltr'>secunda</span> <span class='ocrx_word' id='word_1_232' title='bbox 772 2077 892 2111; x_wconf 89' lang='lat' dir='ltr'>Cilicia</span> <span class='ocrx_word' id='word_1_233' title='bbox 912 2078 1114 2120; x_wconf 89' lang='lat' dir='ltr'>Episcopus,</span> 
     </span>
     <span class='ocr_line' id='line_1_35' title="bbox 232 2123 1115 2170; baseline 0.003 -11"><span class='ocrx_word' id='word_1_234' title='bbox 232 2124 375 2167; x_wconf 84' lang='lat' dir='ltr'>ideoque</span> <span class='ocrx_word' id='word_1_235' title='bbox 388 2123 455 2159; x_wconf 68' lang='lat' dir='ltr'>haec</span> <span class='ocrx_word' id='word_1_236' title='bbox 467 2125 604 2168; x_wconf 87' lang='lat' dir='ltr'>epistola</span> <span class='ocrx_word' id='word_1_237' title='bbox 614 2126 660 2160; x_wconf 88' lang='lat' dir='ltr'>est</span> <span class='ocrx_word' id='word_1_238' title='bbox 672 2126 715 2161; x_wconf 85' lang='lat' dir='ltr'>ad</span> <span class='ocrx_word' id='word_1_239' title='bbox 726 2126 955 2161; x_wconf 82' lang='lat' dir='ltr'>Maximinum</span> <span class='ocrx_word' id='word_1_240' title='bbox 965 2126 1031 2170; x_wconf 80' lang='lat' dir='ltr'>ejus</span> <span class='ocrx_word' id='word_1_241' title='bbox 1043 2127 1115 2162; x_wconf 83' lang='lat' dir='ltr'>Me·</span> 
     </span>
     <span class='ocr_line' id='line_1_36' title="bbox 233 2173 1115 2219; baseline 0.001 -10"><span class='ocrx_word' id='word_1_242' title='bbox 233 2173 445 2217; x_wconf 82' lang='lat' dir='ltr'>tropolitam.</span> <span class='ocrx_word' id='word_1_243' title='bbox 471 2173 585 2209; x_wconf 84' lang='lat' dir='ltr'>Ambo</span> <span class='ocrx_word' id='word_1_244' title='bbox 606 2177 850 2219; x_wconf 79' lang='lat' dir='ltr'>pertinaciffimi</span> <span class='ocrx_word' id='word_1_245' title='bbox 871 2178 1031 2210; x_wconf 78' lang='lat' dir='ltr'>Fautores</span> <span class='ocrx_word' id='word_1_246' title='bbox 1050 2176 1115 2210; x_wconf 89' lang='lat' dir='ltr'>Ne-</span> 
     </span>
     <span class='ocr_line' id='line_1_37' title="bbox 230 2223 1116 2266; baseline 0 -9"><span class='ocrx_word' id='word_1_247' title='bbox 230 2223 345 2262; x_wconf 84' lang='lat' dir='ltr'>storii,</span> <span class='ocrx_word' id='word_1_248' title='bbox 369 2235 407 2257; x_wconf 90' lang='lat' dir='ltr'>ac</span> <span class='ocrx_word' id='word_1_249' title='bbox 417 2223 628 2258; x_wconf 79' lang='lat' dir='ltr'>hostesinitae</span> <span class='ocrx_word' id='word_1_250' title='bbox 640 2225 746 2266; x_wconf 84' lang='lat' dir='ltr'>pacis.</span> <span class='ocrx_word' id='word_1_251' title='bbox 775 2225 894 2259; x_wconf 85' lang='lat' dir='ltr'>Verius</span> <span class='ocrx_word' id='word_1_252' title='bbox 916 2224 1116 2259; x_wconf 74' lang='lat' dir='ltr'>hauddubie</span> 
     </span>
     <span class='ocr_line' id='line_1_38' title="bbox 229 2271 1111 2315; baseline 0 -9"><span class='ocrx_word' id='word_1_253' title='bbox 229 2273 294 2313; x_wconf 79' lang='lat' dir='ltr'>fuit</span> <span class='ocrx_word' id='word_1_254' title='bbox 303 2272 377 2315; x_wconf 86' lang='lat' dir='ltr'>quis</span> <span class='ocrx_word' id='word_1_255' title='bbox 387 2271 609 2307; x_wconf 78' lang='lat' dir='ltr'>Antiochenae</span> <span class='ocrx_word' id='word_1_256' title='bbox 619 2273 767 2313; x_wconf 73' lang='lat' dir='ltr'>Ecclesiae</span> <span class='ocrx_word' id='word_1_257' title='bbox 782 2273 930 2307; x_wconf 77' lang='lat' dir='ltr'>Clericus</span> <span class='ocrx_word' id='word_1_258' title='bbox 940 2297 951 2314; x_wconf 88' lang='lat'>‚</span> <span class='ocrx_word' id='word_1_259' title='bbox 976 2274 1111 2309; x_wconf 77' lang='lat' dir='ltr'>forsitan</span> 
     </span>
     <span class='ocr_line' id='line_1_39' title="bbox 231 2321 1115 2368; baseline 0 -12"><span class='ocrx_word' id='word_1_260' title='bbox 231 2322 368 2366; x_wconf 84' lang='lat' dir='ltr'>Joannis</span> <span class='ocrx_word' id='word_1_261' title='bbox 389 2323 423 2356; x_wconf 90' lang='lat' dir='ltr'>in</span> <span class='ocrx_word' id='word_1_262' title='bbox 446 2323 554 2368; x_wconf 84' lang='lat' dir='ltr'>Regia</span> <span class='ocrx_word' id='word_1_263' title='bbox 566 2322 712 2358; x_wconf 82' lang='lat' dir='ltr'>Civitate</span> <span class='ocrx_word' id='word_1_264' title='bbox 738 2321 981 2367; x_wconf 80' lang='lat' dir='ltr'>Apocrisarius.</span> <span class='ocrx_word' id='word_1_265' title='bbox 1011 2322 1115 2357; x_wconf 88' lang='lat' dir='ltr'>Aliud</span> 
     </span>
     <span class='ocr_line' id='line_1_40' title="bbox 230 2372 1116 2419; baseline -0.002 -11"><span class='ocrx_word' id='word_1_266' title='bbox 230 2384 342 2408; x_wconf 78' lang='lat' dir='ltr'>tamen</span> <span class='ocrx_word' id='word_1_267' title='bbox 363 2372 499 2408; x_wconf 84' lang='lat' dir='ltr'>suadent</span> <span class='ocrx_word' id='word_1_268' title='bbox 523 2373 619 2407; x_wconf 83' lang='lat' dir='ltr'>verba</span> <span class='ocrx_word' id='word_1_269' title='bbox 633 2388 645 2407; x_wconf 88' lang='grc'>.-</span> <span class='ocrx_word' id='word_1_270' title='bbox 669 2376 736 2417; x_wconf 77' lang='lat' dir='ltr'>,Qui</span> <span class='ocrx_word' id='word_1_271' title='bbox 745 2382 803 2417; x_wconf 83' lang='lat' dir='ltr'>pro</span> <span class='ocrx_word' id='word_1_272' title='bbox 807 2377 935 2419; x_wconf 84' lang='lat' dir='ltr'>Joanne</span> <span class='ocrx_word' id='word_1_273' title='bbox 947 2372 1116 2415; x_wconf 69' lang='lat' dir='ltr'>Constant!-</span> 
     </span>
     <span class='ocr_line' id='line_1_41' title="bbox 231 2422 1118 2466; baseline 0.003 -11"><span class='ocrx_word' id='word_1_274' title='bbox 231 2424 328 2463; x_wconf 75' lang='lat' dir='ltr'>napoli</span> <span class='ocrx_word' id='word_1_275' title='bbox 338 2422 464 2454; x_wconf 66' lang='lat' dir='ltr'>latitat.</span> <span class='ocrx_word' id='word_1_276' title='bbox 492 2422 691 2465; x_wconf 77' lang='lat' dir='ltr'>Apocrisarii</span> <span class='ocrx_word' id='word_1_277' title='bbox 714 2424 805 2457; x_wconf 86' lang='lat' dir='ltr'>enim</span> <span class='ocrx_word' id='word_1_278' title='bbox 826 2435 894 2458; x_wconf 88' lang='lat' dir='ltr'>non</span> <span class='ocrx_word' id='word_1_279' title='bbox 906 2431 1058 2466; x_wconf 84' lang='lat' dir='ltr'>poterant</span> <span class='ocrx_word' id='word_1_280' title='bbox 1074 2423 1118 2458; x_wconf 83' lang='lat' dir='ltr'>la-</span> 
     </span>
     <span class='ocr_line' id='line_1_42' title="bbox 232 2469 1118 2514; baseline 0.003 -9"><span class='ocrx_word' id='word_1_281' title='bbox 232 2480 301 2505; x_wconf 82' lang='lat' dir='ltr'>tere</span> <span class='ocrx_word' id='word_1_282' title='bbox 313 2495 320 2502; x_wconf 93' lang='lat'>.</span> <span class='ocrx_word' id='word_1_283' title='bbox 348 2469 492 2505; x_wconf 87' lang='lat' dir='ltr'>Proinde</span> <span class='ocrx_word' id='word_1_284' title='bbox 511 2472 610 2506; x_wconf 83' lang='lat' dir='ltr'>fuerit</span> <span class='ocrx_word' id='word_1_285' title='bbox 632 2471 705 2514; x_wconf 79' lang='lat' dir='ltr'>quis</span> <span class='ocrx_word' id='word_1_286' title='bbox 729 2471 966 2507; x_wconf 77' lang='lat' dir='ltr'>clandestinus</span> <span class='ocrx_word' id='word_1_287' title='bbox 981 2471 1022 2508; x_wconf 85' lang='lat' dir='ltr'>ad</span> <span class='ocrx_word' id='word_1_288' title='bbox 1033 2472 1118 2508; x_wconf 85' lang='lat' dir='ltr'>istud</span> 
     </span>
     <span class='ocr_line' id='line_1_43' title="bbox 231 2520 1116 2566; baseline 0.001 -11"><span class='ocrx_word' id='word_1_289' title='bbox 231 2520 394 2566; x_wconf 61' lang='lat' dir='ltr'>singulare</span> <span class='ocrx_word' id='word_1_290' title='bbox 416 2520 588 2566; x_wconf 82' lang='lat' dir='ltr'>negotium</span> <span class='ocrx_word' id='word_1_291' title='bbox 612 2521 804 2559; x_wconf 75' lang='lat' dir='ltr'>Emissarius</span> <span class='ocrx_word' id='word_1_292' title='bbox 817 2549 825 2556; x_wconf 90' lang='lat'>.</span> <span class='ocrx_word' id='word_1_293' title='bbox 873 2523 947 2558; x_wconf 89' lang='lat' dir='ltr'>Nec</span> <span class='ocrx_word' id='word_1_294' title='bbox 964 2523 1116 2563; x_wconf 57' lang='lat' dir='ltr'>,mit-um.</span> 
     </span>
     <span class='ocr_line' id='line_1_44' title="bbox 233 2571 1119 2614; baseline 0.005 -10"><span class='ocrx_word' id='word_1_295' title='bbox 233 2571 372 2604; x_wconf 79' lang='lat' dir='ltr'>Etenim</span> <span class='ocrx_word' id='word_1_296' title='bbox 397 2571 539 2614; x_wconf 86' lang='lat' dir='ltr'>Joannes</span> <span class='ocrx_word' id='word_1_297' title='bbox 557 2571 651 2607; x_wconf 75' lang='lat' dir='ltr'>istim</span> <span class='ocrx_word' id='word_1_298' title='bbox 670 2571 794 2607; x_wconf 76' lang='lat' dir='ltr'>odiosae</span> <span class='ocrx_word' id='word_1_299' title='bbox 810 2573 913 2607; x_wconf 77' lang='lat' dir='ltr'>Sacra:</span> <span class='ocrx_word' id='word_1_300' title='bbox 933 2571 1119 2609; x_wconf 72' lang='lat' dir='ltr'>declinabat</span> 
     </span>
     <span class='ocr_line' id='line_1_45' title="bbox 231 2619 1120 2668; baseline 0.006 -15"><span class='ocrx_word' id='word_1_301' title='bbox 231 2619 394 2654; x_wconf 80' lang='lat' dir='ltr'>invidiam</span> <span class='ocrx_word' id='word_1_302' title='bbox 416 2645 428 2662; x_wconf 92' lang='lat'><strong>,</strong></span> <span class='ocrx_word' id='word_1_303' title='bbox 454 2621 596 2664; x_wconf 84' lang='lat' dir='ltr'>ideoque</span> <span class='ocrx_word' id='word_1_304' title='bbox 615 2621 634 2654; x_wconf 75' lang='lat' dir='ltr'>a</span> <span class='ocrx_word' id='word_1_305' title='bbox 656 2622 785 2656; x_wconf 69' lang='lat' dir='ltr'>cunetis</span> <span class='ocrx_word' id='word_1_306' title='bbox 800 2621 889 2657; x_wconf 86' lang='lat' dir='ltr'>credi</span> <span class='ocrx_word' id='word_1_307' title='bbox 911 2646 923 2663; x_wconf 90' lang='lat'>‚</span> <span class='ocrx_word' id='word_1_308' title='bbox 950 2623 1041 2668; x_wconf 87' lang='lat' dir='ltr'>quod</span> <span class='ocrx_word' id='word_1_309' title='bbox 1067 2635 1120 2658; x_wconf 85' lang='lat' dir='ltr'>ne-</span> 
     </span>
     <span class='ocr_line' id='line_1_46' title="bbox 233 2668 1120 2717; baseline 0.005 -13"><span class='ocrx_word' id='word_1_310' title='bbox 233 2681 399 2714; x_wconf 72' lang='lat' dir='ltr'>quaquam</span> <span class='ocrx_word' id='word_1_311' title='bbox 410 2668 456 2708; x_wconf 72' lang='lat' dir='ltr'>ad</span> <span class='ocrx_word' id='word_1_312' title='bbox 475 2671 548 2704; x_wconf 84' lang='lat' dir='ltr'>suas</span> <span class='ocrx_word' id='word_1_313' title='bbox 557 2681 666 2714; x_wconf 77' lang='lat' dir='ltr'>preces</span> <span class='ocrx_word' id='word_1_314' title='bbox 678 2672 876 2714; x_wconf 58' lang='lat' dir='ltr'>emanasset,</span> <span class='ocrx_word' id='word_1_315' title='bbox 902 2672 957 2707; x_wconf 76' lang='lat' dir='ltr'>sed</span> <span class='ocrx_word' id='word_1_316' title='bbox 980 2684 1022 2707; x_wconf 74' lang='lat' dir='ltr'>ex</span> <span class='ocrx_word' id='word_1_317' title='bbox 1049 2685 1120 2717; x_wconf 87' lang='lat' dir='ltr'>pro—</span> 
     </span>
     <span class='ocr_line' id='line_1_47' title="bbox 236 2719 1120 2764; baseline 0.006 -11"><span class='ocrx_word' id='word_1_318' title='bbox 236 2720 311 2763; x_wconf 76' lang='lat' dir='ltr'>prio</span> <span class='ocrx_word' id='word_1_319' title='bbox 320 2728 416 2754; x_wconf 85' lang='lat' dir='ltr'>motu</span> <span class='ocrx_word' id='word_1_320' title='bbox 433 2719 599 2764; x_wconf 76' lang='lat' dir='ltr'>Principis</span> <span class='ocrx_word' id='word_1_321' title='bbox 611 2746 618 2753; x_wconf 96' lang='lat'>.</span> <span class='ocrx_word' id='word_1_322' title='bbox 644 2722 749 2757; x_wconf 80' lang='lat' dir='ltr'>Porro</span> <span class='ocrx_word' id='word_1_323' title='bbox 770 2722 982 2758; x_wconf 81' lang='lat' dir='ltr'>Decanorum</span> <span class='ocrx_word' id='word_1_324' title='bbox 1001 2723 1036 2757; x_wconf 84' lang='lat' dir='ltr'>in</span> <span class='ocrx_word' id='word_1_325' title='bbox 1050 2723 1120 2758; x_wconf 75' lang='lat' dir='ltr'>Ro·</span> 
     </span>
     <span class='ocr_line' id='line_1_48' title="bbox 234 2769 1116 2817; baseline 0.005 -14"><span class='ocrx_word' id='word_1_326' title='bbox 234 2781 336 2804; x_wconf 90' lang='lat' dir='ltr'>mano</span> <span class='ocrx_word' id='word_1_327' title='bbox 346 2769 490 2813; x_wconf 80' lang='lat' dir='ltr'>Imperio</span> <span class='ocrx_word' id='word_1_328' title='bbox 502 2770 635 2809; x_wconf 81' lang='lat' dir='ltr'>fuerunt</span> <span class='ocrx_word' id='word_1_329' title='bbox 647 2780 709 2806; x_wconf 85' lang='lat' dir='ltr'>tres</span> <span class='ocrx_word' id='word_1_330' title='bbox 718 2773 840 2814; x_wconf 80' lang='lat' dir='ltr'>species</span> <span class='ocrx_word' id='word_1_331' title='bbox 851 2798 858 2806; x_wconf 94' lang='lat'><strong><em>.</em></strong></span> <span class='ocrx_word' id='word_1_332' title='bbox 885 2774 940 2808; x_wconf 89' lang='lat' dir='ltr'>De</span> <span class='ocrx_word' id='word_1_333' title='bbox 963 2773 1069 2817; x_wconf 87' lang='lat' dir='ltr'>prima</span> <span class='ocrx_word' id='word_1_334' title='bbox 1079 2773 1116 2807; x_wconf 86' lang='lat' dir='ltr'>fit</span> 
     </span>
     <span class='ocr_line' id='line_1_49' title="bbox 234 2819 1120 2869; baseline 0.006 -16"><span class='ocrx_word' id='word_1_335' title='bbox 234 2820 366 2855; x_wconf 20' lang='lat' dir='ltr'>mentio*</span> <span class='ocrx_word' id='word_1_336' title='bbox 375 2820 410 2854; x_wconf 88' lang='lat' dir='ltr'>in</span> <span class='ocrx_word' id='word_1_337' title='bbox 423 2819 624 2864; x_wconf 75' lang='lat' dir='ltr'>Justininnaei</span> <span class='ocrx_word' id='word_1_338' title='bbox 635 2821 777 2859; x_wconf 73' lang='lat' dir='ltr'>Codicis</span> <span class='ocrx_word' id='word_1_339' title='bbox 783 2823 885 2858; x_wconf 81' lang='lat' dir='ltr'>titulo</span> <span class='ocrx_word' id='word_1_340' title='bbox 898 2822 939 2858; x_wconf 88' lang='lat' dir='ltr'>de</span> <span class='ocrx_word' id='word_1_341' title='bbox 950 2823 1120 2869; x_wconf 86' lang='lat' dir='ltr'>Collegia-</span> 
     </span>
     <span class='ocr_line' id='line_1_50' title="bbox 233 2870 1120 2919; baseline 0.005 -14"><span class='ocrx_word' id='word_1_342' title='bbox 233 2870 294 2905; x_wconf 79' lang='lat' dir='ltr'>tis:</span> <span class='ocrx_word' id='word_1_343' title='bbox 322 2870 376 2904; x_wconf 89' lang='lat' dir='ltr'>Hi&#39;</span> <span class='ocrx_word' id='word_1_344' title='bbox 390 2881 460 2904; x_wconf 84' lang='lat' dir='ltr'>non</span> <span class='ocrx_word' id='word_1_345' title='bbox 477 2880 571 2905; x_wconf 74' lang='lat' dir='ltr'>eraut</span> <span class='ocrx_word' id='word_1_346' title='bbox 582 2871 749 2914; x_wconf 75' lang='lat' dir='ltr'>Palatini,</span> <span class='ocrx_word' id='word_1_347' title='bbox 773 2873 827 2910; x_wconf 75' lang='lat' dir='ltr'>sed</span> <span class='ocrx_word' id='word_1_348' title='bbox 842 2872 950 2910; x_wconf 80' lang='lat' dir='ltr'>Urbis</span> <span class='ocrx_word' id='word_1_349' title='bbox 958 2874 1120 2919; x_wconf 85' lang='lat' dir='ltr'>Corpora-</span> 
     </span>
     <span class='ocr_line' id='line_1_51' title="bbox 234 2919 1118 2969; baseline 0.005 -15"><span class='ocrx_word' id='word_1_350' title='bbox 234 2920 262 2955; x_wconf 84' lang='lat' dir='ltr'>ti</span> <span class='ocrx_word' id='word_1_351' title='bbox 283 2945 294 2962; x_wconf 94' lang='lat'>‚</span> <span class='ocrx_word' id='word_1_352' title='bbox 321 2919 453 2963; x_wconf 70' lang='lat' dir='ltr'>subjecti</span> <span class='ocrx_word' id='word_1_353' title='bbox 479 2920 635 2957; x_wconf 74' lang='lat' dir='ltr'>Praefeeco</span> <span class='ocrx_word' id='word_1_354' title='bbox 656 2920 749 2956; x_wconf 83' lang='lat' dir='ltr'>urbis¹</span> <span class='ocrx_word' id='word_1_355' title='bbox 765 2936 778 2958; x_wconf 74' lang='lat'>.-</span> <span class='ocrx_word' id='word_1_356' title='bbox 802 2924 950 2960; x_wconf 75' lang='lat' dir='ltr'>Secunda</span> <span class='ocrx_word' id='word_1_357' title='bbox 976 2925 1118 2969; x_wconf 87' lang='lat' dir='ltr'>specics,</span> 
     </span>
     <span class='ocr_line' id='line_1_52' title="bbox 234 2970 1117 3018; baseline 0.005 -14"><span class='ocrx_word' id='word_1_358' title='bbox 234 2980 336 3013; x_wconf 87' lang='lat' dir='ltr'>quam</span> <span class='ocrx_word' id='word_1_359' title='bbox 356 2970 503 3015; x_wconf 88' lang='lat' dir='ltr'>Magnus</span> <span class='ocrx_word' id='word_1_360' title='bbox 514 2970 755 3007; x_wconf 86' lang='lat' dir='ltr'>Constantinus</span> <span class='ocrx_word' id='word_1_361' title='bbox 774 2983 829 3008; x_wconf 86' lang='lat' dir='ltr'>aut</span> <span class='ocrx_word' id='word_1_362' title='bbox 839 2975 908 3018; x_wconf 88' lang='lat' dir='ltr'>ejus</span> <span class='ocrx_word' id='word_1_363' title='bbox 930 2975 1016 3010; x_wconf 85' lang='lat' dir='ltr'>filius</span> <span class='ocrx_word' id='word_1_364' title='bbox 1028 2974 1117 3009; x_wconf 88' lang='lat' dir='ltr'>Con-</span> 
     </span>
     <span class='ocr_line' id='line_1_53' title="bbox 234 3018 1115 3066; baseline 0.009 -14"><span class='ocrx_word' id='word_1_365' title='bbox 234 3018 372 3053; x_wconf 85' lang='lat' dir='ltr'>stantius</span> <span class='ocrx_word' id='word_1_366' title='bbox 384 3019 516 3055; x_wconf 84' lang='lat' dir='ltr'>induxit</span> <span class='ocrx_word' id='word_1_367' title='bbox 527 3045 538 3061; x_wconf 90' lang='lat'>,</span> <span class='ocrx_word' id='word_1_368' title='bbox 556 3030 647 3055; x_wconf 87' lang='lat' dir='ltr'>erant</span> <span class='ocrx_word' id='word_1_369' title='bbox 659 3022 825 3058; x_wconf 64' lang='lat' dir='ltr'>Leaicarii</span> <span class='ocrx_word' id='word_1_370' title='bbox 838 3025 988 3061; x_wconf 83' lang='lat' dir='ltr'>Ecclesiae</span> <span class='ocrx_word' id='word_1_371' title='bbox 999 3050 1010 3066; x_wconf 93' lang='lat'>‚</span> <span class='ocrx_word' id='word_1_372' title='bbox 1036 3024 1115 3059; x_wconf 87' lang='lat' dir='ltr'>Prae-</span> 
     </span>
     <span class='ocr_line' id='line_1_54' title="bbox 235 3065 1117 3110; baseline 0.009 -9"><span class='ocrx_word' id='word_1_373' title='bbox 235 3067 310 3102; x_wconf 72' lang='lat' dir='ltr'>feffi</span> <span class='ocrx_word' id='word_1_374' title='bbox 321 3065 496 3104; x_wconf 83' lang='lat' dir='ltr'>humandis</span> <span class='ocrx_word' id='word_1_375' title='bbox 510 3070 658 3105; x_wconf 90' lang='lat' dir='ltr'>fidelium</span> <span class='ocrx_word' id='word_1_376' title='bbox 669 3071 878 3110; x_wconf 88' lang='lat' dir='ltr'>cadaveribus</span> <span class='ocrx_word' id='word_1_377' title='bbox 893 3101 902 3109; x_wconf 89' lang='lat'><strong>.</strong></span> <span class='ocrx_word' id='word_1_378' title='bbox 926 3075 1028 3110; x_wconf 89' lang='lat' dir='ltr'>Erant</span> <span class='ocrx_word' id='word_1_379' title='bbox 1042 3075 1117 3109; x_wconf 90' lang='lat' dir='ltr'>Cle-</span> 
     </span>
    </p>
   </div>
   <div class='ocr_carea' id='block_1_5' title="bbox 178 3117 1118 3164">
    <p class='ocr_par' dir='ltr' id='par_1_6' title="bbox 178 3117 1118 3164">
     <span class='ocr_line' id='line_1_55' title="bbox 178 3117 1118 3164; baseline 0.007 -13"><span class='ocrx_word' id='word_1_380' title='bbox 178 3133 182 3138; x_wconf 94' lang='lat'>·</span> <span class='ocrx_word' id='word_1_381' title='bbox 236 3117 315 3152; x_wconf 80' lang='lat' dir='ltr'>rici.</span> <span class='ocrx_word' id='word_1_382' title='bbox 343 3117 462 3153; x_wconf 90' lang='lat' dir='ltr'>Tertia</span> <span class='ocrx_word' id='word_1_383' title='bbox 475 3121 595 3164; x_wconf 82' lang='lat' dir='ltr'>species</span> <span class='ocrx_word' id='word_1_384' title='bbox 603 3129 670 3157; x_wconf 85' lang='lat' dir='ltr'>erat</span> <span class='ocrx_word' id='word_1_385' title='bbox 682 3122 788 3161; x_wconf 82' lang='lat' dir='ltr'>elassis</span> <span class='ocrx_word' id='word_1_386' title='bbox 796 3123 948 3160; x_wconf 68' lang='lat' dir='ltr'>Palatinas</span> <span class='ocrx_word' id='word_1_387' title='bbox 960 3125 1090 3158; x_wconf 84' lang='lat' dir='ltr'>Militiae</span> <span class='ocrx_word' id='word_1_388' title='bbox 1107 3148 1118 3164; x_wconf 92' lang='lat'><strong>,</strong></span> 
     </span>
    </p>
   </div>
   <div class='ocr_carea' id='block_1_6' title="bbox 236 3167 1114 3366">
    <p class='ocr_par' dir='ltr' id='par_1_7' title="bbox 236 3167 1114 3265">
     <span class='ocr_line' id='line_1_56' title="bbox 237 3167 1114 3221; baseline 0.007 -19"><span class='ocrx_word' id='word_1_389' title='bbox 237 3167 330 3210; x_wconf 82' lang='lat' dir='ltr'>cujus</span> <span class='ocrx_word' id='word_1_390' title='bbox 342 3167 387 3202; x_wconf 90' lang='lat' dir='ltr'>est</span> <span class='ocrx_word' id='word_1_391' title='bbox 402 3169 552 3213; x_wconf 85' lang='lat' dir='ltr'>frequens</span> <span class='ocrx_word' id='word_1_392' title='bbox 561 3171 688 3206; x_wconf 81' lang='lat' dir='ltr'>mentio</span> <span class='ocrx_word' id='word_1_393' title='bbox 697 3171 732 3206; x_wconf 77' lang='grc' dir='ltr'>δε</span> <span class='ocrx_word' id='word_1_394' title='bbox 743 3173 943 3221; x_wconf 80' lang='lat' dir='ltr'>apudLeges</span> <span class='ocrx_word' id='word_1_395' title='bbox 954 3200 965 3216; x_wconf 92' lang='lat'>,</span> <span class='ocrx_word' id='word_1_396' title='bbox 985 3176 1019 3209; x_wconf 76' lang='grc' dir='ltr'>δε</span> <span class='ocrx_word' id='word_1_397' title='bbox 1030 3173 1114 3219; x_wconf 88' lang='lat' dir='ltr'>apud</span> 
     </span>
     <span class='ocr_line' id='line_1_57' title="bbox 236 3217 1049 3265; baseline 0.009 -14"><span class='ocrx_word' id='word_1_398' title='bbox 236 3217 321 3252; x_wconf 83' lang='lat' dir='ltr'>alios</span> <span class='ocrx_word' id='word_1_399' title='bbox 331 3218 510 3262; x_wconf 86' lang='lat' dir='ltr'>Scriptores</span> <span class='ocrx_word' id='word_1_400' title='bbox 525 3244 532 3251; x_wconf 90' lang='lat'><strong>.</strong></span> <span class='ocrx_word' id='word_1_401' title='bbox 560 3220 669 3255; x_wconf 86' lang='lat' dir='ltr'>Etiam</span> <span class='ocrx_word' id='word_1_402' title='bbox 681 3223 767 3265; x_wconf 90' lang='lat' dir='ltr'>apud</span> <span class='ocrx_word' id='word_1_403' title='bbox 779 3223 911 3260; x_wconf 71' lang='lat' dir='ltr'>Sanstos</span> <span class='ocrx_word' id='word_1_404' title='bbox 923 3225 1033 3260; x_wconf 86' lang='lat' dir='ltr'>Patres</span> <span class='ocrx_word' id='word_1_405' title='bbox 1042 3248 1049 3257; x_wconf 86' lang='lat'><em>.</em></span> 
     </span>
    </p>

    <p class='ocr_par' dir='ltr' id='par_1_8' title="bbox 239 3267 1112 3366">
     <span class='ocr_line' id='line_1_58' title="bbox 287 3267 1112 3315; baseline 0.011 -15"><span class='ocrx_word' id='word_1_406' title='bbox 287 3267 417 3302; x_wconf 89' lang='lat' dir='ltr'>Deillis</span> <span class='ocrx_word' id='word_1_407' title='bbox 429 3269 461 3303; x_wconf 91' lang='lat' dir='ltr'>in</span> <span class='ocrx_word' id='word_1_408' title='bbox 475 3268 666 3306; x_wconf 79' lang='lat' dir='ltr'>tertiolibro</span> <span class='ocrx_word' id='word_1_409' title='bbox 675 3270 717 3306; x_wconf 81' lang='lat' dir='ltr'>de</span> <span class='ocrx_word' id='word_1_410' title='bbox 730 3271 846 3315; x_wconf 84' lang='lat' dir='ltr'>Justini</span> <span class='ocrx_word' id='word_1_411' title='bbox 857 3274 989 3311; x_wconf 83' lang='lat' dir='ltr'>secundi</span> <span class='ocrx_word' id='word_1_412' title='bbox 1012 3274 1112 3311; x_wconf 86' lang='lat' dir='ltr'>laudi-</span> 
     </span>
     <span class='ocr_line' id='line_1_59' title="bbox 239 3314 635 3366; baseline 0.003 -13"><span class='ocrx_word' id='word_1_413' title='bbox 239 3314 299 3353; x_wconf 85' lang='lat' dir='ltr'>bus</span> <span class='ocrx_word' id='word_1_414' title='bbox 312 3317 422 3355; x_wconf 83' lang='lat' dir='ltr'>scribit</span> <span class='ocrx_word' id='word_1_415' title='bbox 432 3319 611 3366; x_wconf 88' lang='lat' dir='ltr'>Corrippus</span> <span class='ocrx_word' id='word_1_416' title='bbox 627 3333 635 3354; x_wconf 92' lang='lat'>:</span> 
     </span>
    </p>
   </div>
   <div class='ocr_carea' id='block_1_7' title="bbox 578 3371 1018 3421">
    <p class='ocr_par' dir='ltr' id='par_1_9' title="bbox 578 3371 1018 3421">
     <span class='ocr_line' id='line_1_60' title="bbox 578 3371 1018 3421; baseline 0.018 -18"><span class='ocrx_word' id='word_1_417' title='bbox 578 3395 726 3406; x_wconf 78' lang='grc'><strong><em>........</em></strong></span> <span class='ocrx_word' id='word_1_418' title='bbox 733 3373 768 3416; x_wconf 90' lang='lat' dir='ltr'><em>J</em></span> <span class='ocrx_word' id='word_1_419' title='bbox 768 3371 880 3420; x_wconf 83' lang='lat' dir='ltr'>uffuque</span> <span class='ocrx_word' id='word_1_420' title='bbox 888 3379 1018 3421; x_wconf 76' lang='lat' dir='ltr'>rogantes</span> 
     </span>
    </p>
   </div>
   <div class='ocr_carea' id='block_1_8' title="bbox 1174 200 2061 1070">
    <p class='ocr_par' dir='ltr' id='par_1_10' title="bbox 1174 200 2061 1070">
     <span class='ocr_line' id='line_1_61' title="bbox 1883 200 1980 258; baseline -0.01 -14"><span class='ocrx_word' id='word_1_421' title='bbox 1883 213 1910 244; x_wconf 92' lang='lat'>2</span> <span class='ocrx_word' id='word_1_422' title='bbox 1920 200 1944 243; x_wconf 91' lang='lat'>8</span> <span class='ocrx_word' id='word_1_423' title='bbox 1954 214 1980 258; x_wconf 91' lang='lat'><em>7</em></span> 
     </span>
     <span class='ocr_line' id='line_1_62' title="bbox 1269 273 1995 319; baseline 0.004 -11"><span class='ocrx_word' id='word_1_424' title='bbox 1269 273 1361 308; x_wconf 69' lang='lat' dir='ltr'>acciti</span> <span class='ocrx_word' id='word_1_425' title='bbox 1375 277 1513 308; x_wconf 84' lang='lat' dir='ltr'>Proceres</span> <span class='ocrx_word' id='word_1_426' title='bbox 1533 285 1653 312; x_wconf 85' lang='lat' dir='ltr'>omnes,</span> <span class='ocrx_word' id='word_1_427' title='bbox 1677 275 1832 319; x_wconf 76' lang='lat' dir='ltr'>scholaque</span> <span class='ocrx_word' id='word_1_428' title='bbox 1845 279 1948 311; x_wconf 80' lang='lat' dir='ltr'>Palati</span> <span class='ocrx_word' id='word_1_429' title='bbox 1957 278 1995 319; x_wconf 81' lang='lat' dir='ltr'>est</span> 
     </span>
     <span class='ocr_line' id='line_1_63' title="bbox 1264 322 2021 369; baseline 0.009 -13"><span class='ocrx_word' id='word_1_430' title='bbox 1264 322 1428 369; x_wconf 83' lang='lat' dir='ltr'>Juffasuis</span> <span class='ocrx_word' id='word_1_431' title='bbox 1439 323 1554 363; x_wconf 70' lang='lat' dir='ltr'>adstare</span> <span class='ocrx_word' id='word_1_432' title='bbox 1563 325 1634 358; x_wconf 77' lang='lat' dir='ltr'>locis</span> <span class='ocrx_word' id='word_1_433' title='bbox 1646 348 1652 355; x_wconf 91' lang='lat'>.</span> <span class='ocrx_word' id='word_1_434' title='bbox 1673 327 1812 367; x_wconf 82' lang='lat' dir='ltr'>Jamque</span> <span class='ocrx_word' id='word_1_435' title='bbox 1824 330 1924 362; x_wconf 68' lang='lat' dir='ltr'>ordine</span> <span class='ocrx_word' id='word_1_436' title='bbox 1941 338 2021 363; x_wconf 81' lang='lat' dir='ltr'>certo</span> 
     </span>
     <span class='ocr_line' id='line_1_64' title="bbox 1272 371 2047 421; baseline 0.01 -15"><span class='ocrx_word' id='word_1_437' title='bbox 1272 375 1376 408; x_wconf 86' lang='lat' dir='ltr'>Turba</span> <span class='ocrx_word' id='word_1_438' title='bbox 1390 371 1791 417; x_wconf 67' lang='lat' dir='ltr'>Decanorumssursorum,m</span> <span class='ocrx_word' id='word_1_439' title='bbox 1797 376 1881 408; x_wconf 84' lang='lat' dir='ltr'>rebus</span> <span class='ocrx_word' id='word_1_440' title='bbox 1890 382 2047 421; x_wconf 78' lang='lat' dir='ltr'>Agentum,</span> 
     </span>
     <span class='ocr_line' id='line_1_65' title="bbox 1272 424 2047 469; baseline 0.008 -12"><span class='ocrx_word' id='word_1_441' title='bbox 1272 430 1406 467; x_wconf 85' lang='lat' dir='ltr'>Cumque</span> <span class='ocrx_word' id='word_1_442' title='bbox 1417 424 1655 466; x_wconf 59' lang='lat' dir='ltr'>Palatinisstam</span> <span class='ocrx_word' id='word_1_443' title='bbox 1667 424 1793 458; x_wconf 67' lang='lat' dir='ltr'>candida</span> <span class='ocrx_word' id='word_1_444' title='bbox 1801 426 1888 456; x_wconf 81' lang='lat' dir='ltr'>turba</span> <span class='ocrx_word' id='word_1_445' title='bbox 1895 428 2047 469; x_wconf 77' lang='lat' dir='ltr'>Tribunis,</span> 
     </span>
     <span class='ocr_line' id='line_1_66' title="bbox 1272 475 2048 520; baseline 0.001 -14"><span class='ocrx_word' id='word_1_446' title='bbox 1272 478 1317 507; x_wconf 83' lang='lat' dir='ltr'>Et</span> <span class='ocrx_word' id='word_1_447' title='bbox 1330 476 1530 512; x_wconf 61' lang='lat' dir='ltr'>Protedorum</span> <span class='ocrx_word' id='word_1_448' title='bbox 1546 486 1688 509; x_wconf 85' lang='lat' dir='ltr'>numerus</span> <span class='ocrx_word' id='word_1_449' title='bbox 1699 498 1710 515; x_wconf 89' lang='lat'>,</span> <span class='ocrx_word' id='word_1_450' title='bbox 1736 475 1901 509; x_wconf 77' lang='lat' dir='ltr'>mandante</span> <span class='ocrx_word' id='word_1_451' title='bbox 1912 477 2048 520; x_wconf 69' lang='lat' dir='ltr'>Magistro</span> 
     </span>
     <span class='ocr_line' id='line_1_67' title="bbox 1273 524 1915 568; baseline -0.003 -10"><span class='ocrx_word' id='word_1_452' title='bbox 1273 530 1379 559; x_wconf 74' lang='lat' dir='ltr'>Omnis</span> <span class='ocrx_word' id='word_1_453' title='bbox 1392 529 1412 562; x_wconf 84' lang='lat'><em>5</em></span> <span class='ocrx_word' id='word_1_454' title='bbox 1413 538 1547 561; x_wconf 74' lang='lat' dir='ltr'>acrarum</span> <span class='ocrx_word' id='word_1_455' title='bbox 1556 531 1605 561; x_wconf 84' lang='lat' dir='ltr'>vis</span> <span class='ocrx_word' id='word_1_456' title='bbox 1621 524 1724 568; x_wconf 72' lang='lat' dir='ltr'>adfuit</span> <span class='ocrx_word' id='word_1_457' title='bbox 1733 525 1896 566; x_wconf 69' lang='lat' dir='ltr'>Officiosum</span> <span class='ocrx_word' id='word_1_458' title='bbox 1908 548 1915 556; x_wconf 88' lang='lat'><strong>.</strong></span> 
     </span>
     <span class='ocr_line' id='line_1_68' title="bbox 1174 573 2052 619; baseline 0.001 -11"><span class='ocrx_word' id='word_1_459' title='bbox 1174 575 1265 609; x_wconf 89' lang='lat' dir='ltr'>Hinc</span> <span class='ocrx_word' id='word_1_460' title='bbox 1278 576 1432 611; x_wconf 87' lang='lat' dir='ltr'>discimus</span> <span class='ocrx_word' id='word_1_461' title='bbox 1454 577 1535 611; x_wconf 82' lang='lat' dir='ltr'>tria.</span> <span class='ocrx_word' id='word_1_462' title='bbox 1562 575 1701 616; x_wconf 71' lang='lat' dir='ltr'>Primo,</span> <span class='ocrx_word' id='word_1_463' title='bbox 1728 574 1817 619; x_wconf 85' lang='lat' dir='ltr'>quod</span> <span class='ocrx_word' id='word_1_464' title='bbox 1837 573 1965 609; x_wconf 83' lang='lat' dir='ltr'>Decani</span> <span class='ocrx_word' id='word_1_465' title='bbox 1988 576 2052 619; x_wconf 82' lang='lat' dir='ltr'>spe-</span> 
     </span>
     <span class='ocr_line' id='line_1_69' title="bbox 1174 623 2052 671; baseline 0.002 -13"><span class='ocrx_word' id='word_1_466' title='bbox 1174 627 1298 660; x_wconf 67' lang='lat' dir='ltr'>aarum</span> <span class='ocrx_word' id='word_1_467' title='bbox 1319 626 1359 660; x_wconf 89' lang='lat' dir='ltr'>ad</span> <span class='ocrx_word' id='word_1_468' title='bbox 1382 626 1536 664; x_wconf 83' lang='lat' dir='ltr'>Scholam</span> <span class='ocrx_word' id='word_1_469' title='bbox 1564 625 1749 662; x_wconf 80' lang='lat' dir='ltr'>Palatinam</span> <span class='ocrx_word' id='word_1_470' title='bbox 1772 638 1779 658; x_wconf 92' lang='lat'>:</span> <span class='ocrx_word' id='word_1_471' title='bbox 1806 623 1908 671; x_wconf 74' lang='lat' dir='ltr'>Qud</span> <span class='ocrx_word' id='word_1_472' title='bbox 1931 626 2052 661; x_wconf 88' lang='lat' dir='ltr'>fuerint</span> 
     </span>
     <span class='ocr_line' id='line_1_70' title="bbox 1175 673 2053 720; baseline 0.002 -13"><span class='ocrx_word' id='word_1_473' title='bbox 1175 675 1404 711; x_wconf 82' lang='lat' dir='ltr'>Ministeriales</span> <span class='ocrx_word' id='word_1_474' title='bbox 1416 677 1557 717; x_wconf 86' lang='lat' dir='ltr'>Palatii,</span> <span class='ocrx_word' id='word_1_475' title='bbox 1583 677 1632 712; x_wconf 91' lang='lat' dir='ltr'>uti</span> <span class='ocrx_word' id='word_1_476' title='bbox 1643 677 1716 711; x_wconf 89' lang='lat' dir='ltr'>sunt</span> <span class='ocrx_word' id='word_1_477' title='bbox 1731 675 1878 720; x_wconf 83' lang='lat' dir='ltr'>Agentes</span> <span class='ocrx_word' id='word_1_478' title='bbox 1888 673 1924 713; x_wconf 85' lang='lat' dir='ltr'>in</span> <span class='ocrx_word' id='word_1_479' title='bbox 1937 674 2033 710; x_wconf 89' lang='lat' dir='ltr'>rebus</span> <span class='ocrx_word' id='word_1_480' title='bbox 2042 700 2053 717; x_wconf 82' lang='lat'>,</span> 
     </span>
     <span class='ocr_line' id='line_1_71' title="bbox 1176 724 2054 770; baseline -0.001 -12"><span class='ocrx_word' id='word_1_481' title='bbox 1176 725 1343 766; x_wconf 76' lang='lat' dir='ltr'>Cmsores,</span> <span class='ocrx_word' id='word_1_482' title='bbox 1370 725 1577 770; x_wconf 84' lang='lat' dir='ltr'>Magistriani</span> <span class='ocrx_word' id='word_1_483' title='bbox 1588 752 1599 768; x_wconf 90' lang='lat'>,</span> <span class='ocrx_word' id='word_1_484' title='bbox 1627 725 1829 763; x_wconf 69' lang='lat' dir='ltr'>Protectores</span> <span class='ocrx_word' id='word_1_485' title='bbox 1852 749 1864 766; x_wconf 89' lang='lat'><strong>,</strong></span> <span class='ocrx_word' id='word_1_486' title='bbox 1891 725 1926 761; x_wconf 75' lang='grc' dir='ltr'>δε</span> <span class='ocrx_word' id='word_1_487' title='bbox 1945 724 2002 760; x_wconf 87' lang='lat' dir='ltr'>alii</span> <span class='ocrx_word' id='word_1_488' title='bbox 2021 726 2054 758; x_wconf 84' lang='lat' dir='ltr'>fi-</span> 
     </span>
     <span class='ocr_line' id='line_1_72' title="bbox 1176 775 2057 822; baseline 0.002 -14"><span class='ocrx_word' id='word_1_489' title='bbox 1176 775 1269 809; x_wconf 88' lang='lat' dir='ltr'>miles</span> <span class='ocrx_word' id='word_1_490' title='bbox 1282 802 1289 807; x_wconf 95' lang='lat'>.</span> <span class='ocrx_word' id='word_1_491' title='bbox 1317 776 1467 811; x_wconf 76' lang='lat' dir='ltr'>Secundo</span> <span class='ocrx_word' id='word_1_492' title='bbox 1480 801 1491 817; x_wconf 92' lang='lat'><strong>,</strong></span> <span class='ocrx_word' id='word_1_493' title='bbox 1517 777 1606 820; x_wconf 90' lang='lat' dir='ltr'>quod</span> <span class='ocrx_word' id='word_1_494' title='bbox 1617 778 1738 813; x_wconf 87' lang='lat' dir='ltr'>fuerint</span> <span class='ocrx_word' id='word_1_495' title='bbox 1761 776 1796 810; x_wconf 87' lang='lat' dir='ltr'>in</span> <span class='ocrx_word' id='word_1_496' title='bbox 1806 775 1924 822; x_wconf 82' lang='lat' dir='ltr'>grandi</span> <span class='ocrx_word' id='word_1_497' title='bbox 1944 786 2057 810; x_wconf 83' lang='lat' dir='ltr'>nume·</span> 
     </span>
     <span class='ocr_line' id='line_1_73' title="bbox 1176 825 2057 871; baseline 0.001 -13"><span class='ocrx_word' id='word_1_498' title='bbox 1176 836 1232 859; x_wconf 91' lang='lat' dir='ltr'>ro.</span> <span class='ocrx_word' id='word_1_499' title='bbox 1261 825 1403 866; x_wconf 78' lang='lat' dir='ltr'>Tertio,</span> <span class='ocrx_word' id='word_1_500' title='bbox 1429 825 1519 871; x_wconf 87' lang='lat' dir='ltr'>quod</span> <span class='ocrx_word' id='word_1_501' title='bbox 1538 826 1718 862; x_wconf 86' lang='lat' dir='ltr'>subfuerint</span> <span class='ocrx_word' id='word_1_502' title='bbox 1741 826 1905 871; x_wconf 82' lang='lat' dir='ltr'>Magistro</span> <span class='ocrx_word' id='word_1_503' title='bbox 1919 826 2057 861; x_wconf 86' lang='lat' dir='ltr'>Officio·</span> 
     </span>
     <span class='ocr_line' id='line_1_74' title="bbox 1175 874 2057 921; baseline 0.003 -13"><span class='ocrx_word' id='word_1_504' title='bbox 1175 887 1248 909; x_wconf 90' lang='lat' dir='ltr'>rum</span> <span class='ocrx_word' id='word_1_505' title='bbox 1261 901 1268 908; x_wconf 91' lang='lat'><strong>.</strong></span> <span class='ocrx_word' id='word_1_506' title='bbox 1294 876 1389 910; x_wconf 89' lang='lat' dir='ltr'>Hinc</span> <span class='ocrx_word' id='word_1_507' title='bbox 1402 875 1564 911; x_wconf 88' lang='lat' dir='ltr'>Romanae</span> <span class='ocrx_word' id='word_1_508' title='bbox 1575 874 1679 920; x_wconf 85' lang='lat' dir='ltr'>Leges</span> <span class='ocrx_word' id='word_1_509' title='bbox 1689 888 1745 910; x_wconf 90' lang='lat' dir='ltr'>eos</span> <span class='ocrx_word' id='word_1_510' title='bbox 1765 877 1877 921; x_wconf 77' lang='lat' dir='ltr'>passim</span> <span class='ocrx_word' id='word_1_511' title='bbox 1889 876 2057 920; x_wconf 79' lang='lat' dir='ltr'>appellant</span> 
     </span>
     <span class='ocr_line' id='line_1_75' title="bbox 1176 924 2058 968; baseline 0.001 -10"><span class='ocrx_word' id='word_1_512' title='bbox 1176 924 1346 967; x_wconf 89' lang='lat' dir='ltr'>Principes</span> <span class='ocrx_word' id='word_1_513' title='bbox 1367 925 1640 961; x_wconf 85' lang='lat' dir='ltr'>famulationibus</span> <span class='ocrx_word' id='word_1_514' title='bbox 1656 925 1874 968; x_wconf 74' lang='lat' dir='ltr'>adhaerentes,</span> <span class='ocrx_word' id='word_1_515' title='bbox 1898 935 1956 962; x_wconf 89' lang='lat' dir='ltr'>aut</span> <span class='ocrx_word' id='word_1_516' title='bbox 1966 926 2058 960; x_wconf 89' lang='lat' dir='ltr'>Prin-</span> 
     </span>
     <span class='ocr_line' id='line_1_76' title="bbox 1176 973 2061 1018; baseline 0 -8"><span class='ocrx_word' id='word_1_517' title='bbox 1176 975 1262 1018; x_wconf 87' lang='lat' dir='ltr'>cipes</span> <span class='ocrx_word' id='word_1_518' title='bbox 1272 974 1462 1018; x_wconf 86' lang='lat' dir='ltr'>Obsequani</span> <span class='ocrx_word' id='word_1_519' title='bbox 1475 1003 1482 1010; x_wconf 90' lang='lat'>.</span> <span class='ocrx_word' id='word_1_520' title='bbox 1511 973 1712 1011; x_wconf 85' lang='lat' dir='ltr'>Eorumdetn</span> <span class='ocrx_word' id='word_1_521' title='bbox 1725 978 1876 1013; x_wconf 86' lang='lat' dir='ltr'>meminit</span> <span class='ocrx_word' id='word_1_522' title='bbox 1888 978 1923 1012; x_wconf 87' lang='lat' dir='ltr'>in</span> <span class='ocrx_word' id='word_1_523' title='bbox 1938 976 2061 1011; x_wconf 89' lang='lat' dir='ltr'>Homi-</span> 
     </span>
     <span class='ocr_line' id='line_1_77' title="bbox 1178 1024 2059 1070; baseline 0.002 -11"><span class='ocrx_word' id='word_1_524' title='bbox 1178 1026 1229 1059; x_wconf 88' lang='lat' dir='ltr'>liis</span> <span class='ocrx_word' id='word_1_525' title='bbox 1256 1026 1348 1069; x_wconf 86' lang='lat' dir='ltr'>snper</span> <span class='ocrx_word' id='word_1_526' title='bbox 1379 1024 1610 1070; x_wconf 82' lang='lat' dir='ltr'>Apostolicam</span> <span class='ocrx_word' id='word_1_527' title='bbox 1636 1025 1677 1059; x_wconf 86' lang='lat' dir='ltr'>ad</span> <span class='ocrx_word' id='word_1_528' title='bbox 1702 1024 1858 1060; x_wconf 81' lang='lat' dir='ltr'>Hebraeos</span> <span class='ocrx_word' id='word_1_529' title='bbox 1878 1026 2059 1070; x_wconf 84' lang='lat' dir='ltr'>Epistolam</span> 
     </span>
    </p>
   </div>
   <div class='ocr_carea' id='block_1_9' title="bbox 1177 1073 2240 1121">
    <p class='ocr_par' dir='ltr' id='par_1_11' title="bbox 1177 1073 2240 1121">
     <span class='ocr_line' id='line_1_78' title="bbox 1177 1073 2240 1121; baseline 0.002 -11"><span class='ocrx_word' id='word_1_530' title='bbox 1177 1076 1311 1110; x_wconf 67' lang='lat' dir='ltr'>Sanctus</span> <span class='ocrx_word' id='word_1_531' title='bbox 1325 1075 1466 1119; x_wconf 81' lang='lat' dir='ltr'>Joannes</span> <span class='ocrx_word' id='word_1_532' title='bbox 1494 1073 1770 1118; x_wconf 77' lang='lat' dir='ltr'>Chrysostomus:</span> <span class='ocrx_word' id='word_1_533' title='bbox 1796 1079 1869 1107; x_wconf 70' lang='lat' dir='ltr'>Non</span> <span class='ocrx_word' id='word_1_534' title='bbox 1889 1082 1967 1109; x_wconf 76' lang='lat' dir='ltr'>enim</span> <span class='ocrx_word' id='word_1_535' title='bbox 1988 1083 2060 1119; x_wconf 71' lang='lat' dir='ltr'>quia</span> <span class='ocrx_word' id='word_1_536' title='bbox 2078 1087 2173 1119; x_wconf 70' lang='lat' dir='ltr'>Hom.</span> <span class='ocrx_word' id='word_1_537' title='bbox 2195 1094 2206 1116; x_wconf 69' lang='grc' dir='ltr'><strong>ι</strong></span> <span class='ocrx_word' id='word_1_538' title='bbox 2212 1092 2240 1121; x_wconf 89' lang='lat'>3.</span> 
     </span>
    </p>
   </div>
   <div class='ocr_carea' id='block_1_10' title="bbox 1178 1122 2067 1620">
    <p class='ocr_par' dir='ltr' id='par_1_12' title="bbox 1178 1122 2067 1620">
     <span class='ocr_line' id='line_1_79' title="bbox 1179 1122 2059 1167; baseline -0.001 -7"><span class='ocrx_word' id='word_1_539' title='bbox 1179 1126 1334 1160; x_wconf 79' lang='lat' dir='ltr'>Palatium</span> <span class='ocrx_word' id='word_1_540' title='bbox 1354 1125 1466 1159; x_wconf 69' lang='lat' dir='ltr'>dicitur</span> <span class='ocrx_word' id='word_1_541' title='bbox 1487 1148 1499 1165; x_wconf 89' lang='lat'><strong>,</strong></span> <span class='ocrx_word' id='word_1_542' title='bbox 1525 1135 1623 1157; x_wconf 82' lang='lat' dir='ltr'>omnes</span> <span class='ocrx_word' id='word_1_543' title='bbox 1650 1122 1762 1167; x_wconf 79' lang='lat' dir='ltr'>eisdem</span> <span class='ocrx_word' id='word_1_544' title='bbox 1772 1123 1842 1165; x_wconf 77' lang='lat' dir='ltr'>frui</span> <span class='ocrx_word' id='word_1_545' title='bbox 1858 1126 2038 1167; x_wconf 72' lang='lat' dir='ltr'>Judicantur</span> <span class='ocrx_word' id='word_1_546' title='bbox 2051 1152 2059 1159; x_wconf 85' lang='lat'><strong>.</strong></span> 
     </span>
     <span class='ocr_line' id='line_1_80' title="bbox 1179 1172 2063 1218; baseline 0 -9"><span class='ocrx_word' id='word_1_547' title='bbox 1179 1180 1266 1209; x_wconf 83' lang='lat' dir='ltr'>Nam</span> <span class='ocrx_word' id='word_1_548' title='bbox 1288 1174 1340 1218; x_wconf 58' lang='lat' dir='ltr'>edi</span> <span class='ocrx_word' id='word_1_549' title='bbox 1347 1174 1422 1208; x_wconf 64' lang='lat' dir='ltr'>anibi</span> <span class='ocrx_word' id='word_1_550' title='bbox 1436 1172 1475 1217; x_wconf 82' lang='lat' dir='ltr'>fit</span> <span class='ocrx_word' id='word_1_551' title='bbox 1494 1173 1732 1217; x_wconf 56' lang='lat' dir='ltr'>&amp;Pru-fidus,</span> <span class='ocrx_word' id='word_1_552' title='bbox 1757 1175 1903 1209; x_wconf 67' lang='lat' dir='ltr'>&amp;omnes</span> <span class='ocrx_word' id='word_1_553' title='bbox 1923 1180 1976 1217; x_wconf 75' lang='lat' dir='ltr'>qui</span> <span class='ocrx_word' id='word_1_554' title='bbox 1985 1181 2063 1209; x_wconf 83' lang='lat' dir='ltr'>circa</span> 
     </span>
     <span class='ocr_line' id='line_1_81' title="bbox 1179 1223 2064 1270; baseline -0.001 -9"><span class='ocrx_word' id='word_1_555' title='bbox 1179 1231 1392 1269; x_wconf 79' lang='lat' dir='ltr'>Imperatorem</span> <span class='ocrx_word' id='word_1_556' title='bbox 1403 1223 1564 1270; x_wconf 82' lang='lat' dir='ltr'>versantur</span> <span class='ocrx_word' id='word_1_557' title='bbox 1576 1249 1588 1266; x_wconf 91' lang='lat'>,</span> <span class='ocrx_word' id='word_1_558' title='bbox 1614 1234 1718 1261; x_wconf 85' lang='lat' dir='ltr'>tamen</span> <span class='ocrx_word' id='word_1_559' title='bbox 1727 1228 1818 1260; x_wconf 70' lang='lat' dir='ltr'>etiam</span> <span class='ocrx_word' id='word_1_560' title='bbox 1831 1225 1981 1265; x_wconf 66' lang='lat' dir='ltr'>tenuiffims</span> <span class='ocrx_word' id='word_1_561' title='bbox 1991 1249 2004 1266; x_wconf 86' lang='lat'><strong>,</strong></span> <span class='ocrx_word' id='word_1_562' title='bbox 2029 1227 2064 1260; x_wconf 65' lang='lat' dir='ltr'>cs</span> 
     </span>
     <span class='ocr_line' id='line_1_82' title="bbox 1178 1273 2064 1321; baseline 0.001 -12"><span class='ocrx_word' id='word_1_563' title='bbox 1178 1278 1332 1321; x_wconf 79' lang='lat' dir='ltr'>quilocum</span> <span class='ocrx_word' id='word_1_564' title='bbox 1354 1277 1388 1310; x_wconf 60' lang='grc' dir='ltr'>Θ</span> <span class='ocrx_word' id='word_1_565' title='bbox 1401 1280 1481 1310; x_wconf 78' lang='lat' dir='ltr'>vices</span> <span class='ocrx_word' id='word_1_566' title='bbox 1493 1273 1624 1319; x_wconf 82' lang='lat' dir='ltr'>subeunt</span> <span class='ocrx_word' id='word_1_567' title='bbox 1634 1287 1754 1318; x_wconf 86' lang='lat' dir='ltr'>eorum,</span> <span class='ocrx_word' id='word_1_568' title='bbox 1781 1280 1833 1319; x_wconf 75' lang='lat' dir='ltr'>qul</span> <span class='ocrx_word' id='word_1_569' title='bbox 1854 1276 1994 1310; x_wconf 76' lang='lat' dir='ltr'>dicuntur</span> <span class='ocrx_word' id='word_1_570' title='bbox 2005 1278 2064 1310; x_wconf 85' lang='lat' dir='ltr'>De·</span> 
     </span>
     <span class='ocr_line' id='line_1_83' title="bbox 1178 1324 2064 1368; baseline -0.002 -7"><span class='ocrx_word' id='word_1_571' title='bbox 1178 1332 1267 1366; x_wconf 77' lang='lat' dir='ltr'>canl,</span> <span class='ocrx_word' id='word_1_572' title='bbox 1291 1331 1370 1360; x_wconf 79' lang='lat' dir='ltr'>inser</span> <span class='ocrx_word' id='word_1_573' title='bbox 1382 1327 1541 1361; x_wconf 77' lang='lat' dir='ltr'>Palannos</span> <span class='ocrx_word' id='word_1_574' title='bbox 1559 1324 1651 1368; x_wconf 87' lang='lat' dir='ltr'>sunt,</span> <span class='ocrx_word' id='word_1_575' title='bbox 1677 1337 1745 1360; x_wconf 86' lang='lat' dir='ltr'>cum</span> <span class='ocrx_word' id='word_1_576' title='bbox 1766 1334 1868 1359; x_wconf 78' lang='lat' dir='ltr'>tamen</span> <span class='ocrx_word' id='word_1_577' title='bbox 1883 1325 1922 1368; x_wconf 78' lang='lat' dir='ltr'>fit</span> <span class='ocrx_word' id='word_1_578' title='bbox 1944 1333 2064 1359; x_wconf 80' lang='lat' dir='ltr'>tantum</span> 
     </span>
     <span class='ocr_line' id='line_1_84' title="bbox 1179 1375 2064 1421; baseline -0.003 -9"><span class='ocrx_word' id='word_1_579' title='bbox 1179 1376 1337 1421; x_wconf 70' lang='lat' dir='ltr'>discrinoen</span> <span class='ocrx_word' id='word_1_580' title='bbox 1367 1381 1448 1411; x_wconf 82' lang='lat' dir='ltr'>inter</span> <span class='ocrx_word' id='word_1_581' title='bbox 1475 1375 1655 1418; x_wconf 59' lang='lat' dir='ltr'>Praefecqum</span> <span class='ocrx_word' id='word_1_582' title='bbox 1680 1378 1716 1413; x_wconf 60' lang='grc' dir='ltr'>(ν</span> <span class='ocrx_word' id='word_1_583' title='bbox 1736 1380 1889 1411; x_wconf 86' lang='lat' dir='ltr'>Decanum</span> <span class='ocrx_word' id='word_1_584' title='bbox 1909 1402 1917 1410; x_wconf 86' lang='lat'><strong>.</strong></span> <span class='ocrx_word' id='word_1_585' title='bbox 1947 1375 2064 1410; x_wconf 85' lang='lat' dir='ltr'>Palam</span> 
     </span>
     <span class='ocr_line' id='line_1_85' title="bbox 1179 1425 2064 1474; baseline -0.001 -13"><span class='ocrx_word' id='word_1_586' title='bbox 1179 1427 1249 1472; x_wconf 89' lang='lat' dir='ltr'>agit</span> <span class='ocrx_word' id='word_1_587' title='bbox 1272 1427 1313 1462; x_wconf 90' lang='lat' dir='ltr'>de</span> <span class='ocrx_word' id='word_1_588' title='bbox 1334 1426 1481 1464; x_wconf 87' lang='lat' dir='ltr'>Decanis</span> <span class='ocrx_word' id='word_1_589' title='bbox 1501 1426 1662 1462; x_wconf 79' lang='lat' dir='ltr'>Palatinis</span> <span class='ocrx_word' id='word_1_590' title='bbox 1681 1453 1689 1462; x_wconf 89' lang='lat'><strong>.</strong></span> <span class='ocrx_word' id='word_1_591' title='bbox 1730 1428 1858 1463; x_wconf 89' lang='lat' dir='ltr'>Eorum</span> <span class='ocrx_word' id='word_1_592' title='bbox 1878 1426 1898 1460; x_wconf 70' lang='lat' dir='ltr'>a</span> <span class='ocrx_word' id='word_1_593' title='bbox 1918 1425 2064 1474; x_wconf 82' lang='lat' dir='ltr'>Praetotii</span> 
     </span>
     <span class='ocr_line' id='line_1_86' title="bbox 1179 1475 2063 1522; baseline -0.002 -10"><span class='ocrx_word' id='word_1_594' title='bbox 1179 1477 1335 1512; x_wconf 63' lang='lat' dir='ltr'>Praefecto</span> <span class='ocrx_word' id='word_1_595' title='bbox 1345 1477 1517 1512; x_wconf 84' lang='lat' dir='ltr'>discrimen</span> <span class='ocrx_word' id='word_1_596' title='bbox 1528 1478 1668 1513; x_wconf 87' lang='lat' dir='ltr'>affirmat</span> <span class='ocrx_word' id='word_1_597' title='bbox 1690 1475 1781 1514; x_wconf 88' lang='lat' dir='ltr'>hunc</span> <span class='ocrx_word' id='word_1_598' title='bbox 1793 1477 1936 1522; x_wconf 88' lang='lat' dir='ltr'>primum</span> <span class='ocrx_word' id='word_1_599' title='bbox 1950 1501 1961 1517; x_wconf 94' lang='lat'>,</span> <span class='ocrx_word' id='word_1_600' title='bbox 1987 1475 2063 1510; x_wconf 83' lang='lat' dir='ltr'>illos</span> 
     </span>
     <span class='ocr_line' id='line_1_87' title="bbox 1179 1526 2067 1572; baseline -0.005 -9"><span class='ocrx_word' id='word_1_601' title='bbox 1179 1528 1274 1563; x_wconf 76' lang='lat' dir='ltr'>fuisse</span> <span class='ocrx_word' id='word_1_602' title='bbox 1294 1528 1380 1561; x_wconf 90' lang='lat' dir='ltr'>inter</span> <span class='ocrx_word' id='word_1_603' title='bbox 1396 1536 1561 1562; x_wconf 87' lang='lat' dir='ltr'>extremos</span> <span class='ocrx_word' id='word_1_604' title='bbox 1574 1527 1713 1562; x_wconf 87' lang='lat' dir='ltr'>Palatii.</span> <span class='ocrx_word' id='word_1_605' title='bbox 1742 1527 1890 1572; x_wconf 82' lang='lat' dir='ltr'>Ipsorum</span> <span class='ocrx_word' id='word_1_606' title='bbox 1916 1526 2067 1561; x_wconf 88' lang='lat' dir='ltr'>officium</span> 
     </span>
     <span class='ocr_line' id='line_1_88' title="bbox 1178 1575 2067 1620; baseline -0.003 -9"><span class='ocrx_word' id='word_1_607' title='bbox 1178 1578 1318 1620; x_wconf 82' lang='lat' dir='ltr'>exponit</span> <span class='ocrx_word' id='word_1_608' title='bbox 1342 1577 1377 1611; x_wconf 87' lang='lat' dir='ltr'>in</span> <span class='ocrx_word' id='word_1_609' title='bbox 1399 1577 1517 1611; x_wconf 84' lang='lat' dir='ltr'>litteris</span> <span class='ocrx_word' id='word_1_610' title='bbox 1538 1577 1581 1612; x_wconf 87' lang='lat' dir='ltr'>ad</span> <span class='ocrx_word' id='word_1_611' title='bbox 1601 1579 1756 1613; x_wconf 88' lang='lat' dir='ltr'>Sororem</span> <span class='ocrx_word' id='word_1_612' title='bbox 1781 1579 1874 1610; x_wconf 87' lang='lat' dir='ltr'>suam</span> <span class='ocrx_word' id='word_1_613' title='bbox 1894 1575 2067 1610; x_wconf 82' lang='lat' dir='ltr'>Marcelli·-</span> 
     </span>
    </p>
   </div>
   <div class='ocr_carea' id='block_1_11' title="bbox 1177 1625 2248 1673">
    <p class='ocr_par' dir='ltr' id='par_1_13' title="bbox 1177 1625 2248 1673">
     <span class='ocr_line' id='line_1_89' title="bbox 1177 1625 2248 1673; baseline -0.002 -12"><span class='ocrx_word' id='word_1_614' title='bbox 1177 1638 1254 1661; x_wconf 89' lang='lat' dir='ltr'>nam</span> <span class='ocrx_word' id='word_1_615' title='bbox 1268 1626 1402 1661; x_wconf 63' lang='lat' dir='ltr'>Sanetus</span> <span class='ocrx_word' id='word_1_616' title='bbox 1416 1625 1628 1661; x_wconf 84' lang='lat' dir='ltr'>Ambrosius:</span> <span class='ocrx_word' id='word_1_617' title='bbox 1654 1630 1763 1660; x_wconf 75' lang='lat' dir='ltr'>Etiam</span> <span class='ocrx_word' id='word_1_618' title='bbox 1776 1625 1946 1667; x_wconf 68' lang='lat' dir='ltr'>Praefellus</span> <span class='ocrx_word' id='word_1_619' title='bbox 1958 1630 2046 1659; x_wconf 74' lang='lat' dir='ltr'>venit</span> <span class='ocrx_word' id='word_1_620' title='bbox 2056 1649 2069 1666; x_wconf 89' lang='lat'><strong>,</strong></span> <span class='ocrx_word' id='word_1_621' title='bbox 2089 1631 2177 1673; x_wconf 73' lang='lat' dir='ltr'>Epist.</span> <span class='ocrx_word' id='word_1_622' title='bbox 2202 1642 2212 1663; x_wconf 85' lang='lat'>1</span> <span class='ocrx_word' id='word_1_623' title='bbox 2219 1633 2248 1669; x_wconf 67' lang='lat'>3:</span> 
     </span>
    </p>
   </div>
   <div class='ocr_carea' id='block_1_12' title="bbox 1173 1676 2073 3368">
    <p class='ocr_par' dir='ltr' id='par_1_14' title="bbox 1173 1676 2073 3368">
     <span class='ocr_line' id='line_1_90' title="bbox 1177 1676 2071 1721; baseline 0 -11"><span class='ocrx_word' id='word_1_624' title='bbox 1177 1679 1211 1711; x_wconf 63' lang='grc' dir='ltr'>(τ</span> <span class='ocrx_word' id='word_1_625' title='bbox 1224 1684 1312 1719; x_wconf 81' lang='lat' dir='ltr'>coepit</span> <span class='ocrx_word' id='word_1_626' title='bbox 1320 1676 1447 1721; x_wconf 84' lang='lat' dir='ltr'>suadere</span> <span class='ocrx_word' id='word_1_627' title='bbox 1468 1685 1501 1711; x_wconf 86' lang='lat' dir='ltr'>ut</span> <span class='ocrx_word' id='word_1_628' title='bbox 1514 1676 1642 1718; x_wconf 77' lang='lat' dir='ltr'>Basilica</span> <span class='ocrx_word' id='word_1_629' title='bbox 1655 1678 1841 1710; x_wconf 76' lang='lat' dir='ltr'>cederemus.</span> <span class='ocrx_word' id='word_1_630' title='bbox 1872 1677 2003 1717; x_wconf 81' lang='lat' dir='ltr'>Populus</span> <span class='ocrx_word' id='word_1_631' title='bbox 2025 1687 2071 1710; x_wconf 83' lang='lat' dir='ltr'>re·</span> 
     </span>
     <span class='ocr_line' id='line_1_91' title="bbox 1177 1725 2069 1767; baseline -0.003 -4"><span class='ocrx_word' id='word_1_632' title='bbox 1177 1729 1323 1763; x_wconf 69' lang='lat' dir='ltr'>clamavit</span> <span class='ocrx_word' id='word_1_633' title='bbox 1335 1753 1342 1760; x_wconf 85' lang='lat'><strong><em>.</em></strong></span> <span class='ocrx_word' id='word_1_634' title='bbox 1366 1727 1410 1760; x_wconf 91' lang='lat' dir='ltr'>Et</span> <span class='ocrx_word' id='word_1_635' title='bbox 1426 1726 1535 1760; x_wconf 87' lang='lat' dir='ltr'>statim</span> <span class='ocrx_word' id='word_1_636' title='bbox 1551 1726 1652 1761; x_wconf 87' lang='lat' dir='ltr'>infra:</span> <span class='ocrx_word' id='word_1_637' title='bbox 1685 1727 1751 1760; x_wconf 71' lang='lat' dir='ltr'>Illic</span> <span class='ocrx_word' id='word_1_638' title='bbox 1763 1725 1982 1767; x_wconf 72' lang='lat' dir='ltr'>nuntiatumest</span> <span class='ocrx_word' id='word_1_639' title='bbox 1995 1725 2069 1760; x_wconf 71' lang='lat' dir='ltr'>mibi</span> 
     </span>
     <span class='ocr_line' id='line_1_92' title="bbox 1179 1776 2071 1820; baseline -0.001 -8"><span class='ocrx_word' id='word_1_640' title='bbox 1179 1780 1322 1820; x_wconf 62' lang='lat' dir='ltr'>comperta</span> <span class='ocrx_word' id='word_1_641' title='bbox 1332 1801 1344 1818; x_wconf 93' lang='lat'>,</span> <span class='ocrx_word' id='word_1_642' title='bbox 1371 1778 1452 1819; x_wconf 85' lang='lat' dir='ltr'>quod</span> <span class='ocrx_word' id='word_1_643' title='bbox 1460 1778 1504 1811; x_wconf 82' lang='lat' dir='ltr'>ad</span> <span class='ocrx_word' id='word_1_644' title='bbox 1514 1776 1673 1818; x_wconf 74' lang='lat' dir='ltr'>Basilicam</span> <span class='ocrx_word' id='word_1_645' title='bbox 1684 1779 1723 1811; x_wconf 85' lang='lat' dir='ltr'>de</span> <span class='ocrx_word' id='word_1_646' title='bbox 1735 1778 1859 1811; x_wconf 78' lang='lat' dir='ltr'>Palatio</span> <span class='ocrx_word' id='word_1_647' title='bbox 1870 1780 2005 1810; x_wconf 82' lang='lat' dir='ltr'>Decanos</span> <span class='ocrx_word' id='word_1_648' title='bbox 2015 1782 2071 1811; x_wconf 76' lang='lat' dir='ltr'>mi-</span> 
     </span>
     <span class='ocr_line' id='line_1_93' title="bbox 1173 1825 2068 1870; baseline 0.002 -10"><span class='ocrx_word' id='word_1_649' title='bbox 1173 1827 1271 1870; x_wconf 85' lang='lat' dir='ltr'>fiffent</span> <span class='ocrx_word' id='word_1_650' title='bbox 1296 1851 1308 1867; x_wconf 91' lang='lat'>‚</span> <span class='ocrx_word' id='word_1_651' title='bbox 1333 1836 1365 1861; x_wconf 83' lang='lat' dir='ltr'>ut</span> <span class='ocrx_word' id='word_1_652' title='bbox 1392 1828 1463 1859; x_wconf 82' lang='lat' dir='ltr'>vela</span> <span class='ocrx_word' id='word_1_653' title='bbox 1485 1825 1702 1869; x_wconf 72' lang='lat' dir='ltr'>suspenderent</span> <span class='ocrx_word' id='word_1_654' title='bbox 1722 1851 1734 1868; x_wconf 92' lang='lat'><strong><em>,</em></strong></span> <span class='ocrx_word' id='word_1_655' title='bbox 1761 1828 1871 1869; x_wconf 64' lang='lat' dir='ltr'>Populi</span> <span class='ocrx_word' id='word_1_656' title='bbox 1886 1835 2010 1869; x_wconf 78' lang='lat' dir='ltr'>partem</span> <span class='ocrx_word' id='word_1_657' title='bbox 2035 1830 2068 1862; x_wconf 71' lang='grc' dir='ltr'>εδ</span> 
     </span>
     <span class='ocr_line' id='line_1_94' title="bbox 1177 1875 2070 1922; baseline 0.002 -12"><span class='ocrx_word' id='word_1_658' title='bbox 1177 1886 1316 1920; x_wconf 77' lang='lat' dir='ltr'>pergere.</span> <span class='ocrx_word' id='word_1_659' title='bbox 1344 1875 1452 1916; x_wconf 88' lang='lat' dir='ltr'>Vela,</span> <span class='ocrx_word' id='word_1_660' title='bbox 1482 1877 1596 1920; x_wconf 90' lang='lat' dir='ltr'>utique</span> <span class='ocrx_word' id='word_1_661' title='bbox 1617 1876 1932 1922; x_wconf 87' lang='lat' dir='ltr'>Regiisinsignibus</span> <span class='ocrx_word' id='word_1_662' title='bbox 1952 1887 2070 1912; x_wconf 85' lang='lat' dir='ltr'>ornata</span> 
     </span>
     <span class='ocr_line' id='line_1_95' title="bbox 1182 1925 2067 1971; baseline -0.001 -10"><span class='ocrx_word' id='word_1_663' title='bbox 1182 1939 1220 1962; x_wconf 87' lang='lat' dir='ltr'>ac</span> <span class='ocrx_word' id='word_1_664' title='bbox 1231 1937 1353 1961; x_wconf 80' lang='lat' dir='ltr'>armata</span> <span class='ocrx_word' id='word_1_665' title='bbox 1365 1950 1377 1968; x_wconf 88' lang='lat'>,</span> <span class='ocrx_word' id='word_1_666' title='bbox 1403 1926 1443 1960; x_wconf 91' lang='lat' dir='ltr'>ad</span> <span class='ocrx_word' id='word_1_667' title='bbox 1455 1926 1598 1969; x_wconf 84' lang='lat' dir='ltr'>aliquam</span> <span class='ocrx_word' id='word_1_668' title='bbox 1611 1925 1750 1961; x_wconf 86' lang='lat' dir='ltr'>domum</span> <span class='ocrx_word' id='word_1_669' title='bbox 1770 1938 1827 1962; x_wconf 88' lang='lat' dir='ltr'>aut</span> <span class='ocrx_word' id='word_1_670' title='bbox 1839 1927 2067 1971; x_wconf 79' lang='lat' dir='ltr'>posseffionem</span> 
     </span>
     <span class='ocr_line' id='line_1_96' title="bbox 1179 1976 2072 2020; baseline -0.001 -9"><span class='ocrx_word' id='word_1_671' title='bbox 1179 1977 1327 2020; x_wconf 86' lang='lat' dir='ltr'>suspendi</span> <span class='ocrx_word' id='word_1_672' title='bbox 1341 2000 1351 2016; x_wconf 95' lang='lat'>‚</span> <span class='ocrx_word' id='word_1_673' title='bbox 1377 1976 1559 2020; x_wconf 83' lang='lat' dir='ltr'>eratipsam</span> <span class='ocrx_word' id='word_1_674' title='bbox 1568 1976 1716 2011; x_wconf 83' lang='lat' dir='ltr'>arrestari</span> <span class='ocrx_word' id='word_1_675' title='bbox 1731 2000 1742 2017; x_wconf 91' lang='lat'>,</span> <span class='ocrx_word' id='word_1_676' title='bbox 1766 1977 1869 2009; x_wconf 86' lang='lat' dir='ltr'>autin</span> <span class='ocrx_word' id='word_1_677' title='bbox 1881 1977 2072 2019; x_wconf 77' lang='lat' dir='ltr'>ipsam-mit-</span> 
     </span>
     <span class='ocr_line' id='line_1_97' title="bbox 1180 2024 2073 2070; baseline 0.001 -11"><span class='ocrx_word' id='word_1_678' title='bbox 1180 2027 1206 2060; x_wconf 86' lang='lat' dir='ltr'>ti</span> <span class='ocrx_word' id='word_1_679' title='bbox 1218 2027 1360 2070; x_wconf 82' lang='lat' dir='ltr'>Regiam</span> <span class='ocrx_word' id='word_1_680' title='bbox 1372 2037 1508 2060; x_wconf 85' lang='lat' dir='ltr'>manum</span> <span class='ocrx_word' id='word_1_681' title='bbox 1522 2050 1529 2058; x_wconf 90' lang='lat'><strong>.</strong></span> <span class='ocrx_word' id='word_1_682' title='bbox 1557 2027 1615 2061; x_wconf 89' lang='lat' dir='ltr'>Est</span> <span class='ocrx_word' id='word_1_683' title='bbox 1636 2025 1780 2061; x_wconf 81' lang='lat' dir='ltr'>vetustus</span> <span class='ocrx_word' id='word_1_684' title='bbox 1797 2024 1897 2059; x_wconf 85' lang='lat' dir='ltr'>Ritus</span> <span class='ocrx_word' id='word_1_685' title='bbox 1921 2025 2073 2060; x_wconf 75' lang='lat' dir='ltr'>Romani</span> 
     </span>
     <span class='ocr_line' id='line_1_98' title="bbox 1180 2073 2072 2118; baseline 0.004 -11"><span class='ocrx_word' id='word_1_686' title='bbox 1180 2075 1331 2118; x_wconf 87' lang='lat' dir='ltr'>Imperii.</span> <span class='ocrx_word' id='word_1_687' title='bbox 1359 2073 1502 2108; x_wconf 70' lang='lat' dir='ltr'>Proinde</span> <span class='ocrx_word' id='word_1_688' title='bbox 1524 2076 1660 2109; x_wconf 69' lang='lat' dir='ltr'>Sand&#39;tus</span> <span class='ocrx_word' id='word_1_689' title='bbox 1682 2075 1878 2109; x_wconf 87' lang='lat' dir='ltr'>Ambrosius</span> <span class='ocrx_word' id='word_1_690' title='bbox 1907 2075 2072 2117; x_wconf 80' lang='lat' dir='ltr'>affirmat,</span> 
     </span>
     <span class='ocr_line' id='line_1_99' title="bbox 1181 2123 2071 2169; baseline 0.001 -10"><span class='ocrx_word' id='word_1_691' title='bbox 1181 2124 1271 2169; x_wconf 91' lang='lat' dir='ltr'>quod</span> <span class='ocrx_word' id='word_1_692' title='bbox 1291 2123 1400 2161; x_wconf 83' lang='lat' dir='ltr'>Italici</span> <span class='ocrx_word' id='word_1_693' title='bbox 1417 2123 1566 2159; x_wconf 59' lang='lat' dir='ltr'>Praetorii&gt;</span> <span class='ocrx_word' id='word_1_694' title='bbox 1586 2124 1757 2160; x_wconf 61' lang='lat' dir='ltr'>Praefectus</span> <span class='ocrx_word' id='word_1_695' title='bbox 1777 2126 1818 2160; x_wconf 88' lang='lat' dir='ltr'>ad</span> <span class='ocrx_word' id='word_1_696' title='bbox 1841 2126 1936 2160; x_wconf 88' lang='lat' dir='ltr'>suum</span> <span class='ocrx_word' id='word_1_697' title='bbox 1957 2126 2071 2161; x_wconf 87' lang='lat' dir='ltr'>detra-</span> 
     </span>
     <span class='ocr_line' id='line_1_100' title="bbox 1180 2174 2071 2214; baseline 0.002 -5"><span class='ocrx_word' id='word_1_698' title='bbox 1180 2174 1290 2209; x_wconf 80' lang='lat' dir='ltr'>denda</span> <span class='ocrx_word' id='word_1_699' title='bbox 1313 2174 1448 2208; x_wconf 80' lang='lat' dir='ltr'>Basilica</span> <span class='ocrx_word' id='word_1_700' title='bbox 1469 2174 1672 2209; x_wconf 85' lang='lat' dir='ltr'>Mandatum</span> <span class='ocrx_word' id='word_1_701' title='bbox 1694 2198 1706 2214; x_wconf 88' lang='lat'>‚</span> <span class='ocrx_word' id='word_1_702' title='bbox 1734 2175 1790 2208; x_wconf 86' lang='lat' dir='ltr'>cui</span> <span class='ocrx_word' id='word_1_703' title='bbox 1810 2175 2071 2211; x_wconf 83' lang='lat' dir='ltr'>Mediolanensis</span> 
     </span>
     <span class='ocr_line' id='line_1_101' title="bbox 1182 2221 2070 2265; baseline 0.005 -10"><span class='ocrx_word' id='word_1_704' title='bbox 1182 2223 1329 2265; x_wconf 89' lang='lat' dir='ltr'>Populus</span> <span class='ocrx_word' id='word_1_705' title='bbox 1338 2221 1562 2256; x_wconf 79' lang='lat' dir='ltr'>recalcitrabat</span> <span class='ocrx_word' id='word_1_706' title='bbox 1576 2246 1587 2262; x_wconf 92' lang='lat'>,</span> <span class='ocrx_word' id='word_1_707' title='bbox 1613 2223 1842 2265; x_wconf 84' lang='lat' dir='ltr'>exequendum</span> <span class='ocrx_word' id='word_1_708' title='bbox 1853 2247 1866 2263; x_wconf 90' lang='lat'><strong><em>,</em></strong></span> <span class='ocrx_word' id='word_1_709' title='bbox 1890 2224 1924 2257; x_wconf 78' lang='grc' dir='ltr'>ἀ</span> <span class='ocrx_word' id='word_1_710' title='bbox 1934 2225 1975 2258; x_wconf 86' lang='lat' dir='ltr'>ad</span> <span class='ocrx_word' id='word_1_711' title='bbox 1986 2236 2070 2260; x_wconf 74' lang='lat' dir='ltr'>arre-</span> 
     </span>
     <span class='ocr_line' id='line_1_102' title="bbox 1183 2269 2070 2315; baseline 0.006 -11"><span class='ocrx_word' id='word_1_712' title='bbox 1183 2271 1334 2304; x_wconf 80' lang='lat' dir='ltr'>standum</span> <span class='ocrx_word' id='word_1_713' title='bbox 1346 2281 1406 2313; x_wconf 88' lang='lat' dir='ltr'>pro</span> <span class='ocrx_word' id='word_1_714' title='bbox 1434 2269 1504 2313; x_wconf 86' lang='lat' dir='ltr'>ipso</span> <span class='ocrx_word' id='word_1_715' title='bbox 1515 2271 1713 2314; x_wconf 87' lang='lat' dir='ltr'>Imperatore</span> <span class='ocrx_word' id='word_1_716' title='bbox 1729 2272 1896 2307; x_wconf 85' lang='lat' dir='ltr'>Basilicam</span> <span class='ocrx_word' id='word_1_717' title='bbox 1907 2299 1918 2315; x_wconf 96' lang='lat'>,</span> <span class='ocrx_word' id='word_1_718' title='bbox 1944 2275 2070 2309; x_wconf 86' lang='lat' dir='ltr'>miserit</span> 
     </span>
     <span class='ocr_line' id='line_1_103' title="bbox 1183 2319 2069 2359; baseline 0.003 -3"><span class='ocrx_word' id='word_1_719' title='bbox 1183 2320 1340 2356; x_wconf 77' lang='lat' dir='ltr'>ePalatio</span> <span class='ocrx_word' id='word_1_720' title='bbox 1355 2320 1529 2355; x_wconf 89' lang='lat' dir='ltr'>Decanos.</span> <span class='ocrx_word' id='word_1_721' title='bbox 1556 2319 1701 2357; x_wconf 71' lang='lat' dir='ltr'>Proinde</span> <span class='ocrx_word' id='word_1_722' title='bbox 1723 2323 1810 2357; x_wconf 90' lang='lat' dir='ltr'>inter</span> <span class='ocrx_word' id='word_1_723' title='bbox 1819 2335 1933 2359; x_wconf 88' lang='lat' dir='ltr'>eorum</span> <span class='ocrx_word' id='word_1_724' title='bbox 1956 2326 2069 2359; x_wconf 86' lang='lat' dir='ltr'>officia</span> 
     </span>
     <span class='ocr_line' id='line_1_104' title="bbox 1184 2371 2069 2418; baseline 0.002 -12"><span class='ocrx_word' id='word_1_725' title='bbox 1184 2379 1251 2406; x_wconf 88' lang='lat' dir='ltr'>erat</span> <span class='ocrx_word' id='word_1_726' title='bbox 1262 2371 1445 2406; x_wconf 87' lang='lat' dir='ltr'>istiusmodi</span> <span class='ocrx_word' id='word_1_727' title='bbox 1458 2371 1527 2406; x_wconf 77' lang='lat' dir='ltr'>vela</span> <span class='ocrx_word' id='word_1_728' title='bbox 1540 2372 1731 2415; x_wconf 88' lang='lat' dir='ltr'>suspendere</span> <span class='ocrx_word' id='word_1_729' title='bbox 1741 2399 1750 2414; x_wconf 95' lang='lat'>,</span> <span class='ocrx_word' id='word_1_730' title='bbox 1777 2385 1815 2408; x_wconf 90' lang='lat' dir='ltr'>ac</span> <span class='ocrx_word' id='word_1_731' title='bbox 1825 2375 1954 2418; x_wconf 85' lang='lat' dir='ltr'>explere</span> <span class='ocrx_word' id='word_1_732' title='bbox 1966 2374 2069 2409; x_wconf 89' lang='lat' dir='ltr'>istius-</span> 
     </span>
     <span class='ocr_line' id='line_1_105' title="bbox 1185 2421 2069 2467; baseline 0.006 -12"><span class='ocrx_word' id='word_1_733' title='bbox 1185 2421 1276 2456; x_wconf 92' lang='lat' dir='ltr'>modi</span> <span class='ocrx_word' id='word_1_734' title='bbox 1290 2421 1520 2456; x_wconf 84' lang='lat' dir='ltr'>executionem</span> <span class='ocrx_word' id='word_1_735' title='bbox 1531 2447 1538 2455; x_wconf 91' lang='lat'>.</span> <span class='ocrx_word' id='word_1_736' title='bbox 1561 2422 1665 2457; x_wconf 85' lang='lat' dir='ltr'>Aliud</span> <span class='ocrx_word' id='word_1_737' title='bbox 1677 2422 1818 2467; x_wconf 84' lang='lat' dir='ltr'>ipsorum</span> <span class='ocrx_word' id='word_1_738' title='bbox 1832 2426 1979 2459; x_wconf 89' lang='lat' dir='ltr'>officium</span> <span class='ocrx_word' id='word_1_739' title='bbox 1990 2425 2069 2460; x_wconf 88' lang='lat' dir='ltr'>edo-</span> 
     </span>
     <span class='ocr_line' id='line_1_106' title="bbox 1185 2471 2068 2519; baseline 0.005 -13"><span class='ocrx_word' id='word_1_740' title='bbox 1185 2471 1256 2506; x_wconf 90' lang='lat' dir='ltr'>cuit</span> <span class='ocrx_word' id='word_1_741' title='bbox 1268 2471 1302 2504; x_wconf 88' lang='lat' dir='ltr'>in</span> <span class='ocrx_word' id='word_1_742' title='bbox 1314 2471 1428 2506; x_wconf 89' lang='lat' dir='ltr'>libello</span> <span class='ocrx_word' id='word_1_743' title='bbox 1440 2471 1481 2506; x_wconf 89' lang='lat' dir='ltr'>ad</span> <span class='ocrx_word' id='word_1_744' title='bbox 1489 2471 1716 2507; x_wconf 87' lang='lat' dir='ltr'>Theodosium</span> <span class='ocrx_word' id='word_1_745' title='bbox 1730 2474 1919 2519; x_wconf 88' lang='lat' dir='ltr'>Augustum</span> <span class='ocrx_word' id='word_1_746' title='bbox 1931 2474 2068 2509; x_wconf 84' lang='lat' dir='ltr'>Basilius</span> 
     </span>
     <span class='ocr_line' id='line_1_107' title="bbox 1186 2522 2065 2568; baseline 0.002 -12"><span class='ocrx_word' id='word_1_747' title='bbox 1186 2522 1357 2556; x_wconf 89' lang='lat' dir='ltr'>Diaconus</span> <span class='ocrx_word' id='word_1_748' title='bbox 1368 2546 1380 2563; x_wconf 91' lang='lat'>‚</span> <span class='ocrx_word' id='word_1_749' title='bbox 1405 2533 1444 2556; x_wconf 87' lang='lat' dir='ltr'>ac</span> <span class='ocrx_word' id='word_1_750' title='bbox 1455 2522 1511 2555; x_wconf 89' lang='lat' dir='ltr'>alii</span> <span class='ocrx_word' id='word_1_751' title='bbox 1523 2522 1904 2568; x_wconf 82' lang='lat' dir='ltr'>Constantinopolitanae</span> <span class='ocrx_word' id='word_1_752' title='bbox 1916 2524 2065 2559; x_wconf 81' lang='lat' dir='ltr'>Ecclesiae</span> 
     </span>
     <span class='ocr_line' id='line_1_108' title="bbox 1184 2569 2064 2618; baseline 0.001 -12"><span class='ocrx_word' id='word_1_753' title='bbox 1184 2569 1489 2606; x_wconf 85' lang='lat' dir='ltr'>Archi-Mandritae.</span> <span class='ocrx_word' id='word_1_754' title='bbox 1515 2571 1668 2611; x_wconf 78' lang='lat' dir='ltr'>Nestorius</span> <span class='ocrx_word' id='word_1_755' title='bbox 1685 2575 1850 2615; x_wconf 70' lang='lat' dir='ltr'>illlcbjtaefflt</span> <span class='ocrx_word' id='word_1_756' title='bbox 1862 2587 1915 2609; x_wconf 87' lang='lat' dir='ltr'>nos</span> <span class='ocrx_word' id='word_1_757' title='bbox 1925 2579 2030 2618; x_wconf 64' lang='lat' dir='ltr'>corripi</span> <span class='ocrx_word' id='word_1_758' title='bbox 2043 2577 2064 2608; x_wconf 77' lang='grc' dir='ltr'><em>ὰ</em></span> 
     </span>
     <span class='ocr_line' id='line_1_109' title="bbox 1183 2621 2064 2669; baseline 0.002 -13"><span class='ocrx_word' id='word_1_759' title='bbox 1183 2622 1273 2656; x_wconf 77' lang='lat' dir='ltr'>turba</span> <span class='ocrx_word' id='word_1_760' title='bbox 1296 2624 1482 2655; x_wconf 82' lang='lat' dir='ltr'>Decanorum</span> <span class='ocrx_word' id='word_1_761' title='bbox 1505 2645 1516 2661; x_wconf 89' lang='lat'><em>,</em></span> <span class='ocrx_word' id='word_1_762' title='bbox 1541 2621 1575 2653; x_wconf 63' lang='lat' dir='ltr'>Ca·</span> <span class='ocrx_word' id='word_1_763' title='bbox 1594 2623 1670 2655; x_wconf 77' lang='lat' dir='ltr'>caedi</span> <span class='ocrx_word' id='word_1_764' title='bbox 1693 2648 1702 2657; x_wconf 82' lang='grc'><strong>.</strong></span> <span class='ocrx_word' id='word_1_765' title='bbox 1727 2623 1874 2669; x_wconf 85' lang='lat' dir='ltr'>Vulgata</span> <span class='ocrx_word' id='word_1_766' title='bbox 1896 2626 2064 2660; x_wconf 87' lang='lat' dir='ltr'>translatio</span> 
     </span>
     <span class='ocr_line' id='line_1_110' title="bbox 1184 2670 2062 2716; baseline 0.005 -12"><span class='ocrx_word' id='word_1_767' title='bbox 1184 2671 1299 2708; x_wconf 80' lang='lat' dir='ltr'>habet:</span> <span class='ocrx_word' id='word_1_768' title='bbox 1328 2670 1480 2711; x_wconf 80' lang='lat' dir='ltr'>Nestorius</span> <span class='ocrx_word' id='word_1_769' title='bbox 1500 2672 1594 2713; x_wconf 68' lang='lat' dir='ltr'>quam</span> <span class='ocrx_word' id='word_1_770' title='bbox 1612 2674 1746 2715; x_wconf 76' lang='lat' dir='ltr'>primum</span> <span class='ocrx_word' id='word_1_771' title='bbox 1770 2675 2001 2716; x_wconf 68' lang='lat' dir='ltr'>Decurionibus,</span> <span class='ocrx_word' id='word_1_772' title='bbox 2027 2683 2062 2708; x_wconf 75' lang='lat' dir='ltr'>ut</span> 
     </span>
     <span class='ocr_line' id='line_1_111' title="bbox 1183 2721 2061 2767; baseline 0.002 -10"><span class='ocrx_word' id='word_1_773' title='bbox 1183 2735 1236 2758; x_wconf 84' lang='lat' dir='ltr'>nos</span> <span class='ocrx_word' id='word_1_774' title='bbox 1248 2725 1268 2756; x_wconf 79' lang='lat' dir='ltr'>ci</span> <span class='ocrx_word' id='word_1_775' title='bbox 1280 2722 1367 2757; x_wconf 84' lang='lat' dir='ltr'>turba</span> <span class='ocrx_word' id='word_1_776' title='bbox 1377 2721 1515 2764; x_wconf 80' lang='lat' dir='ltr'>abreptos</span> <span class='ocrx_word' id='word_1_777' title='bbox 1532 2722 1640 2756; x_wconf 80' lang='lat' dir='ltr'>cedant</span> <span class='ocrx_word' id='word_1_778' title='bbox 1651 2747 1663 2763; x_wconf 94' lang='lat'>,</span> <span class='ocrx_word' id='word_1_779' title='bbox 1684 2721 1903 2767; x_wconf 69' lang='lat' dir='ltr'>serlb&#39;mandat</span> <span class='ocrx_word' id='word_1_780' title='bbox 1914 2749 1921 2757; x_wconf 92' lang='lat'><strong>.</strong></span> <span class='ocrx_word' id='word_1_781' title='bbox 1948 2725 2040 2759; x_wconf 71' lang='lat' dir='ltr'>Male</span> <span class='ocrx_word' id='word_1_782' title='bbox 2053 2750 2061 2758; x_wconf 92' lang='lat'><strong>.</strong></span> 
     </span>
     <span class='ocr_line' id='line_1_112' title="bbox 1185 2772 2065 2810; baseline 0 -2"><span class='ocrx_word' id='word_1_783' title='bbox 1185 2773 1319 2808; x_wconf 89' lang='lat' dir='ltr'>Etenim</span> <span class='ocrx_word' id='word_1_784' title='bbox 1331 2772 1462 2807; x_wconf 71' lang='lat' dir='ltr'>Graecus</span> <span class='ocrx_word' id='word_1_785' title='bbox 1481 2781 1589 2807; x_wconf 85' lang='lat' dir='ltr'>textus</span> <span class='ocrx_word' id='word_1_786' title='bbox 1600 2772 1715 2808; x_wconf 74' lang='lat' dir='ltr'>diserte</span> <span class='ocrx_word' id='word_1_787' title='bbox 1726 2772 1842 2810; x_wconf 87' lang='lat' dir='ltr'>habet:</span> <span class='ocrx_word' id='word_1_788' title='bbox 1874 2779 1898 2808; x_wconf 82' lang='lat' dir='ltr'><em>A</em></span> <span class='ocrx_word' id='word_1_789' title='bbox 1908 2775 1996 2808; x_wconf 80' lang='lat' dir='ltr'>turba</span> <span class='ocrx_word' id='word_1_790' title='bbox 2010 2778 2065 2808; x_wconf 86' lang='lat' dir='ltr'>De-</span> 
     </span>
     <span class='ocr_line' id='line_1_113' title="bbox 1182 2822 2063 2859; baseline 0 -1"><span class='ocrx_word' id='word_1_791' title='bbox 1182 2834 1320 2859; x_wconf 86' lang='lat' dir='ltr'>canorum</span> <span class='ocrx_word' id='word_1_792' title='bbox 1333 2849 1340 2855; x_wconf 88' lang='lat'><em>.</em></span> <span class='ocrx_word' id='word_1_793' title='bbox 1371 2822 1421 2856; x_wconf 89' lang='lat' dir='ltr'>At</span> <span class='ocrx_word' id='word_1_794' title='bbox 1442 2823 1527 2858; x_wconf 79' lang='lat' dir='ltr'>inter</span> <span class='ocrx_word' id='word_1_795' title='bbox 1547 2823 1704 2858; x_wconf 87' lang='lat' dir='ltr'>Decanos</span> <span class='ocrx_word' id='word_1_796' title='bbox 1724 2835 1762 2858; x_wconf 84' lang='lat' dir='ltr'>ac</span> <span class='ocrx_word' id='word_1_797' title='bbox 1788 2825 1992 2858; x_wconf 91' lang='lat' dir='ltr'>Decuriones</span> <span class='ocrx_word' id='word_1_798' title='bbox 2016 2824 2063 2858; x_wconf 86' lang='lat' dir='ltr'>est</span> 
     </span>
     <span class='ocr_line' id='line_1_114' title="bbox 1182 2871 2062 2919; baseline 0.001 -12"><span class='ocrx_word' id='word_1_799' title='bbox 1182 2873 1310 2919; x_wconf 87' lang='lat' dir='ltr'>largum</span> <span class='ocrx_word' id='word_1_800' title='bbox 1332 2871 1505 2907; x_wconf 86' lang='lat' dir='ltr'>discrimen</span> <span class='ocrx_word' id='word_1_801' title='bbox 1526 2873 1559 2907; x_wconf 79' lang='grc' dir='ltr'>δε</span> <span class='ocrx_word' id='word_1_802' title='bbox 1577 2874 1718 2908; x_wconf 89' lang='lat' dir='ltr'>varium.</span> <span class='ocrx_word' id='word_1_803' title='bbox 1747 2873 1951 2908; x_wconf 88' lang='lat' dir='ltr'>Decuriones</span> <span class='ocrx_word' id='word_1_804' title='bbox 1972 2873 2062 2908; x_wconf 88' lang='lat' dir='ltr'>enim</span> 
     </span>
     <span class='ocr_line' id='line_1_115' title="bbox 1182 2922 2064 2968; baseline 0.001 -11"><span class='ocrx_word' id='word_1_805' title='bbox 1182 2924 1255 2957; x_wconf 84' lang='lat' dir='ltr'>sunt</span> <span class='ocrx_word' id='word_1_806' title='bbox 1277 2922 1447 2968; x_wconf 73' lang='lat' dir='ltr'>dignitatis</span> <span class='ocrx_word' id='word_1_807' title='bbox 1463 2922 1612 2958; x_wconf 81' lang='lat' dir='ltr'>officium</span> <span class='ocrx_word' id='word_1_808' title='bbox 1634 2948 1642 2955; x_wconf 90' lang='lat'>.</span> <span class='ocrx_word' id='word_1_809' title='bbox 1681 2923 1828 2958; x_wconf 87' lang='lat' dir='ltr'>Proinde</span> <span class='ocrx_word' id='word_1_810' title='bbox 1848 2924 1889 2958; x_wconf 87' lang='lat' dir='ltr'>ad</span> <span class='ocrx_word' id='word_1_811' title='bbox 1909 2925 2064 2958; x_wconf 87' lang='lat' dir='ltr'>Decanos</span> 
     </span>
     <span class='ocr_line' id='line_1_116' title="bbox 1182 2972 2036 3018; baseline -0.004 -10"><span class='ocrx_word' id='word_1_812' title='bbox 1182 2972 1342 3018; x_wconf 68' lang='lat' dir='ltr'>sperstabat</span> <span class='ocrx_word' id='word_1_813' title='bbox 1353 2973 1452 3008; x_wconf 84' lang='lat' dir='ltr'>etiam</span> <span class='ocrx_word' id='word_1_814' title='bbox 1463 2972 1703 3018; x_wconf 82' lang='lat' dir='ltr'>apprehendere</span> <span class='ocrx_word' id='word_1_815' title='bbox 1718 2985 1790 3008; x_wconf 92' lang='lat' dir='ltr'>reos</span> <span class='ocrx_word' id='word_1_816' title='bbox 1810 2975 1843 3008; x_wconf 77' lang='grc' dir='ltr'>δε</span> <span class='ocrx_word' id='word_1_817' title='bbox 1856 2973 2018 3008; x_wconf 87' lang='lat' dir='ltr'>verberare</span> <span class='ocrx_word' id='word_1_818' title='bbox 2028 2998 2036 3005; x_wconf 90' lang='lat'><strong>.</strong></span> 
     </span>
     <span class='ocr_line' id='line_1_117' title="bbox 1230 3022 2065 3068; baseline -0.001 -10"><span class='ocrx_word' id='word_1_819' title='bbox 1230 3023 1372 3058; x_wconf 58' lang='lat' dir='ltr'>Parcus</span> <span class='ocrx_word' id='word_1_820' title='bbox 1382 3024 1491 3068; x_wconf 78' lang='lat' dir='ltr'>itaque</span> <span class='ocrx_word' id='word_1_821' title='bbox 1504 3022 1651 3066; x_wconf 73' lang='lat' dir='ltr'>Epistola.</span> <span class='ocrx_word' id='word_1_822' title='bbox 1666 3034 1726 3057; x_wconf 85' lang='lat' dir='ltr'>nos</span> <span class='ocrx_word' id='word_1_823' title='bbox 1745 3024 1842 3059; x_wconf 91' lang='lat' dir='ltr'>docet</span> <span class='ocrx_word' id='word_1_824' title='bbox 1852 3024 1945 3067; x_wconf 86' lang='lat' dir='ltr'>plura</span> <span class='ocrx_word' id='word_1_825' title='bbox 1959 3047 1966 3057; x_wconf 89' lang='lat'><strong><em>.</em></strong></span> <span class='ocrx_word' id='word_1_826' title='bbox 1993 3023 2065 3058; x_wconf 86' lang='lat' dir='ltr'>Pri-</span> 
     </span>
     <span class='ocr_line' id='line_1_118' title="bbox 1182 3072 2063 3120; baseline -0.001 -11"><span class='ocrx_word' id='word_1_827' title='bbox 1182 3073 1256 3114; x_wconf 66' lang='lat' dir='ltr'>mo,</span> <span class='ocrx_word' id='word_1_828' title='bbox 1284 3073 1374 3118; x_wconf 83' lang='lat' dir='ltr'>quod</span> <span class='ocrx_word' id='word_1_829' title='bbox 1387 3072 1720 3118; x_wconf 75' lang='lat' dir='ltr'>IoannesPatriarcha</span> <span class='ocrx_word' id='word_1_830' title='bbox 1733 3097 1744 3113; x_wconf 89' lang='lat'>‚</span> <span class='ocrx_word' id='word_1_831' title='bbox 1771 3074 1884 3109; x_wconf 86' lang='lat' dir='ltr'>videns</span> <span class='ocrx_word' id='word_1_832' title='bbox 1903 3074 2063 3120; x_wconf 84' lang='lat' dir='ltr'>quosdam</span> 
     </span>
     <span class='ocr_line' id='line_1_119' title="bbox 1181 3123 2063 3169; baseline -0.001 -11"><span class='ocrx_word' id='word_1_833' title='bbox 1181 3125 1259 3160; x_wconf 81' lang='lat' dir='ltr'>suos</span> <span class='ocrx_word' id='word_1_834' title='bbox 1267 3125 1448 3169; x_wconf 85' lang='lat' dir='ltr'>Episcopos</span> <span class='ocrx_word' id='word_1_835' title='bbox 1457 3125 1518 3158; x_wconf 79' lang='lat' dir='ltr'>effe</span> <span class='ocrx_word' id='word_1_836' title='bbox 1531 3123 1569 3157; x_wconf 84' lang='lat' dir='ltr'>in</span> <span class='ocrx_word' id='word_1_837' title='bbox 1579 3123 1667 3158; x_wconf 64' lang='lat' dir='ltr'>inita</span> <span class='ocrx_word' id='word_1_838' title='bbox 1677 3123 1765 3167; x_wconf 86' lang='lat' dir='ltr'>pacis</span> <span class='ocrx_word' id='word_1_839' title='bbox 1775 3124 1856 3159; x_wconf 88' lang='lat' dir='ltr'>odio</span> <span class='ocrx_word' id='word_1_840' title='bbox 1874 3136 1913 3160; x_wconf 91' lang='lat' dir='ltr'>ac</span> <span class='ocrx_word' id='word_1_841' title='bbox 1924 3124 2063 3160; x_wconf 85' lang='lat' dir='ltr'>lacerata</span> 
     </span>
     <span class='ocr_line' id='line_1_120' title="bbox 1181 3173 2062 3214; baseline -0.002 -5"><span class='ocrx_word' id='word_1_842' title='bbox 1181 3175 1417 3210; x_wconf 82' lang='lat' dir='ltr'>communione</span> <span class='ocrx_word' id='word_1_843' title='bbox 1437 3173 1654 3214; x_wconf 80' lang='lat' dir='ltr'>obstinatos,</span> <span class='ocrx_word' id='word_1_844' title='bbox 1677 3176 1851 3210; x_wconf 83' lang='lat' dir='ltr'>conversus</span> <span class='ocrx_word' id='word_1_845' title='bbox 1876 3176 1913 3211; x_wconf 87' lang='lat' dir='ltr'>sit</span> <span class='ocrx_word' id='word_1_846' title='bbox 1933 3175 1975 3210; x_wconf 90' lang='lat' dir='ltr'>ad</span> <span class='ocrx_word' id='word_1_847' title='bbox 1997 3174 2062 3208; x_wconf 87' lang='lat' dir='ltr'>alia</span> 
     </span>
     <span class='ocr_line' id='line_1_121' title="bbox 1182 3223 2060 3272; baseline -0.001 -13"><span class='ocrx_word' id='word_1_848' title='bbox 1182 3223 1312 3260; x_wconf 81' lang='lat' dir='ltr'>consilia</span> <span class='ocrx_word' id='word_1_849' title='bbox 1324 3239 1336 3259; x_wconf 78' lang='lat'>.-</span> <span class='ocrx_word' id='word_1_850' title='bbox 1361 3223 1466 3272; x_wconf 77' lang='lat' dir='ltr'>Quod</span> <span class='ocrx_word' id='word_1_851' title='bbox 1482 3224 1728 3259; x_wconf 74' lang='lat' dir='ltr'>Veriumruum</span> <span class='ocrx_word' id='word_1_852' title='bbox 1739 3224 1904 3261; x_wconf 88' lang='lat' dir='ltr'>Clericum</span> <span class='ocrx_word' id='word_1_853' title='bbox 1917 3250 1928 3267; x_wconf 93' lang='lat'><strong><em>,</em></strong></span> <span class='ocrx_word' id='word_1_854' title='bbox 1942 3224 1985 3260; x_wconf 85' lang='lat' dir='ltr'>ad</span> <span class='ocrx_word' id='word_1_855' title='bbox 1996 3224 2060 3258; x_wconf 87' lang='lat' dir='ltr'>Re-</span> 
     </span>
     <span class='ocr_line' id='line_1_122' title="bbox 1181 3274 2060 3319; baseline 0.003 -9"><span class='ocrx_word' id='word_1_856' title='bbox 1181 3275 1270 3319; x_wconf 79' lang='lat' dir='ltr'>giam</span> <span class='ocrx_word' id='word_1_857' title='bbox 1300 3275 1478 3310; x_wconf 84' lang='lat' dir='ltr'>Civitatem</span> <span class='ocrx_word' id='word_1_858' title='bbox 1503 3275 1627 3308; x_wconf 69' lang='lat' dir='ltr'>miserit</span> <span class='ocrx_word' id='word_1_859' title='bbox 1644 3298 1656 3315; x_wconf 92' lang='lat'>‚</span> <span class='ocrx_word' id='word_1_860' title='bbox 1692 3274 1886 3311; x_wconf 84' lang='lat' dir='ltr'>obtenturus</span> <span class='ocrx_word' id='word_1_861' title='bbox 1907 3278 2060 3313; x_wconf 72' lang='lat' dir='ltr'>Sacram,</span> 
     </span>
     <span class='ocr_line' id='line_1_123' title="bbox 1182 3323 2060 3368; baseline -0.001 -9"><span class='ocrx_word' id='word_1_862' title='bbox 1182 3335 1256 3368; x_wconf 74' lang='lat' dir='ltr'>quae</span> <span class='ocrx_word' id='word_1_863' title='bbox 1263 3325 1338 3361; x_wconf 84' lang='lat' dir='ltr'>illos</span> <span class='ocrx_word' id='word_1_864' title='bbox 1348 3325 1387 3360; x_wconf 88' lang='lat' dir='ltr'>ad</span> <span class='ocrx_word' id='word_1_865' title='bbox 1400 3325 1446 3359; x_wconf 81' lang='lat' dir='ltr'>sui</span> <span class='ocrx_word' id='word_1_866' title='bbox 1457 3323 1931 3362; x_wconf 70' lang='lat' dir='ltr'>Patriarchzcommunionem</span> <span class='ocrx_word' id='word_1_867' title='bbox 1942 3338 1979 3360; x_wconf 88' lang='lat' dir='ltr'>ac</span> <span class='ocrx_word' id='word_1_868' title='bbox 1987 3324 2060 3358; x_wconf 76' lang='lat' dir='ltr'>obe-</span> 
     </span>
    </p>
   </div>
   <div class='ocr_carea' id='block_1_13' title="bbox 1183 3371 2061 3458">
    <p class='ocr_par' dir='ltr' id='par_1_15' title="bbox 1183 3371 2061 3458">
     <span class='ocr_line' id='line_1_124' title="bbox 1183 3371 2061 3458; baseline 0 -48"><span class='ocrx_word' id='word_1_869' title='bbox 1183 3375 1340 3413; x_wconf 78' lang='lat' dir='ltr'>dientiam</span> <span class='ocrx_word' id='word_1_870' title='bbox 1351 3375 1453 3412; x_wconf 82' lang='lat' dir='ltr'>redire</span> <span class='ocrx_word' id='word_1_871' title='bbox 1461 3385 1594 3421; x_wconf 79' lang='lat' dir='ltr'>cogeret</span> <span class='ocrx_word' id='word_1_872' title='bbox 1603 3400 1615 3417; x_wconf 94' lang='lat'>,</span> <span class='ocrx_word' id='word_1_873' title='bbox 1640 3386 1696 3412; x_wconf 87' lang='lat' dir='ltr'>aut</span> <span class='ocrx_word' id='word_1_874' title='bbox 1707 3376 1828 3421; x_wconf 83' lang='lat' dir='ltr'>juberet</span> <span class='ocrx_word' id='word_1_875' title='bbox 1839 3374 1985 3458; x_wconf 61' lang='lat' dir='ltr'>expelliFa</span> <span class='ocrx_word' id='word_1_876' title='bbox 1997 3371 2061 3407; x_wconf 73' lang='lat' dir='ltr'>suis</span> 
     </span>
     <span class='ocr_line' id='line_1_125' title="bbox 1982 3433 2011 3458; baseline 0 -10"><span class='ocrx_word' id='word_1_877' title='bbox 1982 3433 2011 3458; x_wconf 68' lang='lat' dir='ltr'>c.</span> 
     </span>
    </p>
   </div>
  </div>
 </body>
</html>
