2320 3730
389 185 486 222 216

313 256 526 291 Interimam
538 253 684 303 peuinax
694 251 729 288 in
741 252 850 302 Sancti
862 252 983 296 Cyrilli
999 251 1171 293 personam
1185 274 1197 300 .’

309 306 347 345 βε
356 305 405 341 Ca
410 305 513 349 pitula
523 304 638 351 odium
649 304 711 355 suit
721 316 789 357 non
803 304 873 339 leve
880 311 1048 363 peccatum
1062 324 1070 331 .

483 625 746 682 CAPUT
782 619 990 683 LXXW.
1026 635 1189 672 ---162

301 818 475 887 =Epistola
501 816 663 888 ejusHem
678 814 850 872 Eutherii
865 816 1098 884 Tloyanensts
1110 821 1188 876 Ar?

370 887 645 958 chi-Epfiopi,
685 907 799 954 quam
815 887 974 957 firipfit
1009 887 1187 936 Helladi«)

368 957 915 1028 Thasfinst'Atfchl'ssEpl'fiopo
923 996 936 1021 ‚
973 957 1075 1021 Ιεὲἶὶς
1085 958 1186 1018 litte-

366 1034 420 1083 ris
437 1031 488 1080 ab
505 1027 761 1088 Alexandria,
803 1034 863 1076 <9⁴
874 1034 1032 1084 joannis
1045 1027 1184 1080 Archt}

363 1099 545 1168 Epfiopi
569 1099 622 1146 ad
635 1099 900 1146 Alexandrum
928 1096 1182 1179 Epfiopum3

368 1175 427 1216 ξφ
441 1168 656 1230 Alexandri
681 1168 738 1229 (td
748 1174 956 1231 joannem²

392 1352 549 1388 Uantum
561 1364 622 1388 nos
635 1353 884 1388 vulneraverunt
897 1352 1009 1387 litterae
1019 1350 1157 1386 aliorum
1167 1374 1178 1391 ,

295 1354 557 1467 Quorum
570 1403 704 1448 quidam
719 1407 836 1439 restam
859 1404 959 1438 fidem
973 1402 1178 1446 impudenter

438 1465 631 1498 expugnant
652 1479 664 1496 ,
690 1454 747 1488 alii
771 1453 847 1488 vero
868 1455 1002 1499 Dogma
1023 1465 1066 1486 ex
1092 1462 1180 1495 parte

287 1505 434 1538 maxima
445 1504 679 1547 prodiderunt,
705 1504 835 1538 tantum
853 1516 904 1538 me
924 1515 985 1537 tuae
997 1502 1180 1538 sanctitatis

290 1555 462 1590 laetificavit
478 1554 646 1598 Epistola:
674 1555 718 1588 Et
733 1555 793 1588 nifi
806 1552 890 1592 hanc
904 1566 961 1598 pro
974 1553 1178 1588 omnimedi-

288 1605 419 1639 camine
440 1602 642 1645 habuiffem‚
668 1616 740 1647 quae
760 1614 947 1648 operaretur
971 1613 1087 1643 contra
1108 1604 1179 1636 uni-

291 1655 415 1687 versam
428 1653 607 1697 pastionem
622 1678 633 1695 ‚
659 1653 768 1688 subito
780 1663 870 1688 tanta
884 1666 937 1688 me
948 1654 1076 1688 tristitia
1091 1654 1178 1687 velut

294 1704 478 1738 transitorie
489 1704 612 1738 irruens
623 1703 803 1747 peremisset
818 1727 825 1736 .
856 1704 1114 1743 Laetificaverunt
1126 1716 1180 1738 au·

290 1764 356 1791 tem
369 1765 422 1788 me
442 1755 475 1787 &
485 1753 623 1788 aliorum
640 1753 913 1789 Orthodoxorum
927 1755 1040 1789 litterae
1050 1779 1060 1795 ‚
1074 1755 1178 1790 osten·

287 1804 439 1837 dentium
452 1802 593 1848 dignum
605 1804 711 1837 zelum
734 1804 775 1837 de
785 1803 1047 1839 contradictione
1068 1805 1101 1838 δε
1113 1805 1177 1838 refi-

288 1853 406 1887 ssentia
432 1864 490 1896 pro
509 1854 646 1897 pietate.
675 1852 759 1886 Haec
781 1852 862 1886 vero
882 1853 960 1888 dico
981 1853 1177 1893 ostendens,

289 1915 389 1947 quam
400 1902 560 1938 habebam
574 1904 652 1938 Deo
670 1914 869 1947 cooperante
896 1928 907 1944 ‚
933 1905 1154 1939 intentionem
1166 1930 1176 1945 ,

289 1954 382 1995 sequi
402 1951 692 1991 festinansin'his‚
720 1965 790 1996 quae
802 1954 961 1996 proposita
983 1956 1078 1995 sunt,
1107 1966 1174 1988 non

286 2002 427 2037 errantia
441 2011 504 2035 tuae
519 2001 654 2046 vestigia
664 2002 870 2042 Sanctitatis‚·
895 2003 984 2045 cujus
996 2004 1036 2038 ad
1049 2004 1174 2038 bonum

287 2051 424 2086 nutibus
445 2063 505 2087 oro
527 2052 661 2091 servire,
688 2052 723 2084 &
746 2052 881 2091 omnia,
909 2063 976 2094 quae
1001 2053 1052 2093 pie
1072 2053 1113 2084 ab
1134 2063 1174 2083 eo

288 2101 510 2137 deliberantur
522 2110 618 2143 atque
631 2099 839 2142 judicantur,
865 2109 933 2133 rata
947 2099 1066 2133 habere
1078 2109 1176 2143 atque

286 2154 413 2187 servare
426 2176 437 2192 ,
463 2151 497 2185 &
508 2148 549 2183 ad
562 2150 712 2183 effectum
723 2172 733 2188 ,
759 2158 882 2191 quanta
894 2147 978 2182 mihi
992 2150 1036 2183 est
1053 2151 1154 2184 virtus
1166 2176 1175 2191 ,

289 2201 470 2240 adducere,
496 2199 597 2241 &per
617 2198 684 2240 ipsa
695 2208 850 2230 aeternum
871 2198 998 2231 lucrum
1010 2198 1045 2231 in
1057 2211 1177 2234 meme·

293 2252 413 2294 tipsum
426 2248 609 2293 acquirere.
634 2247 785 2280 Omnem
805 2247 1056 2282 Fraternitatem
1069 2274 1079 2289 ,
1105 2260 1177 2292 quae

290 2312 369 2340 eum
408 2311 464 2336 tua
501 2298 546 2334 est
572 2297 788 2333 Fraternitate
811 2322 824 2339 ‚
849 2296 1029 2342 plurimum
1064 2299 1177 2335 saluta,

294 2363 390 2393 mus*

485 2500 986 2558 §enoltom

387 2654 557 2690 Harsenfis
579 2650 754 2686 Helladius
785 2649 820 2684 in
841 2648 1042 2694 reprobanda
1073 2661 1151 2694 pace
1167 2675 1178 2692 ,

413 2701 609 2739 damnandis
631 2700 813 2744 Capitulis,
842 2712 880 2735 ac
898 2700 1099 2735 defendenda
1112 2700 1179 2734 Ne-

291 2755 387 2790 storii
409 2755 544 2799 persona
567 2751 736 2785 fidiffimus
755 2750 861 2785 socius
874 2775 881 2782 .
909 2750 1013 2785 Porro
1025 2750 1080 2785 hic
1097 2749 1179 2784 sede-

291 2807 361 2841 bat
373 2802 712 2839 tarpomica‘Dioecefi
724 2825 736 2842 ,
761 2800 863 2845 longe
875 2801 996 2835 distans
1009 2801 1051 2835 ab
1062 2801 1179 2836 Orien-

292 2856 352 2890 tali
367 2880 378 2895 ,
405 2855 441 2889 in
455 2865 517 2897 qua
531 2852 728 2887 tranabatur
740 2851 827 2895 pacis
851 2852 1022 2895 negotium
1034 2877 1041 2884 .
1068 2850 1181 2899 Qare

294 2906 399 2950 plures
422 2903 520 2949 hujus
542 2902 696 2947 Episcopi
721 2901 763 2936 ad
780 2900 897 2943 illum,
922 2913 1021 2946 quem
1042 2903 1179 2936 anxium

295 2957 329 2991 &
349 2955 556 2990 constantem
581 2962 744 2988 noverant
774 2975 787 2992 ,
813 2962 895 2986 mox
927 2950 1180 2987 transcribebant

294 3006 409 3042 omnia
430 3017 472 3039 ex
496 3004 655 3049 AEgypto
676 3002 841 3036 venientia
856 3026 867 3043 ,
895 3001 930 3035 &
951 3002 1036 3046 apud
1061 3001 1180 3036 Antio÷

295 3055 406 3090 chiam
420 3054 577 3094 admissa,
602 3064 700 3096 atque
721 3052 893 3087 conclusa.
920 3053 1054 3087 Horum
1076 3053 1179 3096 aliqui

297 3106 393 3149 plene
416 3104 598 3149 probabant
620 3114 754 3148 pacem.-
781 3102 868 3137 &ab
889 3102 941 3136 his
963 3103 1020 3137 ille
1041 3103 1179 3137 affirmat

298 3158 414 3189 restam
423 3155 523 3189 fidem
534 3153 740 3196 impudenter
751 3152 933 3197 expugnari
945 3178 953 3185 .
980 3152 1082 3200 Qod
1093 3163 1180 3186 nem·

303 3215 345 3247 pe
372 3205 405 3238 ὃς
425 3202 571 3239 Nestorii
600 3202 850 3237 damnationem
883 3202 1093 3237 admitterent
1110 3225 1121 3242 ‚
1147 3203 1180 3236 &

302 3255 525 3297 permitterent
543 3252 670 3287 transire
692 3253 846 3296 Capitula
870 3277 877 3284 .
904 3251 975 3286 Alii
995 3262 1105 3296 pacem
1128 3251 1178 3285 ad-

300 3303 476 3338 mittebant
503 3301 750 3346 dispensatorie,
780 3303 812 3336 &
831 3302 965 3346 quidem
985 3301 1031 3335 ita
1052 3311 1088 3335 ut
1110 3312 1178 3335 non

299 3353 470 3400 exigerent
488 3351 795 3389 anathematismum
809 3351 1055 3397 Capitulorum:
1084 3352 1127 3393 Et
1138 3352 1180 3387 ab

731 174 1069 219 VARIORUM
1106 171 1353 214 Parnon
1387 172 1711 227 EPISTOLAE,

1258 249 1310 284 his
1332 249 1511 287 Eutherius
1540 256 1647 292 scribit
1672 260 1794 305 dogma
1818 270 1863 294 ex
1881 258 2026 299 maxima
2052 254 2142 301 1⁹²¹*ssss

1259 301 1354 344 prodi
1366 325 1373 332 .
1401 300 1450 334 At
1462 301 1536 351 vert}
1546 304 1720 342 Helladius
1737 310 1913 353 damnabat
1924 310 2037 345 omnia
2050 333 2060 349 ‚
2087 320 2139 352 pa-

1244 351 1303 388 lcis
1325 361 1448 398 nomen
1471 364 1534 387 nec
1557 354 1669 402 audire
1688 357 1862 392 sustinens.
1889 360 1934 393 Et
1955 359 2004 394 hae
2025 359 2138 396 litterae

1243 401 1439 445 ¹plurimum
1473 403 1716 440 laetificaverunt
1747 406 1939 443 Eutherium
1964 435 1972 443 .
2010 410 2137 445 Neuter

1260 461 1369 487 tamen
1383 462 1464 487 tunc
1478 453 1595 502 sciebat
1610 458 1641 490 se
1657 456 1825 492 exclusum
1836 456 1854 491 a
1868 468 1962 500 pace.

1453 750 1716 811 CAPUT
1753 752 1943 813 mcxv,
1988 765 2131 812 --163

1250 941 1336 1016 Post
1371 941 1467 990 hanc
1501 942 1712 1012 Epistolam
1746 942 1827 1010 fisa
1860 946 1981 992 verba
2010 940 2137 1012 poslaeit

1468 1016 1620 1072 ,Isenaeus
1630 1051 1643 1076 ,
1676 1014 1794 1072 dicens
1820 1020 1880 1068 ita
1892 1051 1905 1070 2

1359 1202 1428 1237 AEc
1439 1204 1571 1247 quidem
1594 1203 1636 1239 de
1659 1206 1771 1241 litteris
1791 1218 1833 1242 ex
1846 1204 2002 1250 AEgypto
2013 1214 2081 1241 tam
2091 1205 2134 1242 ad

1382 1254 1673 1291 Antiochenorum
1686 1256 1854 1292 Praesulem
1866 1281 1877 1297 ,
1889 1256 1987 1301 quarn
1999 1257 2039 1291 ad
2050 1256 2138 1291 alios

1246 1300 1479 1351 Sacerdotum,
1505 1304 1561 1340 hic
1580 1308 1636 1350 qui
1657 1307 1895 1352 Thyanensem
1917 1306 2051 1351 tegebat
2071 1306 2132 1341 Ec-

1245 1352 1372 1388 clefiam
1396 1355 1536 1398 scripfit.
1565 1355 1709 1400 Joannes
1731 1357 1808 1392 vero
1822 1367 1943 1397 omne,
1970 1356 2131 1401 quidquid

1247 1413 1374 1447 poterat
1390 1430 1400 1446 ‚
1429 1415 1531 1450 agens
1545 1403 1727 1449 persistebat
1738 1433 1748 1448 ,
1774 1408 1807 1441 ἀ
1819 1404 1960 1441 scribens
1969 1415 2006 1439 ut
2015 1405 2056 1440 ad
2066 1407 2135 1440 seu·

1244 1454 1383 1488 tentiam
1413 1456 1576 1498 propriam
1597 1457 1815 1500 transduceret
1833 1455 1997 1491 universos
2019 1481 2027 1489 .
2053 1455 2134 1491 1)ωὲ

1243 1514 1312 1547 pter
1330 1504 1419 1548 quod
1440 1507 1475 1539 δε
1485 1504 1525 1538 ad
1538 1507 1673 1541 servum
1687 1509 1752 1542 Dei
1766 1505 2029 1541 Alexandrinum
2051 1517 2131 1540 mox

1243 1554 1284 1588 de
1297 1553 1347 1587 his
1361 1555 1430 1598 ipfis
1441 1555 1557 1589 similia
1570 1557 1707 1601 scripfit.
1738 1559 1782 1592 Et
1794 1557 1861 1593 haec
1872 1557 1953 1592 dum
1967 1556 2009 1591 de
2019 1555 2131 1606 priori-

1244 1604 1304 1639 bus
1316 1604 1431 1644 litteris
1452 1603 1625 1650 haefitaret‚
2063 1620 2065 1622 ·
2130 1612 2132 1614 ’

1241 1729 1330 1779 Hic
1357 1728 1478 1795 prius
1506 1728 1748 1778 notandum
1763 1727 1818 1777 de
1832 1726 2027 1796 Epistola
2039 1730 2130 1777 Eu·-

1297 1800 1441 1869 „therii
1476 1834 1489 1858 ‚
1525 1803 1631 1866 quia
1668 1801 1873 1849 Orientis
1921 1796 2136 1870 Episcopi*

1310 1887 1400 1920 non
1422 1869 1657 1920 credebant
1680 1869 1876 1919 Nestorii
1901 1869 2001 1918 illas
2022 1870 2129 1936 Epi-

1310 1941 1437 1989 stolas
1463 1943 1535 1990 vel
1548 1940 1781 1990 sententias
1796 1978 1810 2001 ,
1847 1956 1956 2006 quas
1972 1957 2025 1989 ex
2037 1943 2131 2007 ejus

1310 2013 1489 2066 nomine
1507 2010 1707 2077 Synodus
1725 2009 1940 2078 Ephefina
1949 2008 2132 2061 damna-¹

1309 2077 1414 2126 bat.
1453 2080 1586 2143 Qod
1621 2080 1754 2143 fiejus
1781 2078 1861 2126 effe
1889 2079 2127 2144 probaren-

1311 2162 1409 2208 tur,
1446 2150 1588 2214 parati
1614 2163 1739 2197 erant
1763 2152 1807 2196 ὅτ,
1830 2147 1949 2216 ἰρὶἱ,ι
1973 2153 2016 2200 δι
2042 2149 2123 2200 hu-

1311 2216 1494 2283 jusmodi
1520 2222 1611 2282 ejus
1625 2219 1804 2284 Scriptis
1815 2216 2048 2267 anathema
2058 2215 2128 2266 di·-

1315 2304 1412 2336 cere
1434 2325 1449 2349 ,
1486 2287 1596 2337 ficut
1630 2292 1674 2336 δι
1700 2285 1969 2336 Theodoreti
2013 2303 2128 2337 atte-

1312 2357 1476 2407 stantur
1511 2357 1712 2424 Epistolae
1747 2394 1760 2405 .
1807 2357 2003 2411 Demum
2049 2360 2130 2425 qui

1311 2445 1412 2478 cum
1425 2427 1633 2477 Nestorio
1666 2427 1965 2495 perstiterunt,
1990 2432 2130 2493 Joan-

1311 2516 1411 2553 nem
1448 2502 1491 2547 δε
1528 2498 1855 2553 Theodoretum
1880 2500 1995 2547 inter
2028 2495 2130 2547 fidei

1310 2567 1570 2636 proditores'
1592 2571 1636 2615 &
1660 2581 1762 2621 ante
1797 2584 1950 2633 pacem
1975 2581 2128 2620 notare

1309 2637 1560 2686 nitebantur
1575 2636 1776 2685 Ecclesiae
1792 2655 1804 2684 ι
1844 2639 1961 2704 Qa
1980 2636 2126 2687 Theo-

1309 2707 1487 2762 doretus
1513 2705 1641 2763 fidem
1667 2706 2044 2774 CyrilliEpistolae
2066 2705 2125 2757 ad

1309 2781 1524 2830 Acacium
1555 2775 1683 2827 valde
1711 2774 1918 2826 laudabat
1940 2814 1954 2838 ,
1989 2794 2127 2844 quam

1310 2851 1455 2906 cuneti
1479 2848 1547 2897 isti
1584 2853 1627 2897 &
1654 2852 1838 2901 Irenaeus
1864 2847 2125 2918 apertissime

1310 2921 1575 2973 Haereticam
1592 2918 1780 2972 scribunt
1793 2954 1806 2966 .
1843 2917 2029 2968 Constat
2040 2920 2125 2981 igi..

1279 3007 1380 3041 1tur
1402 3027 1416 3051 ,
1454 3008 1550 3057 quae
1582 2990 1634 3039 fit
1672 2987 1947 3039 Theodoreti
1989 2987 2122 3049 fides,

1307 3064 1414 3129 quia
1437 3062 1594 3110 litteris
1620 3063 1666 3109 in
1691 3058 1947 3111 melioribus
1972 3056 2125 3108 conso-

1308 3149 1415 3182 nans
1442 3130 1468 3182 ὲ
1497 3131 1782 3185 deterioribus
1807 3128 1935 3186 valde
1968 3126 2126 3184 dissent*

1312 3218 1391 3258 tit..
