2320 3730
555 188 870 243 Scuonm,
911 186 1202 233 ierotis
1239 199 1643 231 intus-raaia.

1849 190 1962 239 v121'

198 277 293 319 gtnta
307 295 318 312 ,
342 269 512 312 deft8tonis
532 268 600 312 suae
627 270 1019 316 AntefignanumJoannem
1032 274 1091 302 An·
1134 269 1276 302 =tertiam
1309 269 1343 302 &
1360 269 1511 302 ultimam
1524 268 1650 310 Synodi
1664 268 1874 306 dimissoriam
1884 273 2031 313 Sacrani,

200 323 367 360 siocbenum
376 317 557 361 Episcopum
569 320 712 354 babentes
725 346 732 352 .
761 329 877 357 Horum
888 326 1008 354 nomina
1018 318 1090 361 fiant

1133 300 1258 360 {datam
1281 319 1316 352 in
1341 318 1545 352 Novembris
1576 318 1716 352 exordio
1740 343 1746 349 .
1775 320 1932 357 Notanda
1955 322 2030 357 sunt

199 372 268 407 ,haec
290 394 298 401 .
327 369 505 404 Enumerat
531 371 731 414 singulorum
757 372 893 404 nomina
914 395 926 410 ‚
953 371 986 404 ὅ(
1007 368 1090 401 inter
1134 367 1215 409 :liaec
1230 368 1298 410 ejus
1311 368 1427 402 verba:
1456 367 1717 411 Hocfigtiificamus
1730 368 1833 405 vestrae
1855 371 2030 415 Relt'giofita.

207 421 272 464 ipsa
285 420 425 453 omnino
436 421 510 453 sunt
523 420 721 461 Helladius,
748 419 947 458 Eutherius,
974 419 1089 451 Hime-
1134 412 1171 449 (η’
1194 443 1204 459 ,
1231 420 1311 461 quod
1331 420 1470 462 quamdiu
1491 424 1651 462 vivimus,
1678 420 1845 458 orientales
1855 422 2030 460 aciyudicare

201 471 272 503 *rius
287 493 298 509 ‚
325 480 363 502 ac
385 468 594 506 Dorotheus.
628 470 671 503 Et
692 471 821 514 pergit:
850 474 892 501 Hi'
908 469 1022 501 nullam
1033 478 1090 500 om·

204 523 276 552 m‘no
288 518 491 562 Ecclefiastieae
512 525 717 554 communionis
724 519 904 561 facultatem
923 516 1065 550 habentes
1078 540 1088 555 ‚

198 577 237 602 ut
247 579 284 601 ex
307 569 487 605 authoritate
509 571 691 606 sacerdotali
701 575 834 611 cuiquam
846 578 946 600 nocere
960 569 1086 608 velpro·

204 619 280 661 desse
297 621 399 661 poffint
412 643 422 658 ,
445 627 605 661 propterea
629 621 707 662 quod
724 625 815 652 etiam
828 619 953 660 quidam
969 629 1007 650 ex
1022 615 1088 658 ipfis

199 667 259 710 sint
283 668 424 710 depofiti‚
452 681 525 711 quos
546 670 655 704 sanda
673 669 801 707 synodus
816 670 1089 704 communtDecreto

205 717 244 750 ab
254 724 333 751 omni·
357 719 550 760 Ecclefiastica
571 724 766 753 communione
788 717 898 754 alienos
909 718 961 760 effe
964 717 1088 758 statuit,

204 770 365 802 &omnem
378 771 539 803 Sacerdoti}
548 770 704 810 efficaciam
725 769 786 801 illis
813 768 944 801 ademit.
976 767 1028 800 Ex
1039 765 1089 799 his

205 819 309 863 igitur
348 819 483 864 triginta
521 818 626 861 ipsum
661 816 861 862 Ephesinum
895 817 1088 852 Concilium

204 868 364 912 quosdam
396 866 583 903 Christiana
618 867 792 902 dumtaxat
829 868 1090 906 communione,

204 917 364 962 quosdam
383 917 476 952 exuit
500 917 571 961 ipso
595 918 781 963 Episcopali
801 917 902 962 gradu
916 942 924 949 .
953 917 996 952 Et
1009 918 1090 950 iuter

205 968 327 1011 priores
349 968 490 1002 omnino
511 967 576 1002 fuit
595 968 738 1011 Joaunes
750 966 957 1002 Patriarcha.
985 967 1089 1010 Syno-

206 1017 295 1052 dalia
317 1016 401 1056 Adia
419 1018 569 1057 exstant,
594 1016 628 1052 i&
650 1019 724 1051 sunt
747 1017 872 1051 lucida.
900 1015 1091 1062 Qando&

204 1067 377 1109 quomodo
397 1067 455 1099 alii
475 1065 611 1109 judicati
634 1067 781 1107 fuerint,
807 1068 841 1102 ὅ(
864 1068 1000 1112 quinam
1015 1067 1089 1109 Epi-

204 1115 350 1158 scopali,
377 1114 509 1158 quinam
536 1115 723 1151 Christiana
751 1117 1003 1152 Communione
1026 1117 1093 1150 fue-

203 1163 270 1199 rint
291 1165 429 1208 privati,
455 1163 604 1200 distinete
630 1166 838 1212 ignoramus.
867 1167 999 1211 Nempe
1029 1166 1094 1209 Sy*

205 1214 340 1249 nodalia
363 1213 446 1249 Aeta
468 1216 633 1259 perierunt
653 1241 660 1248 .
688 1217 825 1251 Interim
855 1217 945 1259 quod
972 1216 1092 1259 praefati

205 1274 347 1308 quatuor
368 1265 490 1299 fuerint
518 1265 686 1310 degradati
700 1266 743 1300 ab
756 1265 920 1309 Ephesina
931 1264 1068 1308 Synodo
1082 1288 1092 1304 ,

203 1314 346 1358 super-ius
369 1314 535 1349 ostensum
555 1314 619 1355 est,
649 1315 683 1349 δε
704 1315 788 1350 insta
811 1314 933 1360 patebit
953 1315 1090 1349 clarius.

204 1364 290 1399 Non
311 1363 412 1408 igitur
434 1363 475 1399 ab
486 1363 548 1399 hac
566 1363 767 1400 Maximiani
779 1366 919 1410 Synodo
931 1390 938 1398 .
965 1366 1035 1409 lpsa
1048 1375 1094 1400 ta-

205 1424 285 1448 men
305 1412 484 1457 Ephesinas
506 1413 678 1449 sententias
689 1415 850 1457 firmavit,
879 1417 913 1452 ἀ
934 1415 1094 1461 singulare

205 1463 376 1498 vinculum
403 1462 545 1498 addidit.
573 1464 748 1500 Praesertim
773 1465 1024 1511 istosquatuor,
1048 1465 1095 1500 ob

205 1512 401 1558 {iugularem
426 1513 570 1557 ipsorum
600 1516 846 1558 contumaciam
878 1528 917 1551 ac
950 1516 1094 1560 petulan-

204 1562 289 1597 tiam
313 1588 319 1594 .
349 1563 442 1611 Qin
465 1563 571 1598 imm&
592 1565 698 1601 sanxit
733 1565 819 1609 ipsos
851 1567 1094 1606 extrudendos,

204 1623 246 1647 ac
269 1613 413 1656 ipsorum
440 1613 570 1648 sedibus
580 1611 707 1649 dandos
718 1612 1000 1649 &consecrandos
1011 1616 1094 1650 alios

206 1662 400 1697 Antistites.
430 1663 474 1698 Et
497 1663 587 1708 quod
605 1664 669 1709 ipse
678 1665 906 1699 Maximianus
918 1664 1095 1701 Dorotheo

205 1711 549 1750 Martiano-pontano
573 1715 788 1750 Saturninum
816 1715 925 1750 statim
951 1717 1094 1760 superor·

206 1762 352 1802 dinarit,
378 1763 529 1799 decursus
552 1765 686 1800 docebit
708 1790 715 1797 .
742 1765 852 1801 Etiam
877 1767 1006 1801 Firmus
1029 1767 1095 1800 Cae·

207 1813 357 1849 sartensis
387 1814 651 1858 superordinavit
685 1814 881 1859 Thyanensi
915 1815 1094 1849 Eutherio.

209 1862 301 1895 Idem
313 1863 378 1896 fuit
390 1873 554 1898 tentatum
568 1865 654 1908 apud
666 1864 868 1898 Tharsenses
879 1889 886 1896 .
914 1866 988 1902 Nec
1003 1863 1097 1898 dubi-

208 1911 349 1945 tandum
372 1936 383 1952 ,
408 1914 490 1957 quin
510 1915 631 1948 fastum
657 1914 696 1947 fit
722 1914 755 1948 δε
779 1913 982 1948 Nicomediae
1002 1940 1010 1947 .
1039 1914 1094 1948 Est

209 1961 302 1994 enim
330 1961 437 1996 vicina
467 1963 764 2006 Constantinopoli
788 1989 795 1996 .
822 1964 917 1998 Hinc
949 1965 984 1998 &
1011 1964 1095 2007 ipsos

211 2009 332 2045 Beatus
353 2011 521 2054 Cyrillus,
548 2012 625 2047 licet
646 2012 768 2047 Paulus
779 2012 1096 2051 Emesenusinstan-

207 2059 327 2096 tissime
347 2061 568 2105 deprecaretur
583 2086 594 2102 ‚
620 2063 755 2097 exclusit
777 2063 795 2095 a
817 2073 895 2104 pace
919 2087 927 2094 .
955 2061 1003 2097 Ita
1029 2063 1095 2105 ipse

207 2110 319 2145 scribit
345 2112 379 2144 in
393 2112 508 2146 litteris
518 2113 559 2146 ad
572 2113 746 2146 Donatum
761 2111 1037 2155 Nicopolitanum
1054 2113 1094 2145 E-

205 2160 375 2204 piscopum
387 2185 399 2202 ‚
425 2163 509 2196 acin
523 2162 637 2196 litteris
647 2162 688 2196 ad
695 2160 956 2207 Theognostum
967 2185 979 2201 ‚
992 2161 1097 2196 Char·

205 2211 407 2252 mosynum,
432 2223 471 2246 ac
494 2213 675 2246 Leontium
692 2237 702 2253 ‚
730 2213 803 2246 suos
825 2212 860 2245 in
886 2212 993 2256 Regia
1016 2212 1095 2246 urbe

209 2260 454 2303 Apocrisarios.
483 2261 616 2305 Insuper
636 2259 704 2296 haec-
722 2261 1093 2305 Constantinopolitana

208 2308 365 2352 synodus
397 2310 439 2344 de
460 2311 624 2346 damnatis
651 2310 767 2356 Ephesi
789 2311 958 2356 Episcopis
990 2323 1094 2346 novas

205 2359 393 2393 Tractorias
405 2362 578 2396 transmisi-t
591 2362 631 2396 ad
642 2362 745 2405 plures
759 2362 918 2396 Ecclesias
929 2387 936 2394 .
964 2361 1094 2405 Nempe

205 2409 246 2441 ad
269 2409 339 2442 illas
352 2433 362 2447 ,
389 2421 468 2450 quas
492 2411 694 2455 singulariter
705 2411 872 2444 metuebat
884 2411 1062 2445 turbandas
1076 2411 1094 2443 a

206 2456 427 2491 schismaticis
443 2482 448 2488 .
476 2459 569 2492 Hinc
594 2459 671 2492 licet
693 2459 733 2492 ad
746 2460 899 2492 Sanstum
912 2460 1012 2492 etiam
1027 2460 1097 2501 Cy-

207 2505 317 2540 rillum
334 2507 501 2546 retulerit,
529 2508 643 2542 retulit
664 2517 774 2542 tamen
802 2508 905 2542 solam
918 2508 1094 2541 Maximia-

206 2555 507 2591 niOrdinationem
520 2581 530 2597 ‚
558 2555 834 2602 nihiladjungens
859 2567 974 2592 contra
990 2557 1092 2592 Schis-

206 2605 360 2639 maticos.
427 2606 492 2639 uod
515 2618 632 2648 nempe
648 2606 853 2640 Alexandria:
876 2607 1005 2641 nullum
1017 2607 1093 2641 esset

205 2653 247 2688 ab
267 2655 341 2699 ipsis
363 2657 540 2698 periculum
555 2681 562 2687 .
588 2656 693 2703 Qod
717 2668 784 2690 non
811 2656 850 2690 ad
864 2656 967 2690 solam
980 2656 1092 2699 Ancy-

206 2715 317 2739 ranam
340 2705 512 2740 Ecclesiam
539 2706 747 2740 tiansmiserit
771 2706 979 2741 Trastoriam
1005 2730 1016 2747 ‚
1041 2705 1094 2742 de-

205 2755 364 2789 monstrat
377 2756 572 2790 transmissio
595 2757 635 2790 ad
651 2757 764 2791 veteris
787 2757 879 2800 Epiri
891 2756 1090 2799 Episcopos.

208 2804 264 2838 Ad
276 2815 387 2839 omnes
400 2806 531 2839 forsitan
544 2807 694 2850 scriptum
706 2807 751 2841 est
765 2807 783 2840 a
793 2804 1090 2850 paribus.Theodo—

207 2863 258 2889 tus
280 2865 414 2889 noverat
441 2856 602 2899 Ioannem
626 2856 660 2889 &
673 2856 738 2899 ejus
752 2856 893 2892 Affeclas
905 2857 1091 2890 transituros

207 2915 262 2949 per
286 2904 455 2947 Ancyram
483 2906 516 2940 δε
542 2906 729 2946 Galatiam,
753 2906 895 2951 ideoque
909 2908 1002 2940 suum
1017 2906 1091 2940 Cle-

208 2964 280 2988 rum
303 2955 336 2988 &
355 2955 522 2999 Populum
533 2956 628 2990 duxit
642 2956 853 2992 muniendos.
884 2957 926 2991 Et
937 2957 1011 2991 istas
1029 2957 1090 2991 for·

209 3004 290 3036 sitan
310 3004 431 3039 litteras
454 3006 572 3048 Ioanni
592 3007 700 3040 nullus
724 3018 776 3050 per
802 3009 887 3041 viam
902 3007 1066 3043 intimavit
1081 3032 1090 3047 ‚

211 3053 268 3085 nisi
291 3051 432 3097 Ancyrae
453 3055 586 3089 Clerus.
615 3057 707 3090 Hinc
730 3057 783 3092 ille
796 3057 1089 3102 graviffimeoffen-

212 3104 263 3136 sus
278 3103 395 3145 scripsit
416 3104 759 3150 Constantinopolim.

262 3152 353 3186 Dico
374 3152 449 3186 istas
470 3155 650 3197 Synodales
670 3157 790 3192 litteras
813 3157 932 3201 Joanni
951 3155 1091 3195 patriar,

212 3199 300 3243 chae,
326 3203 425 3246 usque
437 3203 516 3237 dum
531 3205 698 3248 Ancyram
710 3207 833 3243 veniret
847 3233 858 3248 ,
884 3209 978 3242 fuisse
995 3209 1090 3252 igno·

210 3262 280 3285 tas.
309 3252 381 3285 Nec
402 3254 492 3287 enim
516 3254 630 3298 ignota
650 3256 713 3290 fuit
733 3257 791 3291 ista
818 3258 989 3302 Synodus.
1017 3258 1090 3292 Nec

215 3303 294 3336 item
320 3302 518 3337 Maximiani
539 3302 716 3340 Ordinatio
728 3331 735 3339 .
762 3308 851 3342 Nam
868 3320 936 3342 non
952 3307 1007 3341 nisi
1019 3308 1090 3352 post

214 3351 298 3397 ipsas
311 3352 450 3394 joannes
459 3353 598 3388 discessit
620 3354 834 3395 Chalcedone
845 3381 853 3392 .
879 3359 1009 3403 Nempe
1020 3360 1088 3403 post

312 3401 503 3447 ChristLupl
512 3408 611 3447 Opera
621 3407 724 3439 T.V11

1151 479 1208 499 non
1219 469 1365 512 possumus
1379 495 1385 501 .
1412 473 1520 502 Coram
1540 474 1618 501 enim
1631 467 1715 505 nobit
1729 468 1812 501 nulla
1822 476 1956 509 exparte
1966 482 2030 502 con-

1151 517 1225 549 vic‘li'
1240 518 1334 561 sunt.
1364 521 1486 563 ‚Quippe
1508 527 1612 552 contra
1636 530 1691 552 vos
1703 518 1849 552 nonnullis
1859 520 2030 553 contendere

1148 569 1253 608 volunt
1269 594 1277 602 .
1302 566 1396 605 Sacr‘a
1417 569 1462 606 est
1483 566 1545 608 hac
1571 566 1708 611 Synodo
1731 567 1904 611 posterior.
1936 568 2032 602 Lice‘t

1149 616 1249 659 ipsam
1270 618 1387 652 diserte
1409 631 1475 653 uon
1501 618 1743 656 circumducat,
1770 627 1914 652 attamen
1926 618 2031 651 mani-

1149 665 1225 709 feste
1246 668 1410 710 improbat
1425 683 1431 702 :
1460 669 1611 702 Affirmat
1623 670 1653 702 se
1667 679 1734 702 non
1749 667 1935 702 consentire
1946 668 2031 702 fassae

1148 715 1356 750 damnationi
1382 718 1602 752 Orientalium
1615 743 1622 750 .
1650 711 1690 752 Se
1711 717 1802 752 nolle
1822 717 1909 761 ipsos
1919 714 2031 752 habeti

1150 777 1209 812 pro
1231 765 1412 809 damnatis.
1447 767 1490 799 Et
1514 768 1597 808 istud
1611 769 1750 811 Joannes
1761 765 1948 807 Patriatcha
1961 778 2033 801 om·

1128 819 1130 822 “
1151 817 1233 857 nino
1254 825 1389 859 noverat
1402 840 1409 847 .
1439 816 1490 848 Ex
1514 815 1578 849 hoc
1598 816 1762 862 Principis
1771 811 1895 861 judi'cio
1905 817 2033 852 securus

1150 865 1305 909 processit·
1321 865 1361 899 ad
1374 864 1513 909 propria.
1541 865 1672 900 Securus
1694 868 1757 902 fuit
1769 868 1811 902 de
1821 879 1890 902 non
1904 866 2036 901 mitten-

1149 916 1200 950 dis
1222 914 1401 950 Tracioriis
1423 914 1465 950 ad
1488 914 1661 951 Ecclefias.
1692 917 1736 954 Et
1748 916 1827 957 hinc
1840 917 1981 961 Ancyra:
1992 928 2038 952 re·

1152 966 1277 1010 periens
1285 965 1485 1000 contrarium
1511 964 1573 998 fuit
1596 963 1769 1002 stomacho
1780 968 1892 1001 acriter
1905 967 2014 1008 motus
2026 991 2038 1008 ‚

1150 1016 1184 1054 &
1216 1013 1274 1049 has
1295 1015 1515 1059 querimonias
1534 1013 1652 1056 scripsit
1674 1013 1716 1048 ad
1735 1012 1921 1048 Praefeetum
1943 1042 1950 1049 .
1979 1016 2038 1051 An

1152 1064 1191 1100 ad
1213 1066 1326 1111 Regiae
1345 1065 1457 1105 urbis,
1483 1075 1525 1106 an
1551 1062 1592 1098 ad
1603 1062 1785 1098 Orientalis
1803 1062 2042 1100 Praetori'iPrae·

1153 1118 1290 1158 fectum,
1318 1117 1439 1161 ignoro
1454 1139 1461 1147 .
1488 1113 1632 1148 Videtur
1652 1113 1746 1147 fuisse
1769 1111 1858 1146 idem
1883 1112 1938 1158 ille
1960 1114 2041 1153 Prae<

1154 1167 1273 1207 fectus,
1301 1167 1357 1209 qui
1383 1164 1538 1200 Nestorio
1562 1165 1653 1206 supra
1672 1163 1755 1198 misit
1770 1162 2043 1198 evectionislitte-

1155 1228 1202 1250 ras
1215 1242 1222 1249 .

1203 1265 1362 1305 Notanda
1398 1267 1473 1299 suut
1499 1263 1651 1308 Epistolae
1685 1261 1782 1298 verba
1803 1276 1815 1295 .-
1840 1262 2044 1307 Suspetifionei·

1153 1324 1256 1348 contra
1289 1327 1341 1349 nos
1362 1339 1372 1355 ,
1396 1313 1674 1360 segregationesque
1707 1313 1850 1357 miserunt
1874 1338 1880 1346 .
1911 1314 2045 1359 Nempe

1152 1365 1342 1401 Traetorias
1358 1388 1368 1404 ‚
1383 1376 1453 1410 quae
1465 1365 1689 1406 Orientalium
1704 1363 1942 1408 Episcoporum
1952 1364 2045 1408 quos-

1154 1417 1230 1451 dam
1252 1416 1560 1451 excommunicatos
1584 1438 1594 1455 ,
1622 1414 1780 1458 quosdam
1801 1413 2045 1450 denuntiabant

1155 1467 1196 1504 ab
1211 1465 1372 1511 Ephesina
1395 1467 1431 1502 &
1458 1464 1830 1508 Constantinopolitana
1844 1464 2045 1508 synodo-de-

1155 1518 1290 1561 positos.
1318 1518 1383 1551 Per
1395 1515 1638 1561 segregationes
1653 1513 1795 1548 omnino
1814 1515 2045 1559 intelliguntur

1154 1568 1372 1611 depositiones
1399 1594 1406 1601 .
1435 1563 1593 1602 Notanda
1616 1566 1693 1599 item
1718 1565 1789 1598 sunt
1824 1563 1892 1598 haec
1926 1565 2043 1598 verba:
2079 1564 2081 1567 ’

1155 1618 1274 1661 ,Quibus
1297 1617 1455 1652 interdieta
1465 1618 1502 1659 est
1514 1616 1715 1651 sacerdotalis
1726 1619 1836 1647 oratio.
1865 1614 1930 1647 Pei·
1940 1614 2045 1647 Sacer-

1154 1668 1297 1702 dotalem
1309 1668 1495 1705 orationem
1511 1666 1616 1711 palam
1639 1665 1834 1709 intelligunt
1847 1662 1976 1697 verbum
1991 1665 2049 1696 seu:

1155 1719 1295 1756 formam
1323 1716 1526 1761 Episcopalis
1549 1715 1825 1754 consecrationis.
1852 1712 1901 1748 Ita
1924 1714 2048 1748 &San-

1155 1770 1223 1802 stus
1244 1768 1452 1813 Augustinus
1478 1767 1512 1800 in
1537 1767 1694 1802 Sermone
1709 1765 1824 1799 defuis
1835 1775 1910 1798 cum
1924 1764 2047 1798 Emeri-

1156 1829 1191 1852 κο
1205 1819 1399 1855 Caesaraeensi
1413 1816 1664 1852 Donatistarum
1686 1814 1850 1858 Episcopo
1872 1814 1965 1847 Aetis
1977 1814 2049 1848 scri·

1157 1867 1204 1903 bit
1224 1880 1235 1899 :
1262 1871 1415 1905 Invocati‘o
1445 1870 1571 1902 nominis
1595 1866 1652 1898 Dei
1672 1861 1763 1907 super
1785 1871 1875 1905 caput
1896 1863 2047 1907 ipsorum,

1156 1917 1274 1958 quando
1284 1916 1467 1950 ordinantur
1488 1912 1652 1957 Episcopi,
1677 1918 1826 1947 invocatio
1849 1913 1902 1946 illa
1915 1917 1973 1946 Dei
1984 1913 2022 1954 esi
2036 1937 2048 1954 ‚

1157 1977 1214 1998 non
1227 1968 1362 1999 Donati.
1390 1969 1425 1997 N
1428 1975 1463 2002 ott
1475 1970 1553 2002 enim
1562 1961 1687 2006 suscipto
1698 1961 1881 2004 Episcopum
1894 1988 1904 2003 ,
1919 1963 2051 2006 siquan-

1156 2017 1193 2048 do
1216 2015 1256 2055 est
1270 2016 1427 2051 ordinatus
1440 2037 1450 2054 ,
1472 2010 1563 2056 super
1577 2020 1666 2054 caput
1683 2015 1749 2054 ejus
1763 2014 1900 2046 Donatus
1914 2011 1951 2051 est
1965 2019 2049 2045 invo->

1155 2072 1260 2102 catus.
1288 2063 1379 2109 Qin
1405 2064 1511 2096 immo
1537 2062 1687 2096 Eeclefiae
1708 2060 1818 2096 Patres
1845 2062 1957 2105 paffim
1970 2062 2052 2097 scri—.

1157 2113 1240 2149 bunt
1253 2114 1367 2151 omnia
1386 2113 1478 2149 Novi
1489 2111 1698 2150 Testamenti
1708 2112 1911 2146 Sacramenta
1922 2113 2052 2147 consta2

1156 2175 1189 2199 re
1198 2173 1289 2198 certo
1300 2163 1462 2198 elemento
1475 2187 1486 2203 ‚
1515 2162 1776 2197 &invocatione
1789 2162 1908 2197 Divini
1928 2163 2057 2206 Nomi-2

1155 2214 1224 2248 nis.
1252 2213 1307 2246 Est
1327 2225 1375 2247 res
1388 2215 1445 2247 suo
1459 2213 1535 2246 loco
1558 2212 1772 2255 exponenda.

1205 2261 1364 2298 Notanda
1385 2263 1459 2299 sunt
1479 2263 1512 2296 ὅ(
1528 2260 1596 2295 haec
1619 2261 1717 2296 verba
1730 2275 1742 2295 .·
1767 2260 2047 2306 Illitransgreffione

1155 2315 1264 2357 regulae
1271 2312 1328 2357 fi‘b
1336 2314 1444 2357 regulae
1453 2311 1534 2357 fac‘lt
1543 2309 1712 2354 suntpoena
1725 2338 1732 2345 .
1762 2312 1915 2350 Laudant
1927 2313 2048 2348 Antio-

1155 2362 1458 2399 chenos..Can·ones
1485 2386 1492 2394 .
1520 2361 1596 2395 Hos
1621 2362 1711 2396 enim
1736 2385 1747 2402 ‚
1774 2361 1850 2396 licet
1876 2362 2052 2402 adversum

1156 2412 1242 2454 ipsos
1269 2412 1516 2454 proclamaverit
1538 2413 1671 2446 Sanetus
1694 2412 1836 2454 Joannes
1861 2411 2046 2447 Chrisosto-

1156 2471 1251 2497 mus¹
1277 2461 1402 2502 semper
1424 2459 1561 2493 retinuit
1582 2460 1763 2496 Orientalis
1785 2461 1924 2494 Ecclesia
1948 2486 1955 2492 .
1984 2461 2045 2497 Pa-

1155 2510 1293 2543 triarcha
1319 2509 1460 2551 Ioannes
1481 2519 1537 2543 eos
1552 2506 1606 2544 hic
1619 2508 1892 2553 laudatutpalam
1904 2509 2040 2546 authen-,

1156 2560 1238 2593 ticos
1258 2584 1265 2591 .
1302 2559 1347 2596 Et
1382 2558 1537 2601 antiquus
1570 2558 1624 2591 ille
1648 2582 1660 2598 ,
1685 2558 1882 2603 quicumque
1916 2561 2038 2601 fuerit,

1154 2608 1378 2646 Orientalium
1389 2618 1557 2642 canonum
1573 2607 1739 2641 Colle-{tor
1750 2631 1761 2648 ,
1788 2620 1885 2651 quem
1898 2609 1956 2644 sibi
1970 2622 2040 2654 pree

1154 2659 1256 2703 legit,
1283 2668 1381 2702 atque
1410 2657 1454 2693 ita
1477 2655 1703 2697 authenticum
1717 2659 1841 2692 censuit
1853 2658 2039 2695 Chalcedo-

1154 2708 1256 2742 nensis
1280 2707 1457 2751 Synodus‚
1483 2708 1542 2747 suo
1567 2706 1686 2746 Codici
1710 2706 1794 2750 ipsos
1811 2708 1963 2756 inseruit.
1992 2711 2037 2744 Et

1153 2757 1270 2792 Codex
1294 2758 1348 2791 hic
1369 2757 1454 2801 apud
1466 2768 1582 2792 omnes
1594 2758 1726 2791 Graecos
1743 2758 1912 2793 fuittantae
1922 2758 2037 2795 autho-

1153 2808 1257 2842 ritatis
1281 2834 1290 2849 ‚
1330 2818 1364 2841 ut
1391 2807 1547 2852 appellari
1574 2807 1729 2842 meruerit
1756 2810 1859 2841 Codex
1884 2809 2036 2852 universae

1152 2857 1303 2899 Ecclefiae.
1340 2853 1481 2892 Eosdem
1493 2857 1626 2892 tandem
1639 2857 1788 2901 probavit
1803 2858 1957 2892 Romana
1972 2858 2036 2892 Ec-

1150 2907 1243 2942 clesia
1270 2932 1281 2948 ‚
1315 2907 1395 2942 dum
1431 2909 1559 2943 admisit
1587 2906 1746 2942 Codicem
1774 2908 1927 2949 Dionysii
1956 2908 2036 2942 Exi-

1151 2958 1207 3002 gui
1223 2982 1230 2989 .
1256 2958 1350 2992 Haec-
1365 2958 1455 2994 verba
1472 2982 1482 2998 ,
1507 2960 1559 2995 1lle
1580 2961 1652 2994 vero
1672 2958 1714 2995 ab.
1729 2963 1773 2996 eis
1796 2957 1875 2991 nibil
1899 2965 2011 3000 accepit
2024 2982 2036 2998 ,

1152 3008 1301 3042 videntur
1327 3009 1498 3043 exsufflare
1523 3007 1616 3042 datos
1648 3008 1681 3041 δε
1707 3018 1857 3051 acceptos
1887 3009 2034 3047 Ordines

1151 3070 1242 3096 extra
1277 3059 1455 3093 Ecclesiam
1478 3084 1484 3091 .
1515 3059 1672 3095 Attamen
1690 3058 1780 3100 quod
1803 3069 1872 3094 non
1899 3057 1942 3098 de
1962 3058 2033 3093 sube

1152 3108 1266 3143 stantia
1291 3134 1301 3150 ,
1340 3109 1393 3143 sed
1427 3110 1468 3143 de
1495 3109 1560 3142 sola
1587 3106 1770 3151 exequendi
1796 3108 1950 3146 facultate
1985 3110 2032 3144 lo-

1151 3169 1291 3202 quantur
1314 3156 1641 3203 antiquaistiusmodi
1664 3156 1873 3199 testimonia,
1899 3159 1972 3193 aliis
1993 3159 2030 3193 in

1152 3208 1234 3242 locis
1259 3208 1367 3243 studui
1401 3208 1571 3244 ostendere
1594 3233 1602 3240 .
1643 3206 1725 3242 Haec
1751 3208 1884 3243 tandem
1910 3208 2030 3249 verba,

1151 3264 1325 3301 Imperatori
1338 3258 1427 3299 nostro
1436 3259 1570 3303 legantur
1580 3282 1591 3299 ,
1617 3267 1737 3303 rogant
1748 3257 1935 3302 Principem
1949 3270 2031 3293 cone

1152 3309 1270 3347 firmati
1291 3310 1324 3344 in
1357 3309 1445 3344 bona
1481 3309 1535 3349 sua
1555 3307 1597 3344 de
1609 3307 1838 3353 Orientalibus
1858 3308 2028 3354 Episcopis

1152 3360 1311 3403 opinione
1328 3383 1339 3401 ,
1364 3371 1428 3405 qua
1455 3359 1489 3394 &
1512 3356 1710 3404 Ephesinum
1735 3382 1748 3401 ,
1773 3359 1806 3401 ὃς
1827 3356 2029 3444 Μακίιιᾶἱαηί

1649 3409 1678 3447 L
1961 3417 1980 3441 e
