2320 3730
80 2215 154 2248 psal.
176 2224 219 2251 ¹3·

85 2254 163 2294 lsajae
173 2266 218 2292 59·

626 168 935 217 Scuorns,
971 178 1036 207 er
1068 161 1267 208 Nous
1300 173 1679 211 112LUSTRATAE.

1895 183 1992 229 317

233 247 384 293 'quaedam
397 252 480 285 sacra
500 252 712 287 munuscula:
739 253 781 285 Et
801 251 858 286 ista
870 250 1024 285 Meletius
1044 260 1117 294 per·
1177 247 1225 283 dae
1235 245 1363 281 Ciliciae
1373 245 1527 291 Episcopi
1547 258 1716 291 nunquam
1728 250 1849 288 fuerint
1868 253 1975 296 firmi,
2000 254 2054 288 seu

239 300 391 336 tinaciter
405 301 576 345 improbat.
603 302 696 337 Hinc
713 301 823 337 subdit
836 303 867 337 se
877 301 897 335 ὲ
907 302 1033 346 joanne
1045 299 1115 344 post

240 349 446 385 dilaceratam
466 354 738 388 communionem
763 365 833 389 non
859 351 1035 398 accepisse,
1060 348 1116 385 nisi

240 400 374 435 unicam
400 401 592 445 epistolam.

447 641 700 691 CAPUT
745 640 905 689 CLVI.
975 656 1120 704 --244

237 784 309 832 Epi
335 782 388 820 ola
410 809 424 829 ‚
452 783 574 836 inquit
591 809 604 828 ,
632 787 700 821 Deo
727 777 936 832 Amiczffimi
963 783 996 820 E
991 777 1123 832 piftopi

294 839 496 880 Alexandri
524 839 570 877 ad
597 845 667 879 Deo
693 835 949 890 ,Amiciffimum
986 833 1122 888 Episto-

291 905 380 946 pum
407 897 608 942 Meletium,
637 908 737 948 quam
757 893 915 946 scripfit,
944 906 1020 933 eum
1047 896 1123 944 qui-

295 952 371 991 dem
397 953 586 1004 approbans
610 963 676 1003 pro
703 954 768 990 tali
795 951 972 999 constantia
993 976 1006 995 ,
1044 950 1123 988 reli-

295 1023 437 1060 quorum
465 1010 545 1046 verb
572 1007 821 1054 inconstantiam
848 1006 1026 1058 reprobans
1045 1033 1058 1053 ,
1087 1005 1123 1045 (ἐν

292 1064 440 1102 indicans
461 1060 724 1114 perftcutionem
754 1062 889 1109 fastam
917 1069 986 1104 Deo
1013 1068 1125 1106 Ami-

292 1117 414 1173 rtffimo
442 1117 604 1171 E'piftopo
633 1121 798 1161 Acilino.

334 1244 409 1281 Uia
430 1245 556 1281 Cilices
574 1269 586 1286 ,
611 1245 723 1290 paucis
742 1243 887 1289 exceptis
911 1270 922 1288 ,
948 1247 1071 1290 semper
1092 1246 1125 1280 &

358 1295 457 1330 calidi
480 1297 513 1330 δε
532 1295 634 1340 tepidi
654 1296 777 1331 fuerint
797 1321 810 1337 ,
836 1306 874 1331 ut
899 1307 968 1330 non
997 1297 1126 1336 dicam,

386 1345 520 1391 frigidi,
545 1347 579 1381 &
600 1345 750 1381 sublimes
770 1346 805 1381 &
828 1345 989 1389 humiles,
1015 1347 1126 1390 quales

238 1395 339 1430 etiam
350 1406 441 1430 nunc
455 1396 583 1430 inventi
596 1399 671 1431 sunt
684 1395 770 1440 apud
783 1407 844 1431 nos
856 1419 868 1436 ‚
895 1405 985 1431 tuam
999 1407 1069 1430 non
1085 1396 1127 1430 la·

238 1445 306 1479 tuit
325 1446 553 1480 Sanctitatem:
582 1447 667 1495 Qae
687 1447 722 1480 δε
735 1457 842 1480 meam
864 1445 906 1481 de
929 1446 980 1480 his
1000 1448 1126 1481 senten-

237 1495 320 1529 tiam
330 1496 440 1530 novit.
470 1496 601 1540 Semper
624 1495 736 1537 enim,
761 1496 841 1530 dum
864 1497 905 1530 ad
928 1507 985 1531 eos
1011 1495 1125 1530 scribe-

238 1555 307 1579 rem
329 1568 340 1583 ‚
366 1546 403 1579 in
424 1555 486 1579 tuae
506 1546 691 1580 sanctitatis
711 1544 836 1588 judicio
861 1546 953 1588 posui
975 1569 987 1585 ‚
1014 1546 1126 1578 utrum

235 1592 307 1628 haze
315 1594 428 1628 eadem
450 1595 667 1638 dirigerentur
680 1618 692 1634 ,
718 1605 761 1627 an
773 1604 842 1627 non
854 1618 861 1624 .
890 1594 1065 1628 Habemus
1076 1605 1126 1628 ve·

236 1641 278 1677 ῐὸ
298 1643 398 1678 etiam
419 1654 532 1684 nunc,
557 1654 613 1687 per
633 1643 774 1687 gratiam
797 1643 864 1678 Dei
884 1667 895 1685 ,
920 1644 1060 1678 eandem
1083 1644 1124 1679 de

238 1692 402 1727 Cilicibus
422 1694 686 1727 consolationem
708 1718 719 1734 ,
745 1693 827 1727 sicut
849 1693 885 1727 &
904 1694 991 1739 prius
1012 1692 1126 1728 habui-

238 1752 313 1778 mus
327 1767 334 1774 .
360 1743 440 1776 Hoc
459 1742 504 1777 est
520 1765 531 1782 ,
554 1741 727 1777 Divinitus
750 1743 862 1777 datam
881 1745 1124 1783 constantiam,

238 1792 517 1827 &invincibilem
539 1793 645 1826 zelum
663 1794 746 1828 sanae
766 1791 864 1833 fidei,
891 1803 981 1828 tuam
1005 1793 1127 1828 Sancti-

238 1850 341 1876 tatem
355 1867 362 1874 .
388 1842 524 1876 Suffecit
535 1843 625 1877 enim
635 1845 713 1878 Deo
729 1843 763 1876 ὅ(
775 1854 882 1883 unus,
907 1843 1042 1885 quando
1059 1843 1127 1877 sub·

238 1892 347 1926 merfit
366 1892 491 1926 Orbem
509 1892 662 1937 generale
687 1892 920 1937 naufragium:
945 1893 989 1928 Et
1000 1902 1065 1928 tres
1090 1893 1126 1928 in

238 1941 438 1985 Babylone,
464 1941 599 1986 quando
619 1953 676 1986 per
685 1953 839 1978 terrorem
860 1943 1003 1977 fornacis
1015 1953 1128 1978 accen·

238 1992 279 2025 sae
291 2002 407 2027 omnes
418 1991 516 2027 Idolo
527 1992 713 2027 servierunt.
741 1992 845 2038 Rogo
865 1991 966 2038 igitur
977 1993 1130 2028 Sanctita-

237 2049 307 2075 tem
318 2049 410 2076 tuam
419 2067 431 2084 ,
457 2053 500 2077 ne
509 2043 629 2077 refutes
637 2041 749 2086 saepius
761 2053 822 2075 nos
834 2042 874 2076 ad
884 2044 1017 2085 praesens
1030 2042 1128 2075 insti·-

236 2100 315 2135 gare
333 2100 497 2125 certamen
511 2116 518 2122 .
549 2092 638 2125 Ecce
660 2091 752 2126 enim
773 2089 861 2124 clare
885 2089 1127 2124 videmusillud

236 2139 323 2183 lsajae
342 2140 471 2184 impleri
495 2139 692 2185 Prophetae,
718 2139 809 2184 quod
825 2141 894 2182 ait;
921 2143 1071 2173 Contritlo
1093 2141 1128 2174 ὁ·

237 2189 400 2231 infelicitas
421 2195 456 2223 in
475 2194 539 2223 viis
566 2200 684 2228 eorum,
710 2191 746 2222 Za·
758 2193 843 2221 vlam
861 2194 948 2230 pacis
959 2201 1018 2222 non
1029 2200 1127 2232 rogno-

236 2247 350 2274 verunt
361 2262 369 2270 .
395 2241 442 2270 Et
454 2248 513 2271 non
534 2237 729 2278 estjudicium
748 2242 782 2269 in
792 2241 854 2268 vtis
867 2247 983 2269 eorum.
1010 2238 1127 2270 Semitae

236 2299 367 2331 namque
374 2298 475 2321 eorum
485 2312 497 2328 ,
518 2295 576 2329 per
587 2297 663 2330 quas
674 2286 829 2319 ambulant
841 2310 851 2325 ,
870 2283 1002 2328 pervers
997 2297 1023 2319 ae
1030 2284 1056 2328 s
1049 2294 1104 2318 unt
1117 2308 1128 2325 ,

237 2338 413 2382 &nesciunt
430 2345 538 2380 pacem
567 2362 574 2370 .
602 2338 672 2371 Idea
688 2339 720 2381 J
723 2337 852 2369 udtcium
874 2335 978 2375 receffit
1004 2335 1045 2368 ab
1067 2339 1126 2368 ets.

237 2389 284 2422 Et
296 2387 411 2428 Beati,
436 2398 475 2420 ac
486 2396 534 2420 ter
547 2386 664 2426 Beati,
693 2386 751 2428 qui
767 2394 1002 2429 oppugnantur
1020 2384 1039 2418 a
1059 2382 1129 2418 tali·

238 2437 300 2470 bus
325 2447 382 2480 per
403 2435 582 2470 Ecclesiam
605 2434 888 2478 malignantibus.
913 2433 1129 2480 Qapropter

237 2485 392 2520 beatifico
412 2496 502 2520 nunc
521 2484 713 2519 Dominum
735 2494 845 2518 meum
866 2483 943 2517 Deo
967 2481 1128 2517 Amicim-

237 2546 332 2571 mum
343 2534 544 2579 Episcopum
568 2533 764 2575 Acilinum,
789 2532 807 2566 a
821 2532 1001 2568 Barbaliffo
1021 2532 1062 2567 ab
1082 2533 1129 2567 eis

238 2584 411 2629 expulsum
432 2608 444 2624 ,
470 2585 528 2627 qui
549 2584 668 2628 pariter
684 2583 732 2617 est
752 2582 924 2617 nobiscum
948 2608 960 2624 ,
986 2583 1022 2618 &
1045 2582 1127 2617 olim

237 2643 378 2670 coronas
387 2632 547 2668 emeruit.
575 2633 652 2667 Sole
662 2633 753 2667 enim
767 2631 884 2666 clarius
907 2631 972 2666 fere
981 2632 1023 2666 ab
1036 2633 1128 2667 incu-

236 2683 359 2719 nabilis
370 2683 577 2718 conversatus
589 2682 635 2717 est
646 2707 659 2724 ,
687 2692 777 2716 nunc
788 2679 865 2715 vero
877 2692 933 2725 per
947 2681 1127 2717 calumnias

239 2732 436 2768 &factiones
456 2731 475 2764 a
488 2734 544 2765 sua
566 2732 712 2775 abiectus
733 2731 878 2766 Ecclesia
898 2743 954 2775 per
963 2732 1127 2776 Magnifi-

239 2781 459 2818 centiffimum
471 2781 538 2816 loci
549 2780 750 2816 Servatorem
759 2804 777 2823 ,-
789 2790 887 2825 atque
899 2782 1106 2816 fortissimum
1118 2807 1125 2814 .

238 2832 302 2867 Sed
313 2843 392 2872 ora,
417 2832 544 2875 quaeso,
571 2831 678 2875 &pro
691 2828 757 2866 hoc
768 2831 856 2874 ipso,
887 2831 944 2875 qui
966 2843 1021 2866 me
1035 2842 1127 2878 roga-

239 2883 291 2918 vit
301 2882 336 2917 id
347 2880 500 2916 scribere:
528 2881 573 2915 Et
582 2892 643 2925 pro
653 2879 835 2916 constantia
846 2902 858 2922 ,
883 2891 919 2917 ut
931 2881 998 2918 Dei
1010 2882 1126 2919 volun-

240 2932 319 2968 tatis
330 2932 499 2979 signaculo
523 2931 713 2967 roboretur.

436 3087 919 3134 Senotron.

352 3230 420 3265 AEc
440 3230 482 3266 ad
504 3229 651 3275 proxime
672 3232 898 3275 praecedentem
922 3231 1122 3278 responsoria

375 3280 510 3325 epistola
531 3281 628 3316 docet
648 3291 709 3316 nos
741 3282 803 3316 tria
824 3307 831 3314 .
856 3283 970 3318 Primo
993 3308 1006 3324 ,
1031 3281 1121 3326 quod

242 3340 357 3373 omnes
368 3339 475 3374 praeter
484 3331 777 3375 Mopsuestiensem
787 3332 962 3369 Meletium
970 3356 984 3375 ,
1006 3333 1124 3369 Secun-

341 3380 447 3425 ῥίνη-[ἰ.
461 3385 541 3424 Lupi
550 3385 647 3423 opera
658 3385 758 3414 Tyn.

1178 298 1287 342 potins
1299 297 1473 342 pertinaces
1483 296 1632 332 adversus
1645 299 1796 334 Sanctum
1807 303 1970 345 Cyrillum
1980 328 1992 345 ,
2013 315 2053 339 ac

1180 349 1297 382 initam
1321 357 1397 381 cum
1418 347 1487 390 ipso
1509 358 1637 392 pacem.
1666 347 1813 383 Aversati
1834 352 1907 386 sunt
1926 353 2055 388 dumta-

1180 408 1237 433 xat
1259 396 1350 432 illius
1361 396 1537 441 Capitula,
1562 408 1600 431 ac
1621 394 1868 433 damnationem
1890 402 2056 438 Nestorii.

1180 449 1274 484 Hinc
1288 446 1478 482 Alexander
1491 446 1629 481 affirmat
1639 458 1809 491 nunquam
1834 447 1925 483 fuisse
1935 451 2057 486 calidos

1180 499 1215 532 in
1237 497 1298 532 hae
1322 498 1435 539 causa,
1462 498 1515 532 sed
1528 498 1651 541 semper
1672 495 1817 541 tepidos,
1845 497 1949 532 immo
1961 500 2060 535 ferme

1180 548 1337 593 frigidos.
1363 546 1534 589 Secundo,
1561 545 1651 590 quod
1662 548 1763 590 aliqui
1775 547 1856 582 tales
1878 547 1960 582 item
1980 559 2061 585 tunc

1181 597 1300 632 fuerint
1314 599 1348 631 in
1360 597 1569 641 Euphratesia
1579 597 1778 633 Provincia.
1807 596 1976 632 Videlicet
1996 600 2063 641 ipse

1181 647 1280 682 etiam
1309 646 1547 683 Theodoretus
1577 674 1589 690 ,
1625 647 1776 682 Andreas
1809 647 2067 688 samosatensis,

1183 698 1323 741 Ioannes
1335 697 1622 739 Germanicianfis,
1649 698 1748 733 &alii
1760 723 1768 730 .
1796 697 1886 733 Nam
1898 698 1985 733 solus
1997 698 2066 733 fere

1183 745 1370 782 Alexander
1380 748 1443 782 fuit
1453 748 1598 783 detrusus
1611 749 1646 783 in
1659 748 1812 784 exilium.
1838 747 1969 792 Nempe
1993 748 2067 793 post

1186 796 1373 831 Acilinum.
1401 796 1541 839 Tertio,
1567 798 1658 842 quod
1679 797 1734 832 hic
1756 809 1809 842 per
1819 797 1992 833 Vicarium
2003 798 2068 832 Ti·

1185 857 1255 880 tum
1275 848 1393 891 ejettus
1413 848 1568 892 refugerit
1591 848 1821 891 Hierapolim,
1846 848 1881 882 &
1903 847 1973 882 illic
1996 857 2071 882 tan-

1187 907 1285 941 quam
1306 898 1424 940 ejestus
1446 898 1627 942 Episcopus
1647 898 1732 940 apud
1754 899 1847 933 suum
1864 897 2068 943 Metropoli*

1185 957 1253 982 tam
1267 946 1409 986 haeserit,
1439 959 1477 981 ac
1498 948 1654 981 alimenta
1675 949 1851 991 acceperit.
1878 949 1976 992 Juxta
1998 948 2069 982 Sar-

1186 995 1332 1032 dicenses
1344 996 1498 1029 Canones
1513 1022 1520 1028 .
1547 998 1595 1030 Et
1616 996 1696 1031 hinc
1718 1005 1829 1041 patet,
1853 998 1943 1041 quod
1963 998 2070 1043 Impe-

1189 1057 1274 1081 rator
1285 1045 1496 1081 Theodofius
1518 1044 1580 1079 hos
1591 1046 1744 1079 factiosos
1765 1046 1966 1091 Episcopos,
1990 1049 2070 1083 licet

1187 1097 1317 1141 ejecerit
1337 1120 1348 1136 ,
1375 1107 1444 1129 non
1457 1096 1566 1129 statim
1581 1095 1750 1140 relegarit:
1778 1095 1885 1128 Immo
1896 1108 1955 1130 nec
1967 1099 2073 1142 Impe-¹

1189 1148 1304 1183 tatoris
1317 1145 1469 1181 Gratiani
1481 1145 1587 1191 legem
1599 1143 1741 1179 fueritin
1751 1144 1837 1189 ipsos
1846 1154 2018 1181 executus.

1374 1357 1643 1409 CAPUT
1678 1360 1861 1406 chn.
1929 1374 2083 1422 --2455

1189 1507 1221 1542 E
1217 1500 1362 1554 pzstola,
1391 1501 1535 1554 inquit,
1563 1499 1711 1553 Heffichii
1735 1502 1970 1553 Castabalenfis
1990 1506 2022 1541 E
2017 1507 2077 1553 pi·-

1236 1554 1329 1607 ftopi
1358 1558 1403 1595 ad
1430 1556 1634 1609 Epzfiopum
1663 1560 1840 1603 Meletium
1865 1585 1878 1603 ,
1928 1559 2078 1597 indicans

1246 1614 1333 1666 quod
1356 1612 1516 1666 persuafi)
1544 1617 1755 1656 Antiocheno
1774 1642 1787 1660 ,
1825 1625 1865 1654 ut
1891 1619 1929 1652 in
1958 1615 2079 1653 litteris

1245 1671 1333 1709 nibil
1365 1669 1584 1722 superfluum
1620 1681 1799 1722 poneretur
1828 1697 1840 1717 ,
1869 1671 1906 1709 id
1933 1671 1977 1719 est
1997 1699 2009 1717 ,
2038 1671 2079 1709 cle

1244 1727 1390 1776 Nestorii
1417 1728 1614 1780 depofitione
1631 1755 1643 1774 ,
1672 1725 1822 1779 ‘Perfhnae
1860 1733 2078 1768 communica-

1248 1789 1363 1823 verint
1390 1785 1426 1823 hi
1450 1811 1462 1831 ,
1490 1790 1549 1837 qui
1575 1796 1670 1824 erant
1697 1797 1739 1822 ex
1759 1781 1906 1835 ftcunda
1934 1787 2074 1824 Cilicia.

1251 1889 1323 1924 Icut
1336 1888 1407 1924 illic
1425 1888 1468 1924 de
1479 1890 1626 1934 praesenti
1649 1899 1713 1931 tuae
1722 1889 1945 1936 Religiositati
1957 1891 2079 1935 promi-

1275 1940 1398 1980 seram,
1425 1950 1496 1981 quae
1521 1941 1559 1974 in
1578 1942 1673 1975 causa
1690 1941 1915 1985 contigerint,
1942 1943 2078 1977 nuncia·

1190 2001 1246 2029 re,
1272 1988 1382 2023 studui
1393 2000 1448 2033 per
1471 1987 1530 2024 has
1540 1989 1662 2024 litteras
1679 1989 1713 2024 id
1726 1989 1879 2033 implere.
1906 1990 2079 2025 Convenit

1190 2038 1292 2081 igitur
1311 2050 1368 2080 per
1388 2038 1528 2082 gratiam
1542 2039 1611 2072 Dei
1630 2037 1754 2072 Christi
1767 2062 1780 2078 ,
1804 2049 1843 2073 ut
1863 2037 1934 2078 his,
1960 2041 2081 2083 quaein

1190 2086 1246 2120 illa
1258 2085 1407 2130 Epistola
1427 2085 1585 2131 superflue
1605 2086 1822 2132 legebantur,
1844 2087 2004 2131 exclusis,
2031 2091 2081 2125 su-

1195 2135 1374 2180 scipiantur
1395 2135 1453 2170 illa
1474 2161 1486 2177 ,
1520 2147 1590 2180 quae
1613 2135 1697 2171 bene
1723 2137 1762 2172 &
1780 2135 1975 2187 Apostolice
1995 2139 2080 2175 dicta

1190 2184 1262 2218 sunt
1272 2185 1291 2218 a
1304 2185 1458 2218 Domino
1469 2194 1546 2217 meo
1557 2195 1614 2226 per
1623 2184 1737 2217 omnia
1748 2186 1827 2218 Deo
1846 2189 2058 2225 Am‘ciffimo
2066 2215 2080 2232 ,

1190 2234 1224 2266 &
1236 2231 1439 2267 Sanctiffimo
1451 2233 1595 2274 Joanne.
1622 2231 1678 2266 Ut
1697 2232 1732 2266 δε
1742 2233 1920 2270 Sanctitate
1930 2236 2001 2281 eius
2010 2250 2080 2282 per-

1190 2280 1275 2321 feci,
1300 2289 1337 2314 ut
1348 2290 1404 2323 per
1413 2278 1473 2315 has
1484 2280 1701 2320 nunciemus,
1724 2281 1936 2326 &quaefint,
1960 2287 2080 2331 quibus

1191 2329 1395 2370 affenfimus,
1422 2330 1559 2374 &quae,
1586 2330 1603 2364 a
1617 2331 1735 2375 quibus
1747 2332 1962 2370 abstinemus.
1991 2339 2081 2373 Sciat

1190 2390 1298 2415 autem
1321 2379 1482 2414 subtiliter
1504 2380 1663 2415 Sanctitas
1678 2390 1734 2416 tua
1754 2393 1795 2417 ex
1820 2381 1873 2418 his
1893 2410 1904 2425 ,
1931 2396 2013 2429 quas
2035 2389 2081 2423 ad

1190 2441 1265 2464 eum
1291 2428 1482 2464 dietavimus
1506 2429 1641 2472 litteris,
1669 2442 1808 2475 quarum
1831 2433 1993 2471 destinavi
2012 2438 2081 2473 Re-

1191 2481 1345 2524 scriptum
1358 2504 1364 2510 .
1391 2479 1435 2514 Et
1447 2479 1583 2525 dignare
1592 2503 1605 2520 ,
1629 2482 1735 2524 quaeso
1744 2506 1756 2522 ,
1781 2484 1871 2527 quod
1884 2496 1994 2521 tamen
2005 2498 2078 2523 non
2147 2519 2150 2522 .

1191 2540 1227 2564 ut
1248 2529 1433 2563 ministrans
1454 2529 1628 2567 consilium
1646 2530 1772 2572 scribo,
1799 2533 1854 2568 sed
1879 2544 1916 2569 ut
1934 2545 2079 2573 comme·

1191 2590 1321 2615 morans
1331 2602 1342 2620 ,
1367 2579 1409 2613 fic
1419 2578 1460 2614 de
1472 2577 1534 2614 hae
1546 2580 1638 2615 causa
1650 2583 1782 2616 traQare
1793 2606 1805 2623 ‚
1832 2583 1914 2620 ficut
1934 2585 1953 2619 a
1964 2587 2076 2623 saneto

1192 2642 1228 2665 ac
1241 2629 1337 2664 beato
1349 2628 1504 2664 Domino
1515 2629 1576 2663 illo
1590 2629 1701 2666 nostro
1714 2632 1871 2667 nutritus:
1900 2633 1956 2670 Ut
1966 2637 2076 2672 modis

1190 2678 1344 2715 omnibus
1370 2688 1502 2713 maneat
1533 2678 1749 2724 indisruptum
1774 2693 1891 2728 corpus
1924 2684 2074 2722 Ecclefiae

1192 2730 1334 2765 Domini
1345 2728 1466 2763 Christi
1480 2753 1489 2764 .

1387 2885 1872 2937 SenorroN.
2082 2921 2095 2956 23-

1259 3030 1385 3067 Raesens
1395 3031 1530 3077 epistola
1552 3041 1612 3067 nos
1626 3033 1723 3069 docet
1743 3034 1872 3080 primo,
1897 3038 1987 3082 quod
2000 3038 2069 3073 He-

1282 3081 1412 3126 sychius
1431 3095 1469 3118 ac
1481 3082 1654 3125 Meletius,
1679 3085 1714 3119 δε
1726 3084 1815 3121 haud
1836 3086 1935 3123 dubie
1960 3089 2068 3133 plures

1186 3132 1341 3167 Secundae
1348 3132 1470 3168 Ciliciae
1481 3133 1634 3177 Episcopi
1647 3134 1718 3177 post
1731 3134 1925 3174 insinuatam
1937 3138 2066 3174 Sacram

1185 3180 1246 3216 fint
1256 3181 1342 3217 inter
1350 3184 1382 3218 se
1398 3182 1581 3224 collocuti,
1606 3184 1640 3218 ὅ(
1654 3185 1741 3220 varia
1753 3185 1813 3221 fibi
1836 3189 2042 3234 promiserint
2057 3215 2065 3223 .

1185 3231 1366 3273 Privatim,
1392 3245 1461 3268 non
1486 3232 1712 3277 Synodaliter.
1740 3235 1866 3273 Vicarii
1890 3239 1969 3275 Titi
1983 3239 2068 3285 vigi-

1186 3281 1287 3317 lautia
1310 3292 1379 3317 non
1392 3282 1598 3326 permittebat
1616 3283 1798 3321 istiusmodi
1820 3289 1985 3326 Consilia.
2011 3291 2068 3325 Se-

1185 3331 1314 3377 cundo,
1339 3333 1428 3379 quod
1452 3333 1556 3369 Titus
1578 3333 1674 3369 fimus
1687 3346 1771 3374 ,cum
1786 3338 1949 3385 Principis
1969 3340 2065 3376 Sacra

1563 3384 1599 3418 D
1626 3383 1648 3419 d
1698 3396 1720 3435 3
1918 3387 2019 3425 trans-
