<?xml version="1.0" encoding="UTF-8"?>
<!DOCTYPE html PUBLIC "-//W3C//DTD XHTML 1.0 Transitional//EN"
    "http://www.w3.org/TR/xhtml1/DTD/xhtml1-transitional.dtd">
<html xmlns="http://www.w3.org/1999/xhtml" xml:lang="en" lang="en">
 <head>
  <title>
</title>
<meta http-equiv="Content-Type" content="text/html;charset=utf-8" />
  <meta name='ocr-system' content='tesseract 3.04.00' />
  <meta name='ocr-capabilities' content='ocr_page ocr_carea ocr_par ocr_line ocrx_word'/>
</head>
<body>
  <div class='ocr_page' id='page_1' title='image "./operaomniastudio07lupuuoft/operaomniastudio07lupuuoft_0106.png"; bbox 0 0 2320 3730; ppageno 0'>
   <div class='ocr_carea' id='block_1_1' title="bbox 304 223 1180 332">
    <p class='ocr_par' dir='ltr' id='par_1_1' title="bbox 304 223 1180 332">
     <span class='ocr_line' id='line_1_1' title="bbox 388 223 481 253; baseline -0.043 1"><span class='ocrx_word' id='word_1_1' title='bbox 388 223 406 253; x_wconf 91' lang='lat'>1</span> <span class='ocrx_word' id='word_1_2' title='bbox 421 224 446 253; x_wconf 91' lang='lat'><em>0</em></span> <span class='ocrx_word' id='word_1_3' title='bbox 455 224 481 250; x_wconf 88' lang='grc' dir='ltr'><strong>Ο</strong></span> 
     </span>
     <span class='ocr_line' id='line_1_2' title="bbox 304 280 1180 332; baseline -0.016 -10"><span class='ocrx_word' id='word_1_4' title='bbox 304 296 380 332; x_wconf 80' lang='lat' dir='ltr'><em>pum</em></span> <span class='ocrx_word' id='word_1_5' title='bbox 402 298 471 319; x_wconf 78' lang='lat' dir='ltr'><em>mox</em></span> <span class='ocrx_word' id='word_1_6' title='bbox 491 290 610 318; x_wconf 78' lang='lat' dir='ltr'><em>creant.</em></span> <span class='ocrx_word' id='word_1_7' title='bbox 640 280 704 322; x_wconf 83' lang='lat' dir='ltr'><em>Post</em></span> <span class='ocrx_word' id='word_1_8' title='bbox 724 281 875 325; x_wconf 78' lang='lat' dir='ltr'><em>hocReg10</em></span> <span class='ocrx_word' id='word_1_9' title='bbox 888 281 1032 314; x_wconf 76' lang='lat' dir='ltr'><em>Mandata</em></span> <span class='ocrx_word' id='word_1_10' title='bbox 1054 284 1180 317; x_wconf 82' lang='lat' dir='ltr'><em>impera·</em></span> 
     </span>
    </p>
   </div>
   <div class='ocr_carea' id='block_1_2' title="bbox 727 183 1704 247">
    <p class='ocr_par' dir='ltr' id='par_1_2' title="bbox 727 183 1704 247">
     <span class='ocr_line' id='line_1_3' title="bbox 727 183 1704 247; baseline -0.008 -1"><span class='ocrx_word' id='word_1_11' title='bbox 727 200 1060 247; x_wconf 70' lang='lat' dir='ltr'><em>VAn1onun</em></span> <span class='ocrx_word' id='word_1_12' title='bbox 1097 183 1704 247; x_wconf 63' lang='lat' dir='ltr'>PATR0M3Epsto&#39;L&#39;AE&#39;,</span> 
     </span>
    </p>
   </div>
   <div class='ocr_carea' id='block_1_3' title="bbox 1241 273 2120 326">
    <p class='ocr_par' dir='ltr' id='par_1_3' title="bbox 1241 273 2120 326">
     <span class='ocr_line' id='line_1_4' title="bbox 1241 273 2120 326; baseline 0.011 -19"><span class='ocrx_word' id='word_1_13' title='bbox 1241 273 1348 309; x_wconf 86' lang='lat' dir='ltr'><em>valida</em></span> <span class='ocrx_word' id='word_1_14' title='bbox 1370 275 1743 324; x_wconf 63' lang='lat' dir='ltr'><em>amicorum‘interceffio</em></span> <span class='ocrx_word' id='word_1_15' title='bbox 1756 278 1857 324; x_wconf 82' lang='lat' dir='ltr'><em>ipsam</em></span> <span class='ocrx_word' id='word_1_16' title='bbox 1870 277 2074 326; x_wconf 81' lang='lat' dir='ltr'><em>mitigaverit</em></span> <span class='ocrx_word' id='word_1_17' title='bbox 2083 278 2120 317; x_wconf 75' lang='lat' dir='ltr'><em>in</em></span> 
     </span>
    </p>
   </div>
   <div class='ocr_carea' id='block_1_4' title="bbox 311 323 2020 379">
    <p class='ocr_par' dir='ltr' id='par_1_4' title="bbox 311 323 2020 379">
     <span class='ocr_line' id='line_1_5' title="bbox 311 323 2020 379; baseline 0.012 -35"><span class='ocrx_word' id='word_1_18' title='bbox 311 348 374 369; x_wconf 67' lang='lat' dir='ltr'><em>mm</em></span> <span class='ocrx_word' id='word_1_19' title='bbox 394 334 568 378; x_wconf 44' lang='lat' dir='ltr'><em>&amp;fingam</em></span> <span class='ocrx_word' id='word_1_20' title='bbox 582 332 762 376; x_wconf 66' lang='lat' dir='ltr'><em>Ep1ft0p15‚</em></span> <span class='ocrx_word' id='word_1_21' title='bbox 791 342 823 364; x_wconf 82' lang='lat' dir='ltr'><em>ut</em></span> <span class='ocrx_word' id='word_1_22' title='bbox 844 331 972 375; x_wconf 61' lang='lat' dir='ltr'><em>adsuas</em></span> <span class='ocrx_word' id='word_1_23' title='bbox 982 333 1121 364; x_wconf 64' lang='lat' dir='ltr'><em>civitates</em></span> <span class='ocrx_word' id='word_1_24' title='bbox 1146 327 1180 359; x_wconf 64' lang='grc' dir='ltr'><em>θ</em></span> <span class='ocrx_word' id='word_1_25' title='bbox 1241 323 1476 375; x_wconf 69' lang='lat' dir='ltr'>relegationem</span> <span class='ocrx_word' id='word_1_26' title='bbox 1497 326 1542 365; x_wconf 74' lang='lat' dir='ltr'><em>ad</em></span> <span class='ocrx_word' id='word_1_27' title='bbox 1566 331 1736 379; x_wconf 79' lang='lat' dir='ltr'><em>proprium</em></span> <span class='ocrx_word' id='word_1_28' title='bbox 1754 330 2020 370; x_wconf 76' lang='lat' dir='ltr'><em>Monasterium.</em></span> 
     </span>
    </p>
   </div>
   <div class='ocr_carea' id='block_1_5' title="bbox 303 377 1180 926">
    <p class='ocr_par' dir='ltr' id='par_1_5' title="bbox 303 377 1180 926">
     <span class='ocr_line' id='line_1_6' title="bbox 311 377 1178 422; baseline -0.013 -3"><span class='ocrx_word' id='word_1_29' title='bbox 311 389 487 419; x_wconf 72' lang='lat' dir='ltr'><em>Provincias</em></span> <span class='ocrx_word' id='word_1_30' title='bbox 510 392 720 420; x_wconf 81' lang='lat' dir='ltr'><em>revertantur.</em></span> <span class='ocrx_word' id='word_1_31' title='bbox 750 381 901 422; x_wconf 75' lang='lat' dir='ltr'><em>,Remanfit</em></span> <span class='ocrx_word' id='word_1_32' title='bbox 920 389 1019 416; x_wconf 80' lang='lat' dir='ltr'><em>autem</em></span> <span class='ocrx_word' id='word_1_33' title='bbox 1036 377 1067 418; x_wconf 90' lang='lat' dir='ltr'><strong><em>J</em></strong></span> <span class='ocrx_word' id='word_1_34' title='bbox 1069 386 1178 408; x_wconf 82' lang='lat' dir='ltr'><em>oannes</em></span> 
     </span>
     <span class='ocr_line' id='line_1_7' title="bbox 308 426 1180 476; baseline -0.014 -5"><span class='ocrx_word' id='word_1_35' title='bbox 308 434 527 473; x_wconf 67' lang='lat' dir='ltr'><em>Antiochenus,</em></span> <span class='ocrx_word' id='word_1_36' title='bbox 551 439 705 476; x_wconf 84' lang='lat' dir='ltr'><em>caeterique</em></span> <span class='ocrx_word' id='word_1_37' title='bbox 726 429 888 473; x_wconf 64' lang='lat' dir='ltr'><em>Epffcopt,</em></span> <span class='ocrx_word' id='word_1_38' title='bbox 911 434 961 473; x_wconf 79' lang='lat' dir='ltr'><em>qui</em></span> <span class='ocrx_word' id='word_1_39' title='bbox 975 434 1080 469; x_wconf 80' lang='lat' dir='ltr'><em>partes</em></span> <span class='ocrx_word' id='word_1_40' title='bbox 1101 426 1180 459; x_wconf 67' lang='lat' dir='ltr'><em>illius</em></span> 
     </span>
     <span class='ocr_line' id='line_1_8' title="bbox 309 476 1178 527; baseline -0.01 -8"><span class='ocrx_word' id='word_1_41' title='bbox 309 486 488 526; x_wconf 77' lang='lat' dir='ltr'><em>tuebantur,</em></span> <span class='ocrx_word' id='word_1_42' title='bbox 517 491 550 517; x_wconf 78' lang='lat' dir='ltr'><em>iu</em></span> <span class='ocrx_word' id='word_1_43' title='bbox 568 483 750 526; x_wconf 76' lang='lat' dir='ltr'><em>separatione</em></span> <span class='ocrx_word' id='word_1_44' title='bbox 768 489 977 527; x_wconf 81' lang='lat' dir='ltr'><em>permanentes</em></span> <span class='ocrx_word' id='word_1_45' title='bbox 1000 502 1005 509; x_wconf 96' lang='lat'>.</span> <span class='ocrx_word' id='word_1_46' title='bbox 1034 476 1178 519; x_wconf 81' lang='lat' dir='ltr'><em>Ingreffus</em></span> 
     </span>
     <span class='ocr_line' id='line_1_9' title="bbox 306 524 1179 575; baseline -0.011 -6"><span class='ocrx_word' id='word_1_47' title='bbox 306 545 410 570; x_wconf 70' lang='lat' dir='ltr'><em>autem</em></span> <span class='ocrx_word' id='word_1_48' title='bbox 431 527 598 575; x_wconf 64' lang='lat' dir='ltr'><em>efl&#39;cyrmus</em></span> <span class='ocrx_word' id='word_1_49' title='bbox 611 530 774 574; x_wconf 77' lang='lat' dir='ltr'><em>Episcopus</em></span> <span class='ocrx_word' id='word_1_50' title='bbox 798 529 1015 564; x_wconf 70' lang='lat' dir='ltr'><em>Alexandriam</em></span> <span class='ocrx_word' id='word_1_51' title='bbox 1028 524 1117 565; x_wconf 59' lang='lat' dir='ltr'><em>Athyr</em></span> <span class='ocrx_word' id='word_1_52' title='bbox 1126 533 1179 559; x_wconf 61' lang='lat' dir='ltr'><em>mb</em></span> 
     </span>
     <span class='ocr_line' id='line_1_10' title="bbox 307 577 1179 627; baseline -0.009 -9"><span class='ocrx_word' id='word_1_53' title='bbox 307 590 372 619; x_wconf 75' lang='lat' dir='ltr'><em>ela:</em></span> <span class='ocrx_word' id='word_1_54' title='bbox 400 588 446 618; x_wconf 83' lang='lat' dir='ltr'><em>Et</em></span> <span class='ocrx_word' id='word_1_55' title='bbox 453 583 582 627; x_wconf 77' lang='lat' dir='ltr'><em>suscepit</em></span> <span class='ocrx_word' id='word_1_56' title='bbox 594 593 658 615; x_wconf 81' lang='lat' dir='ltr'><em>eum</em></span> <span class='ocrx_word' id='word_1_57' title='bbox 680 587 789 615; x_wconf 72' lang='lat' dir='ltr'><em>civitas</em></span> <span class='ocrx_word' id='word_1_58' title='bbox 810 591 875 613; x_wconf 82' lang='lat' dir='ltr'><em>cum</em></span> <span class='ocrx_word' id='word_1_59' title='bbox 884 579 981 615; x_wconf 80' lang='lat' dir='ltr'><em>multa</em></span> <span class='ocrx_word' id='word_1_60' title='bbox 1001 577 1179 614; x_wconf 69' lang='lat' dir='ltr'><em>exultatione</em></span> 
     </span>
     <span class='ocr_line' id='line_1_11' title="bbox 307 626 1177 680; baseline -0.01 -11"><span class='ocrx_word' id='word_1_61' title='bbox 307 636 444 680; x_wconf 64' lang='lat' dir='ltr'><em>&amp;gloria</em></span> <span class='ocrx_word' id='word_1_62' title='bbox 457 659 465 666; x_wconf 89' lang='lat'><strong>.</strong></span> <span class='ocrx_word' id='word_1_63' title='bbox 493 631 606 671; x_wconf 83' lang='lat' dir='ltr'><em>Tertia</em></span> <span class='ocrx_word' id='word_1_64' title='bbox 620 630 781 675; x_wconf 82' lang='lat' dir='ltr'><em>AEgyptii</em></span> <span class='ocrx_word' id='word_1_65' title='bbox 804 626 915 671; x_wconf 82' lang='lat' dir='ltr'>Athyr</span> <span class='ocrx_word' id='word_1_66' title='bbox 937 627 1006 661; x_wconf 83' lang='lat' dir='ltr'><em>dies</em></span> <span class='ocrx_word' id='word_1_67' title='bbox 1026 627 1071 660; x_wconf 89' lang='lat' dir='ltr'><em>est</em></span> <span class='ocrx_word' id='word_1_68' title='bbox 1092 626 1177 670; x_wconf 86' lang='lat' dir='ltr'><em>apud</em></span> 
     </span>
     <span class='ocr_line' id='line_1_12' title="bbox 306 675 1176 728; baseline -0.011 -9"><span class='ocrx_word' id='word_1_69' title='bbox 306 695 368 721; x_wconf 79' lang='lat' dir='ltr'><em>nos</em></span> <span class='ocrx_word' id='word_1_70' title='bbox 388 684 548 728; x_wconf 82' lang='lat' dir='ltr'><em>trigesima</em></span> <span class='ocrx_word' id='word_1_71' title='bbox 572 680 746 716; x_wconf 65' lang='lat' dir='ltr'><em>oaobris.</em></span> <span class='ocrx_word' id='word_1_72' title='bbox 775 678 817 712; x_wconf 85' lang='lat' dir='ltr'><em>Et</em></span> <span class='ocrx_word' id='word_1_73' title='bbox 838 678 959 717; x_wconf 67' lang='lat' dir='ltr'><em>factiosi</em></span> <span class='ocrx_word' id='word_1_74' title='bbox 970 675 1088 722; x_wconf 83' lang='lat' dir='ltr'>Legati</span> <span class='ocrx_word' id='word_1_75' title='bbox 1107 676 1176 720; x_wconf 86' lang='lat' dir='ltr'><em>post</em></span> 
     </span>
     <span class='ocr_line' id='line_1_13' title="bbox 306 727 1177 779; baseline -0.009 -11"><span class='ocrx_word' id='word_1_76' title='bbox 306 735 455 779; x_wconf 79' lang='lat' dir='ltr'><em>quintam</em></span> <span class='ocrx_word' id='word_1_77' title='bbox 479 734 566 771; x_wconf 81' lang='lat' dir='ltr'><em>suam</em></span> <span class='ocrx_word' id='word_1_78' title='bbox 587 731 621 769; x_wconf 84' lang='lat' dir='ltr'><em>in</em></span> <span class='ocrx_word' id='word_1_79' title='bbox 634 727 892 767; x_wconf 77' lang='lat' dir='ltr'><em>Chalcedonensi</em></span> <span class='ocrx_word' id='word_1_80' title='bbox 914 727 1177 766; x_wconf 57' lang='lat' dir='ltr'><em>civitateaPrin·</em></span> 
     </span>
     <span class='ocr_line' id='line_1_14' title="bbox 305 777 1177 827; baseline -0.007 -10"><span class='ocrx_word' id='word_1_81' title='bbox 305 785 376 827; x_wconf 83' lang='lat' dir='ltr'><em>cipe</em></span> <span class='ocrx_word' id='word_1_82' title='bbox 401 781 614 817; x_wconf 79' lang='lat' dir='ltr'><em>Audientiam</em></span> <span class='ocrx_word' id='word_1_83' title='bbox 641 779 830 823; x_wconf 84' lang='lat' dir='ltr'><em>scripserunt</em></span> <span class='ocrx_word' id='word_1_84' title='bbox 855 777 1019 823; x_wconf 82' lang='lat' dir='ltr'>Ephesum</span> <span class='ocrx_word' id='word_1_85' title='bbox 1039 777 1080 813; x_wconf 89' lang='lat' dir='ltr'><em>ad</em></span> <span class='ocrx_word' id='word_1_86' title='bbox 1103 778 1177 814; x_wconf 86' lang='lat' dir='ltr'><em>suos</em></span> 
     </span>
     <span class='ocr_line' id='line_1_15' title="bbox 305 827 1176 877; baseline -0.006 -12"><span class='ocrx_word' id='word_1_87' title='bbox 305 833 482 877; x_wconf 80' lang='lat' dir='ltr'><em>Collegas:</em></span> <span class='ocrx_word' id='word_1_88' title='bbox 511 832 602 871; x_wconf 65' lang='lat' dir='ltr'><em>Porri)</em></span> <span class='ocrx_word' id='word_1_89' title='bbox 625 839 660 863; x_wconf 84' lang='lat' dir='ltr'><em>ut</em></span> <span class='ocrx_word' id='word_1_90' title='bbox 674 827 774 868; x_wconf 69' lang='lat' dir='ltr'><em>‚vestra</em></span> <span class='ocrx_word' id='word_1_91' title='bbox 784 829 933 863; x_wconf 58' lang='lat' dir='ltr'><em>studitae</em></span> <span class='ocrx_word' id='word_1_92' title='bbox 954 834 1046 863; x_wconf 71' lang='lat' dir='ltr'><em>etiam</em></span> <span class='ocrx_word' id='word_1_93' title='bbox 1057 827 1108 862; x_wconf 83' lang='lat' dir='ltr'><em>hoc</em></span> <span class='ocrx_word' id='word_1_94' title='bbox 1118 839 1176 861; x_wconf 79' lang='lat' dir='ltr'><em>non</em></span> 
     </span>
     <span class='ocr_line' id='line_1_16' title="bbox 303 880 1174 926; baseline -0.006 -10"><span class='ocrx_word' id='word_1_95' title='bbox 303 887 418 926; x_wconf 69' lang='lat' dir='ltr'><em>ignoret</em></span> <span class='ocrx_word' id='word_1_96' title='bbox 435 906 447 921; x_wconf 89' lang='lat'>‚</span> <span class='ocrx_word' id='word_1_97' title='bbox 470 880 593 923; x_wconf 68' lang='lat' dir='ltr'><em>scum,</em></span> <span class='ocrx_word' id='word_1_98' title='bbox 619 881 698 922; x_wconf 86' lang='lat' dir='ltr'><em>quod</em></span> <span class='ocrx_word' id='word_1_99' title='bbox 718 880 857 919; x_wconf 74' lang='lat' dir='ltr'><em>videntes</em></span> <span class='ocrx_word' id='word_1_100' title='bbox 882 881 1057 919; x_wconf 64' lang='lat' dir='ltr'><em>cyrillianos</em></span> <span class='ocrx_word' id='word_1_101' title='bbox 1080 886 1174 917; x_wconf 70' lang='lat' dir='ltr'><em>tyran-</em></span> 
     </span>
    </p>
   </div>
   <div class='ocr_carea' id='block_1_6' title="bbox 303 929 1233 974">
    <p class='ocr_par' dir='ltr' id='par_1_6' title="bbox 303 929 1233 974">
     <span class='ocr_line' id='line_1_17' title="bbox 303 929 1233 974; baseline -0.003 -11"><span class='ocrx_word' id='word_1_102' title='bbox 303 933 392 971; x_wconf 79' lang='lat' dir='ltr'><em>nide,</em></span> <span class='ocrx_word' id='word_1_103' title='bbox 418 932 452 969; x_wconf 69' lang='grc' dir='ltr'><em>ὀ*</em></span> <span class='ocrx_word' id='word_1_104' title='bbox 464 929 634 971; x_wconf 72' lang='lat' dir='ltr'><em>fraudibus</em></span> <span class='ocrx_word' id='word_1_105' title='bbox 641 952 653 974; x_wconf 62' lang='lat'>?</span> <span class='ocrx_word' id='word_1_106' title='bbox 677 930 711 962; x_wconf 63' lang='lat'><em>(5</em></span> <span class='ocrx_word' id='word_1_107' title='bbox 729 929 920 969; x_wconf 62' lang='lat' dir='ltr'><em>adulatione,</em></span> <span class='ocrx_word' id='word_1_108' title='bbox 953 931 987 964; x_wconf 62' lang='grc' dir='ltr'>Θ</span> <span class='ocrx_word' id='word_1_109' title='bbox 1009 931 1095 962; x_wconf 73' lang='lat' dir='ltr'><em>donts</em></span> <span class='ocrx_word' id='word_1_110' title='bbox 1118 939 1175 961; x_wconf 85' lang='lat' dir='ltr'><em>om·</em></span> <span class='ocrx_word' id='word_1_111' title='bbox 1230 968 1233 972; x_wconf 21' lang='lat' dir='ltr'><em>A</em></span> 
     </span>
    </p>
   </div>
   <div class='ocr_carea' id='block_1_7' title="bbox 288 979 1180 3218">
    <p class='ocr_par' dir='ltr' id='par_1_7' title="bbox 288 979 1175 1873">
     <span class='ocr_line' id='line_1_18' title="bbox 302 979 1174 1022; baseline -0.003 -9"><span class='ocrx_word' id='word_1_112' title='bbox 302 991 355 1013; x_wconf 83' lang='lat' dir='ltr'><em>nes</em></span> <span class='ocrx_word' id='word_1_113' title='bbox 367 1003 379 1019; x_wconf 91' lang='lat'>,</span> <span class='ocrx_word' id='word_1_114' title='bbox 403 988 437 1013; x_wconf 83' lang='lat' dir='ltr'><em>ut</em></span> <span class='ocrx_word' id='word_1_115' title='bbox 447 985 493 1013; x_wconf 79' lang='lat' dir='ltr'><em>ita</em></span> <span class='ocrx_word' id='word_1_116' title='bbox 503 980 601 1017; x_wconf 67' lang='lat' dir='ltr'><em>ddeam</em></span> <span class='ocrx_word' id='word_1_117' title='bbox 612 1002 622 1019; x_wconf 86' lang='lat'><em>,</em></span> <span class='ocrx_word' id='word_1_118' title='bbox 632 980 769 1022; x_wconf 71' lang='lat' dir='ltr'><em>decepdffe</em></span> <span class='ocrx_word' id='word_1_119' title='bbox 780 1003 791 1020; x_wconf 92' lang='lat'>‚</span> <span class='ocrx_word' id='word_1_120' title='bbox 813 991 872 1013; x_wconf 71' lang='lat' dir='ltr'><em>nou</em></span> <span class='ocrx_word' id='word_1_121' title='bbox 884 982 954 1014; x_wconf 65' lang='lat' dir='ltr'><em>rara</em></span> <span class='ocrx_word' id='word_1_122' title='bbox 969 979 1174 1021; x_wconf 67' lang='lat' dir='ltr'><em>Plentiffimum</em></span> 
     </span>
     <span class='ocr_line' id='line_1_19' title="bbox 300 1028 1172 1076; baseline -0.001 -14"><span class='ocrx_word' id='word_1_123' title='bbox 300 1032 409 1072; x_wconf 74' lang='lat' dir='ltr'><em>Regem</em></span> <span class='ocrx_word' id='word_1_124' title='bbox 437 1030 471 1062; x_wconf 68' lang='grc' dir='ltr'><em>ό·</em></span> <span class='ocrx_word' id='word_1_125' title='bbox 495 1028 791 1076; x_wconf 56' lang='grc' dir='ltr'><em>Μσεηζῇεεηιζῶνηοι</em></span> <span class='ocrx_word' id='word_1_126' title='bbox 823 1032 980 1071; x_wconf 64' lang='lat' dir='ltr'><em>Principes</em></span> <span class='ocrx_word' id='word_1_127' title='bbox 1008 1028 1172 1072; x_wconf 68' lang='lat' dir='ltr'><em>obsecravi-</em></span> 
     </span>
     <span class='ocr_line' id='line_1_20' title="bbox 298 1079 1173 1120; baseline 0.001 -9"><span class='ocrx_word' id='word_1_128' title='bbox 298 1090 364 1115; x_wconf 81' lang='lat' dir='ltr'><em>mus</em></span> <span class='ocrx_word' id='word_1_129' title='bbox 385 1103 396 1120; x_wconf 94' lang='lat'>‚</span> <span class='ocrx_word' id='word_1_130' title='bbox 433 1086 468 1116; x_wconf 84' lang='lat' dir='ltr'><em>ut</em></span> <span class='ocrx_word' id='word_1_131' title='bbox 501 1080 536 1118; x_wconf 67' lang='lat'><em>1&amp;</em></span> <span class='ocrx_word' id='word_1_132' title='bbox 552 1091 605 1117; x_wconf 83' lang='lat' dir='ltr'><em>nos</em></span> <span class='ocrx_word' id='word_1_133' title='bbox 626 1080 673 1112; x_wconf 81' lang='lat' dir='ltr'><em>ad</em></span> <span class='ocrx_word' id='word_1_134' title='bbox 689 1083 842 1113; x_wconf 76' lang='lat' dir='ltr'><em>Orientem</em></span> <span class='ocrx_word' id='word_1_135' title='bbox 864 1082 1077 1119; x_wconf 71' lang='lat' dir='ltr'><em>dimitteremur</em></span> <span class='ocrx_word' id='word_1_136' title='bbox 1102 1102 1113 1118; x_wconf 93' lang='lat'><strong>,</strong></span> <span class='ocrx_word' id='word_1_137' title='bbox 1139 1079 1173 1112; x_wconf 66' lang='grc' dir='ltr'><em>Θ</em></span> 
     </span>
     <span class='ocr_line' id='line_1_21' title="bbox 296 1127 1171 1174; baseline -0.003 -11"><span class='ocrx_word' id='word_1_138' title='bbox 296 1127 397 1169; x_wconf 71' lang='lat' dir='ltr'><em>vestra</em></span> <span class='ocrx_word' id='word_1_139' title='bbox 407 1131 511 1163; x_wconf 70' lang='lat' dir='ltr'><em>Pietas</em></span> <span class='ocrx_word' id='word_1_140' title='bbox 532 1131 577 1163; x_wconf 81' lang='lat' dir='ltr'><em>ad</em></span> <span class='ocrx_word' id='word_1_141' title='bbox 590 1135 719 1171; x_wconf 77' lang='lat' dir='ltr'><em>propria</em></span> <span class='ocrx_word' id='word_1_142' title='bbox 741 1135 938 1174; x_wconf 70' lang='lat' dir='ltr'><em>remigraret.</em></span> <span class='ocrx_word' id='word_1_143' title='bbox 966 1127 1171 1172; x_wconf 71' lang='lat' dir='ltr'><em>cognoscimus</em></span> 
     </span>
     <span class='ocr_line' id='line_1_22' title="bbox 297 1176 1173 1222; baseline -0.003 -8"><span class='ocrx_word' id='word_1_144' title='bbox 297 1185 398 1220; x_wconf 72' lang='lat' dir='ltr'><em>enim,</em></span> <span class='ocrx_word' id='word_1_145' title='bbox 420 1180 538 1222; x_wconf 69' lang='lat' dir='ltr'><em>qualive</em></span> <span class='ocrx_word' id='word_1_146' title='bbox 549 1190 665 1220; x_wconf 65' lang='lat' dir='ltr'><em>panum</em></span> <span class='ocrx_word' id='word_1_147' title='bbox 684 1191 783 1212; x_wconf 79' lang='lat' dir='ltr'><em>moras</em></span> <span class='ocrx_word' id='word_1_148' title='bbox 796 1180 962 1219; x_wconf 67' lang='lat' dir='ltr'><em>nefflmus,</em></span> <span class='ocrx_word' id='word_1_149' title='bbox 990 1176 1173 1217; x_wconf 57' lang='lat' dir='ltr'><em>&amp;Inflatum</em></span> 
     </span>
     <span class='ocr_line' id='line_1_23' title="bbox 295 1226 1173 1272; baseline -0.001 -10"><span class='ocrx_word' id='word_1_150' title='bbox 295 1240 357 1267; x_wconf 67' lang='lat' dir='ltr'><em>non</em></span> <span class='ocrx_word' id='word_1_151' title='bbox 365 1229 558 1272; x_wconf 65' lang='lat' dir='ltr'><em>perficimur,</em></span> <span class='ocrx_word' id='word_1_152' title='bbox 580 1232 612 1263; x_wconf 65' lang='lat' dir='ltr'><em>eb</em></span> <span class='ocrx_word' id='word_1_153' title='bbox 634 1230 849 1272; x_wconf 66' lang='lat' dir='ltr'><em>quodcyrillus</em></span> <span class='ocrx_word' id='word_1_154' title='bbox 874 1228 981 1270; x_wconf 76' lang='lat' dir='ltr'><em>ubique</em></span> <span class='ocrx_word' id='word_1_155' title='bbox 995 1226 1078 1271; x_wconf 74' lang='lat' dir='ltr'><em>fugit</em></span> <span class='ocrx_word' id='word_1_156' title='bbox 1096 1229 1173 1265; x_wconf 56' lang='lat' dir='ltr'><em>collo</em></span> 
     </span>
     <span class='ocr_line' id='line_1_24' title="bbox 291 1278 1173 1323; baseline 0 -12"><span class='ocrx_word' id='word_1_157' title='bbox 291 1285 398 1323; x_wconf 64' lang='lat' dir='ltr'><em>quium</em></span> <span class='ocrx_word' id='word_1_158' title='bbox 422 1279 568 1321; x_wconf 66' lang='lat' dir='ltr'><em>nestrum,</em></span> <span class='ocrx_word' id='word_1_159' title='bbox 591 1278 716 1323; x_wconf 75' lang='lat' dir='ltr'><em>conscius</em></span> <span class='ocrx_word' id='word_1_160' title='bbox 733 1279 791 1322; x_wconf 74' lang='lat' dir='ltr'><em>fibi</em></span> <span class='ocrx_word' id='word_1_161' title='bbox 806 1278 1028 1323; x_wconf 67' lang='lat' dir='ltr'><em>blasphemias,</em></span> <span class='ocrx_word' id='word_1_162' title='bbox 1051 1284 1173 1320; x_wconf 66' lang='lat' dir='ltr'><em>quaein</em></span> 
     </span>
     <span class='ocr_line' id='line_1_25' title="bbox 294 1326 1171 1379; baseline -0.002 -17"><span class='ocrx_word' id='word_1_163' title='bbox 294 1330 451 1364; x_wconf 61' lang='lat' dir='ltr'><em>duodecim</em></span> <span class='ocrx_word' id='word_1_164' title='bbox 484 1331 634 1373; x_wconf 69' lang='lat' dir='ltr'><em>Capitulis</em></span> <span class='ocrx_word' id='word_1_165' title='bbox 665 1329 731 1379; x_wconf 77' lang='lat' dir='ltr'><em>suis</em></span> <span class='ocrx_word' id='word_1_166' title='bbox 761 1326 857 1365; x_wconf 63' lang='lat' dir='ltr'><em>edidit</em></span> <span class='ocrx_word' id='word_1_167' title='bbox 884 1354 894 1370; x_wconf 90' lang='lat'><strong>,</strong></span> <span class='ocrx_word' id='word_1_168' title='bbox 923 1329 1147 1374; x_wconf 77' lang='lat' dir='ltr'><em>redarguendas</em></span> <span class='ocrx_word' id='word_1_169' title='bbox 1164 1352 1171 1360; x_wconf 91' lang='lat'>.</span> 
     </span>
     <span class='ocr_line' id='line_1_26' title="bbox 298 1377 1172 1425; baseline -0.001 -13"><span class='ocrx_word' id='word_1_170' title='bbox 298 1380 416 1414; x_wconf 77' lang='lat' dir='ltr'><em>Placuit</em></span> <span class='ocrx_word' id='word_1_171' title='bbox 434 1390 533 1419; x_wconf 68' lang='lat' dir='ltr'><em>auum</em></span> <span class='ocrx_word' id='word_1_172' title='bbox 549 1381 722 1423; x_wconf 74' lang='lat' dir='ltr'><em>Plentlffimo</em></span> <span class='ocrx_word' id='word_1_173' title='bbox 745 1383 820 1425; x_wconf 75' lang='lat' dir='ltr'><em>Regi</em></span> <span class='ocrx_word' id='word_1_174' title='bbox 828 1379 890 1422; x_wconf 82' lang='lat' dir='ltr'><em>post</em></span> <span class='ocrx_word' id='word_1_175' title='bbox 910 1380 1024 1413; x_wconf 73' lang='lat' dir='ltr'><em>multat</em></span> <span class='ocrx_word' id='word_1_176' title='bbox 1035 1377 1172 1415; x_wconf 72' lang='lat' dir='ltr'><em>adhorta-</em></span> 
     </span>
     <span class='ocr_line' id='line_1_27' title="bbox 295 1427 1175 1476; baseline 0.002 -14"><span class='ocrx_word' id='word_1_177' title='bbox 295 1435 412 1471; x_wconf 74' lang='lat' dir='ltr'><em>tiones,</em></span> <span class='ocrx_word' id='word_1_178' title='bbox 438 1440 473 1469; x_wconf 69' lang='lat' dir='ltr'><em>ur</em></span> <span class='ocrx_word' id='word_1_179' title='bbox 485 1430 594 1476; x_wconf 74' lang='lat' dir='ltr'><em>fingalt</em></span> <span class='ocrx_word' id='word_1_180' title='bbox 613 1432 661 1465; x_wconf 83' lang='lat' dir='ltr'><em>ad</em></span> <span class='ocrx_word' id='word_1_181' title='bbox 663 1436 789 1473; x_wconf 64' lang='lat' dir='ltr'><em>propria</em></span> <span class='ocrx_word' id='word_1_182' title='bbox 799 1432 952 1467; x_wconf 79' lang='lat' dir='ltr'><em>redeamus</em></span> <span class='ocrx_word' id='word_1_183' title='bbox 964 1445 976 1464; x_wconf 91' lang='lat'><em>:</em></span> <span class='ocrx_word' id='word_1_184' title='bbox 1003 1429 1052 1462; x_wconf 77' lang='lat' dir='ltr'><em>Ad</em></span> <span class='ocrx_word' id='word_1_185' title='bbox 1061 1427 1125 1462; x_wconf 77' lang='lat' dir='ltr'><em>haec</em></span> <span class='ocrx_word' id='word_1_186' title='bbox 1142 1435 1175 1464; x_wconf 69' lang='lat' dir='ltr'><em>ut</em></span> 
     </span>
     <span class='ocr_line' id='line_1_28' title="bbox 294 1478 1173 1523; baseline -0.001 -11"><span class='ocrx_word' id='word_1_187' title='bbox 294 1480 503 1523; x_wconf 66' lang='lat' dir='ltr'><em>&amp;AEgspuus</em></span> <span class='ocrx_word' id='word_1_188' title='bbox 527 1483 562 1520; x_wconf 63' lang='grc' dir='ltr'><em>Φ*</em></span> <span class='ocrx_word' id='word_1_189' title='bbox 583 1484 723 1518; x_wconf 74' lang='lat' dir='ltr'><em>Memnon</em></span> <span class='ocrx_word' id='word_1_190' title='bbox 744 1479 887 1522; x_wconf 78' lang='lat' dir='ltr'><em>Ephefiur</em></span> <span class='ocrx_word' id='word_1_191' title='bbox 907 1486 939 1512; x_wconf 80' lang='lat' dir='ltr'><em>in</em></span> <span class='ocrx_word' id='word_1_192' title='bbox 958 1478 1020 1523; x_wconf 74' lang='lat' dir='ltr'><em>ficis</em></span> <span class='ocrx_word' id='word_1_193' title='bbox 1038 1480 1109 1516; x_wconf 78' lang='lat' dir='ltr'><em>lom</em></span> <span class='ocrx_word' id='word_1_194' title='bbox 1130 1490 1173 1517; x_wconf 85' lang='lat' dir='ltr'><em>re-</em></span> 
     </span>
     <span class='ocr_line' id='line_1_29' title="bbox 294 1528 1174 1574; baseline 0.002 -14"><span class='ocrx_word' id='word_1_195' title='bbox 294 1539 438 1564; x_wconf 79' lang='lat' dir='ltr'><em>maneant</em></span> <span class='ocrx_word' id='word_1_196' title='bbox 447 1554 454 1562; x_wconf 91' lang='lat'>.</span> <span class='ocrx_word' id='word_1_197' title='bbox 478 1532 526 1568; x_wconf 75' lang='lat' dir='ltr'><em>su·</em></span> <span class='ocrx_word' id='word_1_198' title='bbox 534 1534 728 1573; x_wconf 72' lang='lat' dir='ltr'><em>enimpoterst</em></span> <span class='ocrx_word' id='word_1_199' title='bbox 742 1528 908 1574; x_wconf 62' lang='lat' dir='ltr'><em>AEgyptius</em></span> <span class='ocrx_word' id='word_1_200' title='bbox 917 1541 1014 1563; x_wconf 85' lang='lat' dir='ltr'><em>omnes</em></span> <span class='ocrx_word' id='word_1_201' title='bbox 1027 1539 1174 1568; x_wconf 67' lang='lat' dir='ltr'><em>excaecare</em></span> 
     </span>
     <span class='ocr_line' id='line_1_30' title="bbox 294 1578 1174 1624; baseline 0.001 -14"><span class='ocrx_word' id='word_1_202' title='bbox 294 1579 463 1613; x_wconf 74' lang='lat' dir='ltr'><em>muneribus</em></span> <span class='ocrx_word' id='word_1_203' title='bbox 483 1578 567 1624; x_wconf 74' lang='lat' dir='ltr'><em>suis.</em></span> <span class='ocrx_word' id='word_1_204' title='bbox 590 1583 638 1613; x_wconf 75' lang='lat' dir='ltr'><em>stc</em></span> <span class='ocrx_word' id='word_1_205' title='bbox 657 1589 692 1613; x_wconf 86' lang='lat' dir='ltr'><em>ut</em></span> <span class='ocrx_word' id='word_1_206' title='bbox 713 1581 762 1613; x_wconf 73' lang='lat' dir='ltr'><em>ille</em></span> <span class='ocrx_word' id='word_1_207' title='bbox 776 1581 914 1622; x_wconf 74' lang='lat' dir='ltr'><em>quidem,</em></span> <span class='ocrx_word' id='word_1_208' title='bbox 941 1592 1005 1614; x_wconf 86' lang='lat' dir='ltr'><em>cum</em></span> <span class='ocrx_word' id='word_1_209' title='bbox 1019 1585 1174 1615; x_wconf 69' lang='lat' dir='ltr'><em>tnnumem</em></span> 
     </span>
     <span class='ocr_line' id='line_1_31' title="bbox 288 1626 1174 1673; baseline 0.001 -13"><span class='ocrx_word' id='word_1_210' title='bbox 288 1626 395 1672; x_wconf 78' lang='lat' dir='ltr'><em>fecerit</em></span> <span class='ocrx_word' id='word_1_211' title='bbox 414 1629 497 1665; x_wconf 74' lang='lat' dir='ltr'><em>mala</em></span> <span class='ocrx_word' id='word_1_212' title='bbox 517 1653 529 1668; x_wconf 92' lang='lat'>,</span> <span class='ocrx_word' id='word_1_213' title='bbox 552 1631 597 1666; x_wconf 73' lang='lat' dir='ltr'><em>ad</em></span> <span class='ocrx_word' id='word_1_214' title='bbox 617 1628 765 1662; x_wconf 85' lang='lat' dir='ltr'><em>Thronum</em></span> <span class='ocrx_word' id='word_1_215' title='bbox 780 1629 867 1673; x_wconf 83' lang='lat' dir='ltr'><em>suum</em></span> <span class='ocrx_word' id='word_1_216' title='bbox 895 1632 1001 1668; x_wconf 77' lang='lat' dir='ltr'><em>redeat</em></span> <span class='ocrx_word' id='word_1_217' title='bbox 1022 1653 1032 1668; x_wconf 88' lang='lat'>‚</span> <span class='ocrx_word' id='word_1_218' title='bbox 1056 1627 1103 1668; x_wconf 73' lang='lat' dir='ltr'><em>iste</em></span> <span class='ocrx_word' id='word_1_219' title='bbox 1122 1634 1174 1662; x_wconf 75' lang='lat' dir='ltr'><em>vir</em></span> 
     </span>
     <span class='ocr_line' id='line_1_32' title="bbox 294 1677 1172 1724; baseline 0.002 -15"><span class='ocrx_word' id='word_1_220' title='bbox 294 1683 449 1721; x_wconf 75' lang='lat' dir='ltr'><em>innocens,</em></span> <span class='ocrx_word' id='word_1_221' title='bbox 477 1677 651 1719; x_wconf 84' lang='lat' dir='ltr'><em>Nestorius</em></span> <span class='ocrx_word' id='word_1_222' title='bbox 664 1702 675 1718; x_wconf 93' lang='lat'><strong>,</strong></span> <span class='ocrx_word' id='word_1_223' title='bbox 696 1684 755 1712; x_wconf 73' lang='lat' dir='ltr'><em>vix</em></span> <span class='ocrx_word' id='word_1_224' title='bbox 766 1681 811 1711; x_wconf 82' lang='lat' dir='ltr'><em>ad</em></span> <span class='ocrx_word' id='word_1_225' title='bbox 823 1678 914 1723; x_wconf 82' lang='lat' dir='ltr'><em>suam</em></span> <span class='ocrx_word' id='word_1_226' title='bbox 934 1677 1106 1724; x_wconf 76' lang='lat' dir='ltr'><em>manfionem</em></span> <span class='ocrx_word' id='word_1_227' title='bbox 1128 1679 1172 1711; x_wconf 71' lang='lat' dir='ltr'><em>dt-</em></span> 
     </span>
     <span class='ocr_line' id='line_1_33' title="bbox 294 1726 1171 1773; baseline 0.002 -13"><span class='ocrx_word' id='word_1_228' title='bbox 294 1733 452 1764; x_wconf 78' lang='lat' dir='ltr'><em>mmatur.</em></span> <span class='ocrx_word' id='word_1_229' title='bbox 479 1728 611 1773; x_wconf 82' lang='lat' dir='ltr'><em>Nempe</em></span> <span class='ocrx_word' id='word_1_230' title='bbox 633 1728 674 1762; x_wconf 82' lang='lat' dir='ltr'><em>ad</em></span> <span class='ocrx_word' id='word_1_231' title='bbox 697 1727 805 1762; x_wconf 75' lang='lat' dir='ltr'><em>Sanffl</em></span> <span class='ocrx_word' id='word_1_232' title='bbox 825 1726 986 1772; x_wconf 76' lang='lat' dir='ltr'><em>vEuprepii</em></span> <span class='ocrx_word' id='word_1_233' title='bbox 1007 1727 1171 1763; x_wconf 81' lang='lat' dir='ltr'><em>Monaste·</em></span> 
     </span>
     <span class='ocr_line' id='line_1_34' title="bbox 292 1775 1170 1827; baseline 0.001 -15"><span class='ocrx_word' id='word_1_234' title='bbox 292 1778 397 1815; x_wconf 81' lang='lat' dir='ltr'><em>rium.</em></span> <span class='ocrx_word' id='word_1_235' title='bbox 427 1779 512 1827; x_wconf 77' lang='lat' dir='ltr'><em>Qae</em></span> <span class='ocrx_word' id='word_1_236' title='bbox 523 1775 638 1817; x_wconf 80' lang='lat' dir='ltr'><em>omnia</em></span> <span class='ocrx_word' id='word_1_237' title='bbox 648 1778 771 1817; x_wconf 68' lang='lat' dir='ltr'><em>ciarum</em></span> <span class='ocrx_word' id='word_1_238' title='bbox 791 1778 838 1814; x_wconf 87' lang='lat' dir='ltr'><em>est</em></span> <span class='ocrx_word' id='word_1_239' title='bbox 858 1779 989 1822; x_wconf 81' lang='lat' dir='ltr'><em>penitus</em></span> <span class='ocrx_word' id='word_1_240' title='bbox 1009 1778 1170 1816; x_wconf 79' lang='lat' dir='ltr'><em>adversari</em></span> 
     </span>
     <span class='ocr_line' id='line_1_35' title="bbox 294 1826 866 1873; baseline 0 -12"><span class='ocrx_word' id='word_1_241' title='bbox 294 1827 374 1865; x_wconf 83' lang='lat' dir='ltr'><em>huic</em></span> <span class='ocrx_word' id='word_1_242' title='bbox 394 1829 496 1863; x_wconf 78' lang='lat' dir='ltr'><em>Sacrae</em></span> <span class='ocrx_word' id='word_1_243' title='bbox 514 1827 667 1873; x_wconf 65' lang='lat' dir='ltr'><em>Juffioni‚</em></span> <span class='ocrx_word' id='word_1_244' title='bbox 863 1826 866 1827; x_wconf 44' lang='lat'><em>⁷</em></span> 
     </span>
    </p>

    <p class='ocr_par' dir='ltr' id='par_1_8' title="bbox 292 1875 1180 3218">
     <span class='ocr_line' id='line_1_36' title="bbox 343 1875 1173 1922; baseline -0.001 -12"><span class='ocrx_word' id='word_1_245' title='bbox 343 1875 543 1920; x_wconf 82' lang='lat' dir='ltr'><em>Respondeo</em></span> <span class='ocrx_word' id='word_1_246' title='bbox 564 1877 796 1922; x_wconf 77' lang='lat' dir='ltr'><em>distinguenda</em></span> <span class='ocrx_word' id='word_1_247' title='bbox 818 1879 881 1911; x_wconf 69' lang='lat' dir='ltr'><em>esse</em></span> <span class='ocrx_word' id='word_1_248' title='bbox 891 1887 1060 1921; x_wconf 85' lang='lat' dir='ltr'><em>tempora,</em></span> <span class='ocrx_word' id='word_1_249' title='bbox 1085 1876 1119 1910; x_wconf 74' lang='grc' dir='ltr'>ἀ</span> <span class='ocrx_word' id='word_1_250' title='bbox 1132 1876 1173 1909; x_wconf 88' lang='lat' dir='ltr'><em>fic</em></span> 
     </span>
     <span class='ocr_line' id='line_1_37' title="bbox 292 1925 1174 1970; baseline -0.002 -9"><span class='ocrx_word' id='word_1_251' title='bbox 292 1927 407 1961; x_wconf 88' lang='lat' dir='ltr'><em>omnia</em></span> <span class='ocrx_word' id='word_1_252' title='bbox 418 1926 579 1962; x_wconf 86' lang='lat' dir='ltr'><em>cohaerere</em></span> <span class='ocrx_word' id='word_1_253' title='bbox 593 1951 601 1958; x_wconf 91' lang='lat'><strong>.</strong></span> <span class='ocrx_word' id='word_1_254' title='bbox 622 1928 716 1961; x_wconf 81' lang='lat' dir='ltr'><em>Sacra</em></span> <span class='ocrx_word' id='word_1_255' title='bbox 738 1925 805 1962; x_wconf 78' lang='lat' dir='ltr'><em>haec</em></span> <span class='ocrx_word' id='word_1_256' title='bbox 815 1927 913 1970; x_wconf 82' lang='lat' dir='ltr'><em>Jussio</em></span> <span class='ocrx_word' id='word_1_257' title='bbox 932 1926 1095 1963; x_wconf 81' lang='lat' dir='ltr'><em>emanavit</em></span> <span class='ocrx_word' id='word_1_258' title='bbox 1117 1925 1174 1959; x_wconf 87' lang='lat' dir='ltr'><em>sta·</em></span> 
     </span>
     <span class='ocr_line' id='line_1_38' title="bbox 293 1975 1172 2023; baseline -0.002 -12"><span class='ocrx_word' id='word_1_259' title='bbox 293 1979 354 2011; x_wconf 89' lang='lat' dir='ltr'><em>tim</em></span> <span class='ocrx_word' id='word_1_260' title='bbox 377 1977 448 2020; x_wconf 88' lang='lat' dir='ltr'><em>post</em></span> <span class='ocrx_word' id='word_1_261' title='bbox 482 1977 624 2010; x_wconf 87' lang='lat' dir='ltr'><em>reditum</em></span> <span class='ocrx_word' id='word_1_262' title='bbox 653 1977 792 2023; x_wconf 68' lang='lat' dir='ltr'><em>joannis</em></span> <span class='ocrx_word' id='word_1_263' title='bbox 827 1978 970 2012; x_wconf 87' lang='lat' dir='ltr'><em>Comitis</em></span> <span class='ocrx_word' id='word_1_264' title='bbox 992 2001 1000 2012; x_wconf 78' lang='grc'><em>,.</em></span> <span class='ocrx_word' id='word_1_265' title='bbox 1030 1976 1082 2008; x_wconf 89' lang='lat' dir='ltr'><em>Ex</em></span> <span class='ocrx_word' id='word_1_266' title='bbox 1105 1975 1172 2018; x_wconf 82' lang='lat' dir='ltr'><em>ipso</em></span> 
     </span>
     <span class='ocr_line' id='line_1_39' title="bbox 294 2023 1174 2069; baseline -0.002 -10"><span class='ocrx_word' id='word_1_267' title='bbox 294 2025 507 2060; x_wconf 83' lang='lat' dir='ltr'><em>Theodosius</em></span> <span class='ocrx_word' id='word_1_268' title='bbox 518 2023 654 2062; x_wconf 80' lang='lat' dir='ltr'><em>audiens</em></span> <span class='ocrx_word' id='word_1_269' title='bbox 665 2026 790 2059; x_wconf 83' lang='lat' dir='ltr'><em>nullam</em></span> <span class='ocrx_word' id='word_1_270' title='bbox 803 2026 865 2061; x_wconf 77' lang='lat' dir='ltr'><em>effe</em></span> <span class='ocrx_word' id='word_1_271' title='bbox 877 2027 963 2069; x_wconf 87' lang='lat' dir='ltr'><em>spem</em></span> <span class='ocrx_word' id='word_1_272' title='bbox 987 2024 1174 2063; x_wconf 69' lang='lat' dir='ltr'><em>obtinendae</em></span> 
     </span>
     <span class='ocr_line' id='line_1_40' title="bbox 296 2073 1173 2120; baseline -0.003 -9"><span class='ocrx_word' id='word_1_273' title='bbox 296 2077 381 2111; x_wconf 84' lang='lat' dir='ltr'><em>inter</em></span> <span class='ocrx_word' id='word_1_274' title='bbox 401 2085 507 2118; x_wconf 85' lang='lat' dir='ltr'><em>partes</em></span> <span class='ocrx_word' id='word_1_275' title='bbox 528 2075 712 2112; x_wconf 67' lang='lat' dir='ltr'><em>concordie</em></span> <span class='ocrx_word' id='word_1_276' title='bbox 735 2098 746 2115; x_wconf 91' lang='lat'><strong><em>,</em></strong></span> <span class='ocrx_word' id='word_1_277' title='bbox 778 2075 876 2111; x_wconf 88' lang='lat' dir='ltr'><em>solvit</em></span> <span class='ocrx_word' id='word_1_278' title='bbox 898 2074 1071 2120; x_wconf 84' lang='lat' dir='ltr'><em>synodum</em></span> <span class='ocrx_word' id='word_1_279' title='bbox 1097 2097 1109 2113; x_wconf 92' lang='lat'><strong>,</strong></span> <span class='ocrx_word' id='word_1_280' title='bbox 1140 2073 1173 2109; x_wconf 87' lang='lat'>&amp;</span> 
     </span>
     <span class='ocr_line' id='line_1_41' title="bbox 296 2123 1173 2170; baseline -0.001 -9"><span class='ocrx_word' id='word_1_281' title='bbox 296 2127 432 2161; x_wconf 61' lang='lat' dir='ltr'><em>cunaos</em></span> <span class='ocrx_word' id='word_1_282' title='bbox 454 2125 576 2159; x_wconf 82' lang='lat' dir='ltr'><em>remisit</em></span> <span class='ocrx_word' id='word_1_283' title='bbox 589 2126 628 2160; x_wconf 88' lang='lat' dir='ltr'><em>ad</em></span> <span class='ocrx_word' id='word_1_284' title='bbox 641 2125 787 2170; x_wconf 85' lang='lat' dir='ltr'><em>propria.</em></span> <span class='ocrx_word' id='word_1_285' title='bbox 815 2124 970 2168; x_wconf 85' lang='lat' dir='ltr'><em>Exceptis</em></span> <span class='ocrx_word' id='word_1_286' title='bbox 991 2123 1122 2169; x_wconf 83' lang='lat' dir='ltr'><em>Cyrillo</em></span> <span class='ocrx_word' id='word_1_287' title='bbox 1140 2123 1173 2160; x_wconf 74' lang='grc' dir='ltr'><em>ὅ(</em></span> 
     </span>
     <span class='ocr_line' id='line_1_42' title="bbox 296 2172 1173 2221; baseline -0.003 -10"><span class='ocrx_word' id='word_1_288' title='bbox 296 2177 484 2212; x_wconf 82' lang='lat' dir='ltr'><em>Memnone</em></span> <span class='ocrx_word' id='word_1_289' title='bbox 510 2199 522 2216; x_wconf 86' lang='lat'><strong>,</strong></span> <span class='ocrx_word' id='word_1_290' title='bbox 551 2186 635 2221; x_wconf 87' lang='lat' dir='ltr'><em>quos</em></span> <span class='ocrx_word' id='word_1_291' title='bbox 658 2174 916 2218; x_wconf 88' lang='lat' dir='ltr'><em>circumscriptus</em></span> <span class='ocrx_word' id='word_1_292' title='bbox 946 2172 1086 2208; x_wconf 88' lang='lat' dir='ltr'><em>credidit</em></span> <span class='ocrx_word' id='word_1_293' title='bbox 1106 2173 1173 2208; x_wconf 87' lang='lat' dir='ltr'><em>Au·</em></span> 
     </span>
     <span class='ocr_line' id='line_1_43' title="bbox 295 2224 1174 2267; baseline -0.002 -7"><span class='ocrx_word' id='word_1_294' title='bbox 295 2226 408 2261; x_wconf 86' lang='lat' dir='ltr'><em>thores</em></span> <span class='ocrx_word' id='word_1_295' title='bbox 426 2224 528 2261; x_wconf 87' lang='lat' dir='ltr'><em>totius</em></span> <span class='ocrx_word' id='word_1_296' title='bbox 555 2226 633 2262; x_wconf 84' lang='lat' dir='ltr'><em>mali</em></span> <span class='ocrx_word' id='word_1_297' title='bbox 655 2250 666 2266; x_wconf 93' lang='lat'>‚</span> <span class='ocrx_word' id='word_1_298' title='bbox 692 2225 830 2266; x_wconf 84' lang='lat' dir='ltr'><em>ideoque</em></span> <span class='ocrx_word' id='word_1_299' title='bbox 860 2224 893 2258; x_wconf 88' lang='lat' dir='ltr'><em>in</em></span> <span class='ocrx_word' id='word_1_300' title='bbox 919 2224 1004 2267; x_wconf 80' lang='lat' dir='ltr'><em>ipsos</em></span> <span class='ocrx_word' id='word_1_301' title='bbox 1033 2224 1174 2258; x_wconf 84' lang='lat' dir='ltr'><em>firmavit</em></span> 
     </span>
     <span class='ocr_line' id='line_1_44' title="bbox 297 2273 1175 2323; baseline -0.005 -12"><span class='ocrx_word' id='word_1_302' title='bbox 297 2278 394 2312; x_wconf 87' lang='lat' dir='ltr'><em>suum</em></span> <span class='ocrx_word' id='word_1_303' title='bbox 416 2275 594 2319; x_wconf 82' lang='lat' dir='ltr'><em>judicium.</em></span> <span class='ocrx_word' id='word_1_304' title='bbox 617 2274 712 2323; x_wconf 80' lang='lat' dir='ltr'><em>Qid</em></span> <span class='ocrx_word' id='word_1_305' title='bbox 733 2284 813 2309; x_wconf 87' lang='lat' dir='ltr'><em>tunc</em></span> <span class='ocrx_word' id='word_1_306' title='bbox 833 2275 873 2308; x_wconf 88' lang='lat' dir='ltr'><em>de</em></span> <span class='ocrx_word' id='word_1_307' title='bbox 886 2273 1042 2308; x_wconf 87' lang='lat' dir='ltr'><em>Nestorio</em></span> <span class='ocrx_word' id='word_1_308' title='bbox 1062 2273 1175 2308; x_wconf 83' lang='lat' dir='ltr'><em>statue·</em></span> 
     </span>
     <span class='ocr_line' id='line_1_45' title="bbox 298 2324 1174 2369; baseline -0.003 -9"><span class='ocrx_word' id='word_1_309' title='bbox 298 2327 365 2366; x_wconf 81' lang='lat' dir='ltr'><em>rit,</em></span> <span class='ocrx_word' id='word_1_310' title='bbox 387 2325 429 2359; x_wconf 92' lang='lat' dir='ltr'><em>de</em></span> <span class='ocrx_word' id='word_1_311' title='bbox 453 2336 521 2369; x_wconf 91' lang='lat' dir='ltr'><em>quo</em></span> <span class='ocrx_word' id='word_1_312' title='bbox 542 2325 728 2365; x_wconf 61' lang='lat' dir='ltr'><em>Sacranos:</em></span> <span class='ocrx_word' id='word_1_313' title='bbox 752 2324 903 2360; x_wconf 84' lang='lat' dir='ltr'><em>meminit</em></span> <span class='ocrx_word' id='word_1_314' title='bbox 925 2349 935 2365; x_wconf 89' lang='lat'>,</span> <span class='ocrx_word' id='word_1_315' title='bbox 965 2335 1032 2359; x_wconf 90' lang='lat' dir='ltr'><em>non</em></span> <span class='ocrx_word' id='word_1_316' title='bbox 1061 2324 1174 2367; x_wconf 83' lang='lat' dir='ltr'><em>poffim</em></span> 
     </span>
     <span class='ocr_line' id='line_1_46' title="bbox 296 2373 1175 2419; baseline -0.002 -9"><span class='ocrx_word' id='word_1_317' title='bbox 296 2378 412 2411; x_wconf 87' lang='lat' dir='ltr'><em>firmus</em></span> <span class='ocrx_word' id='word_1_318' title='bbox 421 2375 597 2412; x_wconf 83' lang='lat' dir='ltr'><em>affirmare·</em></span> <span class='ocrx_word' id='word_1_319' title='bbox 627 2375 790 2412; x_wconf 81' lang='lat' dir='ltr'><em>Existimo</em></span> <span class='ocrx_word' id='word_1_320' title='bbox 801 2374 889 2419; x_wconf 87' lang='lat' dir='ltr'><em>quod</em></span> <span class='ocrx_word' id='word_1_321' title='bbox 912 2374 979 2417; x_wconf 87' lang='lat' dir='ltr'><em>ejus</em></span> <span class='ocrx_word' id='word_1_322' title='bbox 996 2373 1175 2410; x_wconf 83' lang='lat' dir='ltr'><em>damnatio·</em></span> 
     </span>
     <span class='ocr_line' id='line_1_47' title="bbox 298 2423 1176 2465; baseline -0.006 -5"><span class='ocrx_word' id='word_1_323' title='bbox 298 2437 376 2460; x_wconf 88' lang='lat' dir='ltr'><em>nem</em></span> <span class='ocrx_word' id='word_1_324' title='bbox 398 2425 482 2460; x_wconf 78' lang='lat' dir='ltr'><em>adeo</em></span> <span class='ocrx_word' id='word_1_325' title='bbox 505 2434 606 2459; x_wconf 83' lang='lat' dir='ltr'><em>ratam</em></span> <span class='ocrx_word' id='word_1_326' title='bbox 625 2425 755 2459; x_wconf 79' lang='lat' dir='ltr'><em>duxerit</em></span> <span class='ocrx_word' id='word_1_327' title='bbox 768 2449 778 2465; x_wconf 91' lang='lat'>‚</span> <span class='ocrx_word' id='word_1_328' title='bbox 809 2434 846 2457; x_wconf 89' lang='lat' dir='ltr'><em>ut</em></span> <span class='ocrx_word' id='word_1_329' title='bbox 866 2423 1027 2457; x_wconf 74' lang='lat' dir='ltr'><em>censuerit</em></span> <span class='ocrx_word' id='word_1_330' title='bbox 1039 2433 1100 2456; x_wconf 85' lang='lat' dir='ltr'><em>nec</em></span> <span class='ocrx_word' id='word_1_331' title='bbox 1123 2434 1176 2455; x_wconf 87' lang='lat' dir='ltr'><em>ex-</em></span> 
     </span>
     <span class='ocr_line' id='line_1_48' title="bbox 301 2471 1177 2521; baseline -0.005 -12"><span class='ocrx_word' id='word_1_332' title='bbox 301 2474 506 2521; x_wconf 84' lang='lat' dir='ltr'><em>primendam</em></span> <span class='ocrx_word' id='word_1_333' title='bbox 520 2498 531 2516; x_wconf 92' lang='lat'>,</span> <span class='ocrx_word' id='word_1_334' title='bbox 553 2485 613 2508; x_wconf 90' lang='lat' dir='ltr'><em>nec</em></span> <span class='ocrx_word' id='word_1_335' title='bbox 625 2472 851 2510; x_wconf 85' lang='lat' dir='ltr'><em>stabiliendam</em></span> <span class='ocrx_word' id='word_1_336' title='bbox 862 2497 870 2505; x_wconf 94' lang='lat'><strong>.</strong></span> <span class='ocrx_word' id='word_1_337' title='bbox 888 2471 1008 2516; x_wconf 77' lang='lat' dir='ltr'><em>Cytilii</em></span> <span class='ocrx_word' id='word_1_338' title='bbox 1020 2483 1058 2506; x_wconf 87' lang='lat' dir='ltr'><em>ac</em></span> <span class='ocrx_word' id='word_1_339' title='bbox 1070 2472 1177 2506; x_wconf 89' lang='lat' dir='ltr'><em>Mem-</em></span> 
     </span>
     <span class='ocr_line' id='line_1_49' title="bbox 298 2522 1174 2569; baseline -0.005 -9"><span class='ocrx_word' id='word_1_340' title='bbox 298 2525 398 2560; x_wconf 88' lang='lat' dir='ltr'><em>nonis</em></span> <span class='ocrx_word' id='word_1_341' title='bbox 421 2533 489 2560; x_wconf 89' lang='lat' dir='ltr'><em>erat</em></span> <span class='ocrx_word' id='word_1_342' title='bbox 514 2522 615 2569; x_wconf 71' lang='lat' dir='ltr'><em>longe</em></span> <span class='ocrx_word' id='word_1_343' title='bbox 638 2524 701 2557; x_wconf 85' lang='lat' dir='ltr'><em>alia</em></span> <span class='ocrx_word' id='word_1_344' title='bbox 719 2524 823 2558; x_wconf 85' lang='lat' dir='ltr'><em>ratio.</em></span> <span class='ocrx_word' id='word_1_345' title='bbox 846 2522 923 2557; x_wconf 87' lang='lat' dir='ltr'><em>Hos</em></span> <span class='ocrx_word' id='word_1_346' title='bbox 942 2522 1032 2556; x_wconf 86' lang='lat' dir='ltr'><em>enim</em></span> <span class='ocrx_word' id='word_1_347' title='bbox 1067 2523 1174 2559; x_wconf 68' lang='lat' dir='ltr'><em>Sansti</em></span> 
     </span>
     <span class='ocr_line' id='line_1_50' title="bbox 297 2571 1176 2617; baseline -0.003 -8"><span class='ocrx_word' id='word_1_348' title='bbox 297 2574 460 2611; x_wconf 72' lang='lat' dir='ltr'><em>Celestini</em></span> <span class='ocrx_word' id='word_1_349' title='bbox 477 2573 651 2608; x_wconf 71' lang='lat' dir='ltr'><em>pontificis</em></span> <span class='ocrx_word' id='word_1_350' title='bbox 661 2573 803 2617; x_wconf 83' lang='lat' dir='ltr'><em>Legatio</em></span> <span class='ocrx_word' id='word_1_351' title='bbox 814 2572 995 2606; x_wconf 83' lang='lat' dir='ltr'><em>restituerat</em></span> <span class='ocrx_word' id='word_1_352' title='bbox 1006 2595 1017 2610; x_wconf 91' lang='lat'>,</span> <span class='ocrx_word' id='word_1_353' title='bbox 1035 2571 1176 2615; x_wconf 88' lang='lat' dir='ltr'><em>ideoque</em></span> 
     </span>
     <span class='ocr_line' id='line_1_51' title="bbox 302 2621 1176 2665; baseline -0.005 -7"><span class='ocrx_word' id='word_1_354' title='bbox 302 2623 447 2660; x_wconf 74' lang='lat' dir='ltr'><em>anterius</em></span> <span class='ocrx_word' id='word_1_355' title='bbox 466 2622 628 2665; x_wconf 87' lang='lat' dir='ltr'><em>Principis</em></span> <span class='ocrx_word' id='word_1_356' title='bbox 651 2622 810 2664; x_wconf 81' lang='lat' dir='ltr'><em>judicium</em></span> <span class='ocrx_word' id='word_1_357' title='bbox 832 2629 897 2653; x_wconf 87' lang='lat' dir='ltr'><em>erat</em></span> <span class='ocrx_word' id='word_1_358' title='bbox 918 2621 1059 2654; x_wconf 87' lang='lat' dir='ltr'><em>omnino</em></span> <span class='ocrx_word' id='word_1_359' title='bbox 1083 2622 1176 2657; x_wconf 86' lang='lat' dir='ltr'><em>inno-</em></span> 
     </span>
     <span class='ocr_line' id='line_1_52' title="bbox 297 2670 1175 2714; baseline -0.003 -6"><span class='ocrx_word' id='word_1_360' title='bbox 297 2674 446 2708; x_wconf 73' lang='lat' dir='ltr'><em>‹vandurn</em></span> <span class='ocrx_word' id='word_1_361' title='bbox 463 2697 470 2704; x_wconf 91' lang='lat'><strong>.</strong></span> <span class='ocrx_word' id='word_1_362' title='bbox 491 2670 617 2707; x_wconf 70' lang='lat' dir='ltr'><em>Verum</em></span> <span class='ocrx_word' id='word_1_363' title='bbox 631 2671 730 2714; x_wconf 86' lang='lat' dir='ltr'><em>Juffio</em></span> <span class='ocrx_word' id='word_1_364' title='bbox 742 2670 868 2703; x_wconf 87' lang='lat' dir='ltr'><em>videtur</em></span> <span class='ocrx_word' id='word_1_365' title='bbox 891 2681 957 2703; x_wconf 88' lang='lat' dir='ltr'><em>non</em></span> <span class='ocrx_word' id='word_1_366' title='bbox 970 2670 1063 2704; x_wconf 77' lang='lat' dir='ltr'><em>fuisse</em></span> <span class='ocrx_word' id='word_1_367' title='bbox 1085 2672 1175 2706; x_wconf 72' lang='lat' dir='ltr'><em>missa</em></span> 
     </span>
     <span class='ocr_line' id='line_1_53' title="bbox 301 2719 1176 2766; baseline -0.002 -9"><span class='ocrx_word' id='word_1_368' title='bbox 301 2725 337 2757; x_wconf 83' lang='lat' dir='ltr'><em>in</em></span> <span class='ocrx_word' id='word_1_369' title='bbox 351 2722 539 2766; x_wconf 84' lang='lat' dir='ltr'><em>publicum.</em></span> <span class='ocrx_word' id='word_1_370' title='bbox 561 2721 695 2755; x_wconf 87' lang='lat' dir='ltr'><em>Etenim</em></span> <span class='ocrx_word' id='word_1_371' title='bbox 707 2721 751 2755; x_wconf 89' lang='lat' dir='ltr'><em>ob</em></span> <span class='ocrx_word' id='word_1_372' title='bbox 762 2720 904 2756; x_wconf 81' lang='lat' dir='ltr'><em>rationes</em></span> <span class='ocrx_word' id='word_1_373' title='bbox 927 2719 1048 2765; x_wconf 81' lang='lat' dir='ltr'><em>placuit</em></span> <span class='ocrx_word' id='word_1_374' title='bbox 1069 2720 1176 2755; x_wconf 82' lang='lat' dir='ltr'><em>adhuc</em></span> 
     </span>
     <span class='ocr_line' id='line_1_54' title="bbox 300 2770 1175 2817; baseline -0.005 -9"><span class='ocrx_word' id='word_1_375' title='bbox 300 2783 427 2808; x_wconf 80' lang='lat' dir='ltr'><em>tentare</em></span> <span class='ocrx_word' id='word_1_376' title='bbox 450 2781 584 2814; x_wconf 83' lang='lat' dir='ltr'><em>pacem,</em></span> <span class='ocrx_word' id='word_1_377' title='bbox 604 2771 638 2806; x_wconf 75' lang='grc' dir='ltr'><em>δε</em></span> <span class='ocrx_word' id='word_1_378' title='bbox 659 2772 796 2817; x_wconf 83' lang='lat' dir='ltr'><em>partium</em></span> <span class='ocrx_word' id='word_1_379' title='bbox 817 2770 965 2815; x_wconf 85' lang='lat' dir='ltr'><em>Legatos-</em></span> <span class='ocrx_word' id='word_1_380' title='bbox 980 2781 1113 2806; x_wconf 88' lang='lat' dir='ltr'><em>evocare</em></span> <span class='ocrx_word' id='word_1_381' title='bbox 1135 2771 1175 2804; x_wconf 85' lang='lat' dir='ltr'><em>ad</em></span> 
     </span>
     <span class='ocr_line' id='line_1_55' title="bbox 303 2820 1177 2864; baseline -0.001 -7"><span class='ocrx_word' id='word_1_382' title='bbox 303 2825 419 2858; x_wconf 81' lang='lat' dir='ltr'>Sacros</span> <span class='ocrx_word' id='word_1_383' title='bbox 438 2820 554 2855; x_wconf 83' lang='lat' dir='ltr'><em>oculos</em></span> <span class='ocrx_word' id='word_1_384' title='bbox 579 2821 612 2854; x_wconf 74' lang='grc' dir='ltr'><em>δε</em></span> <span class='ocrx_word' id='word_1_385' title='bbox 633 2832 723 2856; x_wconf 83' lang='lat' dir='ltr'><em>aures</em></span> <span class='ocrx_word' id='word_1_386' title='bbox 744 2820 921 2864; x_wconf 82' lang='lat' dir='ltr'><em>Principis.</em></span> <span class='ocrx_word' id='word_1_387' title='bbox 944 2820 1081 2854; x_wconf 83' lang='lat' dir='ltr'><em>Evocati</em></span> <span class='ocrx_word' id='word_1_388' title='bbox 1104 2821 1177 2856; x_wconf 87' lang='lat' dir='ltr'><em>sunt</em></span> 
     </span>
     <span class='ocr_line' id='line_1_56' title="bbox 303 2869 1177 2919; baseline -0.005 -10"><span class='ocrx_word' id='word_1_389' title='bbox 303 2874 615 2915; x_wconf 64' lang='lat' dir='ltr'><em>&amp;comparuerunn</em></span> <span class='ocrx_word' id='word_1_390' title='bbox 640 2871 683 2906; x_wconf 84' lang='lat' dir='ltr'><em>Et</em></span> <span class='ocrx_word' id='word_1_391' title='bbox 695 2871 906 2919; x_wconf 84' lang='lat' dir='ltr'><em>contigerunt</em></span> <span class='ocrx_word' id='word_1_392' title='bbox 926 2869 981 2904; x_wconf 83' lang='lat' dir='ltr'><em>illa</em></span> <span class='ocrx_word' id='word_1_393' title='bbox 994 2894 1004 2910; x_wconf 90' lang='lat'><em>,</em></span> <span class='ocrx_word' id='word_1_394' title='bbox 1025 2882 1093 2914; x_wconf 82' lang='lat' dir='ltr'><em>quae</em></span> <span class='ocrx_word' id='word_1_395' title='bbox 1113 2872 1177 2915; x_wconf 83' lang='lat' dir='ltr'><em>jam</em></span> 
     </span>
     <span class='ocr_line' id='line_1_57' title="bbox 303 2919 1179 2960; baseline 0 -4"><span class='ocrx_word' id='word_1_396' title='bbox 303 2922 389 2957; x_wconf 70' lang='lat' dir='ltr'><em>dista</em></span> <span class='ocrx_word' id='word_1_397' title='bbox 413 2924 488 2957; x_wconf 88' lang='lat' dir='ltr'><em>sunt</em></span> <span class='ocrx_word' id='word_1_398' title='bbox 507 2944 518 2960; x_wconf 88' lang='lat'>‚</span> <span class='ocrx_word' id='word_1_399' title='bbox 549 2922 583 2956; x_wconf 88' lang='lat'>&amp;</span> <span class='ocrx_word' id='word_1_400' title='bbox 605 2919 710 2956; x_wconf 86' lang='lat' dir='ltr'><em>adhuc</em></span> <span class='ocrx_word' id='word_1_401' title='bbox 731 2922 883 2957; x_wconf 86' lang='lat' dir='ltr'><em>dicentur</em></span> <span class='ocrx_word' id='word_1_402' title='bbox 909 2945 916 2952; x_wconf 95' lang='lat'><em>.</em></span> <span class='ocrx_word' id='word_1_403' title='bbox 939 2920 1085 2956; x_wconf 86' lang='lat' dir='ltr'><em>Proinde</em></span> <span class='ocrx_word' id='word_1_404' title='bbox 1111 2921 1179 2956; x_wconf 82' lang='lat' dir='ltr'><em>haec</em></span> 
     </span>
     <span class='ocr_line' id='line_1_58' title="bbox 301 2968 1180 3016; baseline -0.003 -9"><span class='ocrx_word' id='word_1_405' title='bbox 301 2973 398 3007; x_wconf 76' lang='lat' dir='ltr'><em>&#39;Sacra</em></span> <span class='ocrx_word' id='word_1_406' title='bbox 411 2972 509 3016; x_wconf 85' lang='lat' dir='ltr'><em>Juffio</em></span> <span class='ocrx_word' id='word_1_407' title='bbox 530 2971 592 3007; x_wconf 88' lang='lat' dir='ltr'><em>fuit</em></span> <span class='ocrx_word' id='word_1_408' title='bbox 605 2971 746 3005; x_wconf 75' lang='lat' dir='ltr'><em>omnino</em></span> <span class='ocrx_word' id='word_1_409' title='bbox 770 2968 1006 3007; x_wconf 66' lang='lat' dir='ltr'><em>circumducta.</em></span> <span class='ocrx_word' id='word_1_410' title='bbox 1029 2970 1103 3006; x_wconf 85' lang='lat' dir='ltr'><em>Nec</em></span> <span class='ocrx_word' id='word_1_411' title='bbox 1125 2983 1180 3016; x_wconf 91' lang='lat' dir='ltr'><em>per</em></span> 
     </span>
     <span class='ocr_line' id='line_1_59' title="bbox 305 3020 1177 3066; baseline 0 -10"><span class='ocrx_word' id='word_1_412' title='bbox 305 3023 405 3066; x_wconf 82' lang='lat' dir='ltr'><em>ipsam</em></span> <span class='ocrx_word' id='word_1_413' title='bbox 416 3023 479 3056; x_wconf 87' lang='lat' dir='ltr'><em>fuit</em></span> <span class='ocrx_word' id='word_1_414' title='bbox 492 3021 595 3055; x_wconf 85' lang='lat' dir='ltr'><em>soluta</em></span> <span class='ocrx_word' id='word_1_415' title='bbox 608 3020 780 3066; x_wconf 88' lang='lat' dir='ltr'><em>Synodus,</em></span> <span class='ocrx_word' id='word_1_416' title='bbox 804 3030 860 3055; x_wconf 79' lang='lat' dir='ltr'><em>aut</em></span> <span class='ocrx_word' id='word_1_417' title='bbox 870 3021 987 3055; x_wconf 84' lang='lat' dir='ltr'><em>dimiffi</em></span> <span class='ocrx_word' id='word_1_418' title='bbox 1003 3021 1177 3065; x_wconf 84' lang='lat' dir='ltr'><em>Episcopi.</em></span> 
     </span>
     <span class='ocr_line' id='line_1_60' title="bbox 307 3070 1178 3117; baseline 0.001 -11"><span class='ocrx_word' id='word_1_419' title='bbox 307 3070 489 3108; x_wconf 71' lang='lat' dir='ltr'><em>Postmodo</em></span> <span class='ocrx_word' id='word_1_420' title='bbox 515 3072 680 3107; x_wconf 83' lang='lat' dir='ltr'><em>emanavit</em></span> <span class='ocrx_word' id='word_1_421' title='bbox 703 3073 766 3106; x_wconf 82' lang='lat' dir='ltr'><em>alia</em></span> <span class='ocrx_word' id='word_1_422' title='bbox 781 3097 791 3112; x_wconf 92' lang='lat'>,</span> <span class='ocrx_word' id='word_1_423' title='bbox 812 3083 882 3117; x_wconf 79' lang='lat' dir='ltr'><em>quae</em></span> <span class='ocrx_word' id='word_1_424' title='bbox 902 3071 979 3107; x_wconf 83' lang='lat' dir='ltr'><em>latet</em></span> <span class='ocrx_word' id='word_1_425' title='bbox 994 3082 1050 3106; x_wconf 90' lang='lat' dir='ltr'><em>aut</em></span> <span class='ocrx_word' id='word_1_426' title='bbox 1064 3073 1157 3115; x_wconf 86' lang='lat' dir='ltr'><em>periit</em></span> <span class='ocrx_word' id='word_1_427' title='bbox 1171 3098 1178 3107; x_wconf 83' lang='lat'><em>.</em></span> 
     </span>
     <span class='ocr_line' id='line_1_61' title="bbox 307 3122 1180 3159; baseline 0 -4"><span class='ocrx_word' id='word_1_428' title='bbox 307 3123 407 3156; x_wconf 81' lang='lat' dir='ltr'><em>Hanc</em></span> <span class='ocrx_word' id='word_1_429' title='bbox 426 3133 535 3159; x_wconf 75' lang='lat' dir='ltr'><em>tamen</em></span> <span class='ocrx_word' id='word_1_430' title='bbox 552 3122 675 3157; x_wconf 87' lang='lat' dir='ltr'><em>Comes</em></span> <span class='ocrx_word' id='word_1_431' title='bbox 685 3123 819 3158; x_wconf 78' lang='lat' dir='ltr'><em>Irenaeus</em></span> <span class='ocrx_word' id='word_1_432' title='bbox 830 3122 935 3157; x_wconf 86' lang='lat' dir='ltr'><em>voluit</em></span> <span class='ocrx_word' id='word_1_433' title='bbox 947 3122 1099 3157; x_wconf 83' lang='lat' dir='ltr'><em>insertam</em></span> <span class='ocrx_word' id='word_1_434' title='bbox 1121 3124 1180 3159; x_wconf 74' lang='lat' dir='ltr'><em>sua:</em></span> 
     </span>
     <span class='ocr_line' id='line_1_62' title="bbox 310 3169 1180 3218; baseline 0.005 -15"><span class='ocrx_word' id='word_1_435' title='bbox 310 3169 496 3215; x_wconf 80' lang='lat' dir='ltr'><em>Tragoediae</em></span> <span class='ocrx_word' id='word_1_436' title='bbox 516 3196 527 3213; x_wconf 95' lang='lat'>,</span> <span class='ocrx_word' id='word_1_437' title='bbox 550 3183 617 3218; x_wconf 85' lang='lat' dir='ltr'><em>quo</em></span> <span class='ocrx_word' id='word_1_438' title='bbox 642 3173 813 3208; x_wconf 70' lang='lat' dir='ltr'><em>infamaret</em></span> <span class='ocrx_word' id='word_1_439' title='bbox 841 3173 994 3208; x_wconf 60' lang='lat' dir='ltr'><em>Sanctum</em></span> <span class='ocrx_word' id='word_1_440' title='bbox 1015 3172 1180 3211; x_wconf 74' lang='lat' dir='ltr'><em>cyrillum</em></span> 
     </span>
    </p>
   </div>
   <div class='ocr_carea' id='block_1_8' title="bbox 309 3220 1199 3266">
    <p class='ocr_par' dir='ltr' id='par_1_9' title="bbox 309 3220 1199 3266">
     <span class='ocr_line' id='line_1_63' title="bbox 309 3220 1199 3266; baseline 0.003 -13"><span class='ocrx_word' id='word_1_441' title='bbox 309 3230 348 3253; x_wconf 87' lang='lat' dir='ltr'><em>ac</em></span> <span class='ocrx_word' id='word_1_442' title='bbox 365 3220 579 3257; x_wconf 88' lang='lat' dir='ltr'><em>Memnonem</em></span> <span class='ocrx_word' id='word_1_443' title='bbox 597 3246 604 3254; x_wconf 94' lang='lat'>.</span> <span class='ocrx_word' id='word_1_444' title='bbox 623 3221 781 3258; x_wconf 82' lang='lat' dir='ltr'><em>Notanda</em></span> <span class='ocrx_word' id='word_1_445' title='bbox 795 3222 868 3257; x_wconf 87' lang='lat' dir='ltr'><em>sunt</em></span> <span class='ocrx_word' id='word_1_446' title='bbox 890 3223 1020 3266; x_wconf 81' lang='lat' dir='ltr'><em>praefatae</em></span> <span class='ocrx_word' id='word_1_447' title='bbox 1032 3221 1199 3266; x_wconf 34' lang='lat' dir='ltr'><em>Epistolae*</em></span> 
     </span>
    </p>
   </div>
   <div class='ocr_carea' id='block_1_9' title="bbox 308 3268 1183 3416">
    <p class='ocr_par' dir='ltr' id='par_1_10' title="bbox 308 3268 1183 3416">
     <span class='ocr_line' id='line_1_64' title="bbox 308 3268 1183 3314; baseline 0 -9"><span class='ocrx_word' id='word_1_448' title='bbox 308 3268 406 3302; x_wconf 65' lang='lat' dir='ltr'><em>vetba</em></span> <span class='ocrx_word' id='word_1_449' title='bbox 429 3280 436 3300; x_wconf 66' lang='grc' dir='ltr'><strong>ἓ</strong></span> <span class='ocrx_word' id='word_1_450' title='bbox 460 3269 511 3309; x_wconf 76' lang='lat' dir='ltr'><em>Iste</em></span> <span class='ocrx_word' id='word_1_451' title='bbox 533 3277 584 3307; x_wconf 62' lang='lat' dir='ltr'><em>vir</em></span> <span class='ocrx_word' id='word_1_452' title='bbox 605 3277 742 3306; x_wconf 70' lang='lat' dir='ltr'><em>innocens</em></span> <span class='ocrx_word' id='word_1_453' title='bbox 758 3278 817 3308; x_wconf 72' lang='lat' dir='ltr'><em>vix</em></span> <span class='ocrx_word' id='word_1_454' title='bbox 835 3273 880 3305; x_wconf 72' lang='lat' dir='ltr'><em>ad</em></span> <span class='ocrx_word' id='word_1_455' title='bbox 896 3270 1070 3312; x_wconf 80' lang='lat' dir='ltr'><em>manfionem</em></span> <span class='ocrx_word' id='word_1_456' title='bbox 1092 3270 1183 3314; x_wconf 76' lang='lat' dir='ltr'><em>suam</em></span> 
     </span>
     <span class='ocr_line' id='line_1_65' title="bbox 312 3320 1183 3365; baseline 0.005 -13"><span class='ocrx_word' id='word_1_457' title='bbox 312 3320 485 3352; x_wconf 51' lang='lat' dir='ltr'><em>&amp;temtatur</em></span> <span class='ocrx_word' id='word_1_458' title='bbox 511 3342 518 3349; x_wconf 90' lang='lat'>.</span> <span class='ocrx_word' id='word_1_459' title='bbox 535 3320 765 3361; x_wconf 78' lang='lat' dir='ltr'><em>Confirmant,</em></span> <span class='ocrx_word' id='word_1_460' title='bbox 787 3321 876 3365; x_wconf 86' lang='lat' dir='ltr'><em>quod</em></span> <span class='ocrx_word' id='word_1_461' title='bbox 897 3321 998 3365; x_wconf 84' lang='lat' dir='ltr'><em>prima</em></span> <span class='ocrx_word' id='word_1_462' title='bbox 1019 3320 1183 3365; x_wconf 87' lang='lat' dir='ltr'><em>Principis</em></span> 
     </span>
     <span class='ocr_line' id='line_1_66' title="bbox 312 3367 1182 3416; baseline 0.003 -12"><span class='ocrx_word' id='word_1_463' title='bbox 312 3368 471 3405; x_wconf 77' lang='lat' dir='ltr'><em>sententia</em></span> <span class='ocrx_word' id='word_1_464' title='bbox 483 3367 672 3403; x_wconf 81' lang='lat' dir='ltr'><em>Nestorium</em></span> <span class='ocrx_word' id='word_1_465' title='bbox 685 3371 899 3416; x_wconf 84' lang='lat' dir='ltr'><em>proscripserit</em></span> <span class='ocrx_word' id='word_1_466' title='bbox 909 3370 1037 3414; x_wconf 83' lang='lat' dir='ltr'><em>Petras,</em></span> <span class='ocrx_word' id='word_1_467' title='bbox 1047 3370 1082 3413; x_wconf 70' lang='grc' dir='ltr'>ἀ</span> <span class='ocrx_word' id='word_1_468' title='bbox 1094 3370 1182 3416; x_wconf 84' lang='lat' dir='ltr'><em>quod</em></span> 
     </span>
    </p>
   </div>
   <div class='ocr_carea' id='block_1_10' title="bbox 1251 468 2112 487">
    <p class='ocr_par' dir='ltr' id='par_1_11' title="bbox 1251 468 2112 487">
     <span class='ocr_line' id='line_1_67' title="bbox 1251 468 2112 487; baseline 0 3243"><span class='ocrx_word' id='word_1_469' title='bbox 1251 468 2112 487; x_wconf 95' lang='lat' dir='ltr'><em> </em></span> 
     </span>
    </p>
   </div>
   <div class='ocr_carea' id='block_1_11' title="bbox 1448 578 2119 634">
    <p class='ocr_par' dir='ltr' id='par_1_12' title="bbox 1448 578 2119 634">
     <span class='ocr_line' id='line_1_68' title="bbox 1448 578 2119 634; baseline 0.012 -8"><span class='ocrx_word' id='word_1_470' title='bbox 1448 578 1712 629; x_wconf 88' lang='lat' dir='ltr'><strong>CAPUT</strong></span> <span class='ocrx_word' id='word_1_471' title='bbox 1747 583 1896 632; x_wconf 89' lang='lat' dir='ltr'><strong>XXX.</strong></span> <span class='ocrx_word' id='word_1_472' title='bbox 1954 585 2119 634; x_wconf 54' lang='grc' dir='ltr'><em>ν--118</em></span> 
     </span>
    </p>
   </div>
   <div class='ocr_carea' id='block_1_12' title="bbox 1238 715 2123 792">
    <p class='ocr_par' dir='ltr' id='par_1_13' title="bbox 1238 707 2123 792">
     <span class='ocr_line' id='line_1_69' title="bbox 1238 715 2123 792; baseline 0.012 -28"><span class='ocrx_word' id='word_1_473' title='bbox 1238 716 1406 792; x_wconf 67' lang='lat' dir='ltr'><em>Epzstola</em></span> <span class='ocrx_word' id='word_1_474' title='bbox 1439 715 1664 769; x_wconf 79' lang='lat' dir='ltr'><em>Theodoreti</em></span> <span class='ocrx_word' id='word_1_475' title='bbox 1706 718 1886 790; x_wconf 70' lang='lat' dir='ltr'><em>Epssopi</em></span> <span class='ocrx_word' id='word_1_476' title='bbox 1930 721 1983 773; x_wconf 80' lang='lat' dir='ltr'><em>ad</em></span> <span class='ocrx_word' id='word_1_477' title='bbox 2030 718 2123 775; x_wconf 63' lang='lat' dir='ltr'><em>Ala-j</em></span> 
     </span>
    </p>
   </div>
   <div class='ocr_carea' id='block_1_13' title="bbox 1319 787 2043 865">
    <p class='ocr_par' dir='ltr' id='par_1_14' title="bbox 1319 787 2043 865">
     <span class='ocr_line' id='line_1_70' title="bbox 1319 787 2043 865; baseline 0.004 -29"><span class='ocrx_word' id='word_1_478' title='bbox 1319 787 1515 836; x_wconf 77' lang='lat' dir='ltr'><em>xandrum</em></span> <span class='ocrx_word' id='word_1_479' title='bbox 1566 790 1898 859; x_wconf 80' lang='lat' dir='ltr'><em>Hierapolitanum</em></span> <span class='ocrx_word' id='word_1_480' title='bbox 1943 795 2043 865; x_wconf 56' lang='lat' dir='ltr'><em>Epi-</em></span> 
     </span>
    </p>
   </div>
   <div class='ocr_carea' id='block_1_14' title="bbox 1427 856 1922 983">
    <p class='ocr_par' dir='ltr' id='par_1_15' title="bbox 1427 856 1922 983">
     <span class='ocr_line' id='line_1_71' title="bbox 1427 856 1922 931; baseline 0.008 -26"><span class='ocrx_word' id='word_1_481' title='bbox 1427 856 1587 927; x_wconf 76' lang='lat' dir='ltr'><em>fiopum</em></span> <span class='ocrx_word' id='word_1_482' title='bbox 1621 896 1637 921; x_wconf 81' lang='grc'>,</span> <span class='ocrx_word' id='word_1_483' title='bbox 1673 877 1787 926; x_wconf 77' lang='lat' dir='ltr'><em>quam·</em></span> <span class='ocrx_word' id='word_1_484' title='bbox 1814 867 1922 931; x_wconf 82' lang='lat' dir='ltr'><em>ponit</em></span> 
     </span>
     <span class='ocr_line' id='line_1_72' title="bbox 1591 931 1761 983; baseline 0.006 -5"><span class='ocrx_word' id='word_1_485' title='bbox 1591 931 1761 983; x_wconf 78' lang='lat' dir='ltr'><em>Irenaeus.</em></span> 
     </span>
    </p>
   </div>
   <div class='ocr_carea' id='block_1_15' title="bbox 1236 1077 2129 3453">
    <p class='ocr_par' dir='ltr' id='par_1_16' title="bbox 1236 1077 2125 1868">
     <span class='ocr_line' id='line_1_73' title="bbox 1345 1077 2121 1127; baseline 0.009 -15"><span class='ocrx_word' id='word_1_486' title='bbox 1345 1077 1436 1121; x_wconf 80' lang='lat' dir='ltr'><em>Eque.</em></span> <span class='ocrx_word' id='word_1_487' title='bbox 1446 1078 1663 1117; x_wconf 80' lang='lat' dir='ltr'><em>blandimenti</em></span> <span class='ocrx_word' id='word_1_488' title='bbox 1674 1104 1687 1123; x_wconf 86' lang='lat'><em>‚</em></span> <span class='ocrx_word' id='word_1_489' title='bbox 1713 1079 1819 1127; x_wconf 70' lang='lat' dir='ltr'><em>,neque</em></span> <span class='ocrx_word' id='word_1_490' title='bbox 1828 1081 2006 1127; x_wconf 75' lang='lat' dir='ltr'><em>asperitatis</em></span> <span class='ocrx_word' id='word_1_491' title='bbox 2018 1082 2121 1120; x_wconf 82' lang='lat' dir='ltr'><em>ullam</em></span> 
     </span>
     <span class='ocr_line' id='line_1_74' title="bbox 1368 1128 2121 1178; baseline 0.011 -17"><span class='ocrx_word' id='word_1_492' title='bbox 1368 1128 1506 1171; x_wconf 80' lang='lat' dir='ltr'><em>speciem</em></span> <span class='ocrx_word' id='word_1_493' title='bbox 1526 1131 1716 1174; x_wconf 84' lang='lat' dir='ltr'><em>reliquimus</em></span> <span class='ocrx_word' id='word_1_494' title='bbox 1734 1157 1746 1178; x_wconf 73' lang='lat'>,</span> <span class='ocrx_word' id='word_1_495' title='bbox 1771 1144 1832 1167; x_wconf 87' lang='lat' dir='ltr'><em>nec</em></span> <span class='ocrx_word' id='word_1_496' title='bbox 1857 1132 2121 1177; x_wconf 84' lang='lat' dir='ltr'><em>deprecationis,</em></span> 
     </span>
     <span class='ocr_line' id='line_1_75' title="bbox 1239 1177 2122 1228; baseline 0.01 -19"><span class='ocrx_word' id='word_1_497' title='bbox 1239 1187 1299 1210; x_wconf 90' lang='lat' dir='ltr'><em>nec</em></span> <span class='ocrx_word' id='word_1_498' title='bbox 1324 1177 1595 1218; x_wconf 69' lang='lat' dir='ltr'><em>contradictionis</em></span> <span class='ocrx_word' id='word_1_499' title='bbox 1617 1205 1629 1221; x_wconf 94' lang='lat'>,</span> <span class='ocrx_word' id='word_1_500' title='bbox 1654 1192 1718 1225; x_wconf 85' lang='lat' dir='ltr'><em>qua</em></span> <span class='ocrx_word' id='word_1_501' title='bbox 1739 1182 1785 1215; x_wconf 79' lang='lat' dir='ltr'><em>usi</em></span> <span class='ocrx_word' id='word_1_502' title='bbox 1808 1192 1877 1216; x_wconf 88' lang='lat' dir='ltr'><em>non</em></span> <span class='ocrx_word' id='word_1_503' title='bbox 1906 1184 2016 1218; x_wconf 87' lang='lat' dir='ltr'><em>sumus</em></span> <span class='ocrx_word' id='word_1_504' title='bbox 2034 1183 2122 1228; x_wconf 84' lang='lat' dir='ltr'><em>apud</em></span> 
     </span>
     <span class='ocr_line' id='line_1_76' title="bbox 1238 1225 2123 1274; baseline 0.01 -16"><span class='ocrx_word' id='word_1_505' title='bbox 1238 1225 1421 1260; x_wconf 84' lang='lat' dir='ltr'><em>Piiffimum</em></span> <span class='ocrx_word' id='word_1_506' title='bbox 1446 1226 1634 1274; x_wconf 84' lang='lat' dir='ltr'><em>Principem</em></span> <span class='ocrx_word' id='word_1_507' title='bbox 1673 1231 1709 1265; x_wconf 75' lang='grc' dir='ltr'><em>δε</em></span> <span class='ocrx_word' id='word_1_508' title='bbox 1730 1230 1967 1270; x_wconf 80' lang='lat' dir='ltr'><em>Consistorium</em></span> <span class='ocrx_word' id='word_1_509' title='bbox 1988 1257 2000 1274; x_wconf 89' lang='lat'>,</span> <span class='ocrx_word' id='word_1_510' title='bbox 2036 1232 2123 1267; x_wconf 79' lang='lat' dir='ltr'><em>clare</em></span> 
     </span>
     <span class='ocr_line' id='line_1_77' title="bbox 1237 1275 2124 1326; baseline 0.005 -14"><span class='ocrx_word' id='word_1_511' title='bbox 1237 1275 1435 1316; x_wconf 83' lang='lat' dir='ltr'><em>obtestantes</em></span> <span class='ocrx_word' id='word_1_512' title='bbox 1458 1277 1493 1314; x_wconf 88' lang='lat' dir='ltr'><em>in</em></span> <span class='ocrx_word' id='word_1_513' title='bbox 1515 1280 1685 1324; x_wconf 59' lang='lat' dir='ltr'><em>conspesiu</em></span> <span class='ocrx_word' id='word_1_514' title='bbox 1696 1279 1762 1318; x_wconf 88' lang='lat' dir='ltr'><em>Dei</em></span> <span class='ocrx_word' id='word_1_515' title='bbox 1774 1304 1786 1322; x_wconf 90' lang='lat'><strong>,</strong></span> <span class='ocrx_word' id='word_1_516' title='bbox 1813 1292 1884 1326; x_wconf 85' lang='lat' dir='ltr'><em>quae</em></span> <span class='ocrx_word' id='word_1_517' title='bbox 1904 1284 2021 1316; x_wconf 69' lang='lat' dir='ltr'><em>cunda</em></span> <span class='ocrx_word' id='word_1_518' title='bbox 2032 1281 2124 1316; x_wconf 83' lang='lat' dir='ltr'><em>desu-</em></span> 
     </span>
     <span class='ocr_line' id='line_1_78' title="bbox 1238 1327 2121 1380; baseline 0.008 -21"><span class='ocrx_word' id='word_1_519' title='bbox 1238 1337 1293 1371; x_wconf 86' lang='lat' dir='ltr'><em>per</em></span> <span class='ocrx_word' id='word_1_520' title='bbox 1311 1327 1438 1367; x_wconf 68' lang='lat' dir='ltr'><em>cernit,</em></span> <span class='ocrx_word' id='word_1_521' title='bbox 1463 1327 1498 1363; x_wconf 71' lang='grc' dir='ltr'>ἀ</span> <span class='ocrx_word' id='word_1_522' title='bbox 1522 1328 1665 1367; x_wconf 81' lang='lat' dir='ltr'><em>Domini</em></span> <span class='ocrx_word' id='word_1_523' title='bbox 1684 1329 1875 1380; x_wconf 77' lang='lat' dir='ltr'><em>nostriJesu</em></span> <span class='ocrx_word' id='word_1_524' title='bbox 1885 1330 2010 1369; x_wconf 78' lang='lat' dir='ltr'><em>Christi</em></span> <span class='ocrx_word' id='word_1_525' title='bbox 2025 1355 2036 1372; x_wconf 90' lang='lat'>‚</span> <span class='ocrx_word' id='word_1_526' title='bbox 2062 1331 2121 1374; x_wconf 89' lang='lat' dir='ltr'><em>qui</em></span> 
     </span>
     <span class='ocr_line' id='line_1_79' title="bbox 1237 1374 2122 1428; baseline 0.006 -18"><span class='ocrx_word' id='word_1_527' title='bbox 1237 1377 1364 1413; x_wconf 86' lang='lat' dir='ltr'><em>futurus</em></span> <span class='ocrx_word' id='word_1_528' title='bbox 1375 1374 1421 1409; x_wconf 90' lang='lat' dir='ltr'><em>est</em></span> <span class='ocrx_word' id='word_1_529' title='bbox 1433 1375 1546 1412; x_wconf 88' lang='lat' dir='ltr'><em>orbem</em></span> <span class='ocrx_word' id='word_1_530' title='bbox 1559 1386 1715 1415; x_wconf 87' lang='lat' dir='ltr'><em>terrarum</em></span> <span class='ocrx_word' id='word_1_531' title='bbox 1725 1391 1801 1414; x_wconf 87' lang='lat' dir='ltr'><em>cum</em></span> <span class='ocrx_word' id='word_1_532' title='bbox 1813 1380 1942 1428; x_wconf 85' lang='lat' dir='ltr'><em>Justitia</em></span> <span class='ocrx_word' id='word_1_533' title='bbox 1957 1379 2101 1425; x_wconf 84' lang='lat' dir='ltr'><em>judicare</em></span> <span class='ocrx_word' id='word_1_534' title='bbox 2110 1405 2122 1422; x_wconf 92' lang='lat'>,</span> 
     </span>
     <span class='ocr_line' id='line_1_80' title="bbox 1236 1425 2123 1476; baseline 0.007 -17"><span class='ocrx_word' id='word_1_535' title='bbox 1236 1426 1270 1465; x_wconf 72' lang='grc' dir='ltr'><em>ὃς</em></span> <span class='ocrx_word' id='word_1_536' title='bbox 1278 1426 1416 1470; x_wconf 81' lang='lat' dir='ltr'><em>Spiritus</em></span> <span class='ocrx_word' id='word_1_537' title='bbox 1428 1425 1536 1461; x_wconf 69' lang='lat' dir='ltr'><em>Sancti</em></span> <span class='ocrx_word' id='word_1_538' title='bbox 1547 1450 1560 1467; x_wconf 92' lang='lat'><strong>,</strong></span> <span class='ocrx_word' id='word_1_539' title='bbox 1585 1429 1622 1468; x_wconf 72' lang='grc' dir='ltr'>ἀ</span> <span class='ocrx_word' id='word_1_540' title='bbox 1631 1428 1810 1467; x_wconf 61' lang='lat' dir='ltr'><em>electorum</em></span> <span class='ocrx_word' id='word_1_541' title='bbox 1822 1430 1891 1475; x_wconf 86' lang='lat' dir='ltr'><em>ejus</em></span> <span class='ocrx_word' id='word_1_542' title='bbox 1898 1428 2123 1476; x_wconf 61' lang='lat' dir='ltr'><em>Angelorum,</em></span> 
     </span>
     <span class='ocr_line' id='line_1_81' title="bbox 1239 1475 2125 1523; baseline 0.008 -14"><span class='ocrx_word' id='word_1_543' title='bbox 1239 1485 1276 1514; x_wconf 84' lang='lat' dir='ltr'><em>ut</em></span> <span class='ocrx_word' id='word_1_544' title='bbox 1289 1486 1357 1512; x_wconf 84' lang='lat' dir='ltr'><em>non</em></span> <span class='ocrx_word' id='word_1_545' title='bbox 1366 1475 1587 1520; x_wconf 78' lang='lat' dir='ltr'><em>despiceretur</em></span> <span class='ocrx_word' id='word_1_546' title='bbox 1597 1503 1609 1519; x_wconf 92' lang='lat'><strong>,</strong></span> <span class='ocrx_word' id='word_1_547' title='bbox 1635 1478 1727 1523; x_wconf 80' lang='lat' dir='ltr'><em>quod</em></span> <span class='ocrx_word' id='word_1_548' title='bbox 1738 1479 1958 1523; x_wconf 68' lang='lat' dir='ltr'><em>corrumpitur</em></span> <span class='ocrx_word' id='word_1_549' title='bbox 1973 1478 2125 1516; x_wconf 53' lang='lat' dir='ltr'><em>Fiden&amp;</em></span> 
     </span>
     <span class='ocr_line' id='line_1_82' title="bbox 1239 1525 2124 1574; baseline 0.005 -14"><span class='ocrx_word' id='word_1_550' title='bbox 1239 1525 1313 1566; x_wconf 87' lang='lat' dir='ltr'><em>his,</em></span> <span class='ocrx_word' id='word_1_551' title='bbox 1338 1526 1396 1570; x_wconf 92' lang='lat' dir='ltr'><em>qui</em></span> <span class='ocrx_word' id='word_1_552' title='bbox 1405 1526 1465 1561; x_wconf 80' lang='lat' dir='ltr'><em>illa</em></span> <span class='ocrx_word' id='word_1_553' title='bbox 1479 1525 1635 1573; x_wconf 75' lang='lat' dir='ltr'><em>capitula</em></span> <span class='ocrx_word' id='word_1_554' title='bbox 1661 1527 1810 1566; x_wconf 76' lang='lat' dir='ltr'><em>haeretica</em></span> <span class='ocrx_word' id='word_1_555' title='bbox 1831 1529 2062 1574; x_wconf 78' lang='lat' dir='ltr'><em>susceperunt,</em></span> <span class='ocrx_word' id='word_1_556' title='bbox 2087 1529 2124 1564; x_wconf 73' lang='grc' dir='ltr'>ἀ</span> 
     </span>
     <span class='ocr_line' id='line_1_83' title="bbox 1239 1575 2123 1625; baseline 0.006 -17"><span class='ocrx_word' id='word_1_557' title='bbox 1239 1576 1330 1613; x_wconf 85' lang='lat' dir='ltr'><em>ineis</em></span> <span class='ocrx_word' id='word_1_558' title='bbox 1344 1575 1542 1612; x_wconf 87' lang='lat' dir='ltr'><em>subscribere</em></span> <span class='ocrx_word' id='word_1_559' title='bbox 1552 1578 1815 1624; x_wconf 81' lang='lat' dir='ltr'><em>praesumpsemnt</em></span> <span class='ocrx_word' id='word_1_560' title='bbox 1826 1591 1836 1625; x_wconf 69' lang='grc' dir='ltr'>ς</span> <span class='ocrx_word' id='word_1_561' title='bbox 1864 1579 1917 1614; x_wconf 85' lang='lat' dir='ltr'><em>sed</em></span> <span class='ocrx_word' id='word_1_562' title='bbox 1937 1587 1973 1613; x_wconf 89' lang='lat' dir='ltr'><em>ut</em></span> <span class='ocrx_word' id='word_1_563' title='bbox 1986 1578 2123 1614; x_wconf 67' lang='lat' dir='ltr'><em>Nioena</em></span> 
     </span>
     <span class='ocr_line' id='line_1_84' title="bbox 1237 1624 2125 1673; baseline 0.006 -15"><span class='ocrx_word' id='word_1_564' title='bbox 1237 1624 1333 1664; x_wconf 86' lang='lat' dir='ltr'><em>Fides</em></span> <span class='ocrx_word' id='word_1_565' title='bbox 1344 1626 1466 1669; x_wconf 82' lang='lat' dir='ltr'><em>exponi</em></span> <span class='ocrx_word' id='word_1_566' title='bbox 1479 1628 1713 1662; x_wconf 79' lang='lat' dir='ltr'><em>tantummodo</em></span> <span class='ocrx_word' id='word_1_567' title='bbox 1724 1628 1887 1672; x_wconf 80' lang='lat' dir='ltr'><em>juberetur</em></span> <span class='ocrx_word' id='word_1_568' title='bbox 1897 1654 1908 1670; x_wconf 90' lang='lat'>‚</span> <span class='ocrx_word' id='word_1_569' title='bbox 1922 1629 1966 1663; x_wconf 89' lang='lat'><em>·&amp;</em></span> <span class='ocrx_word' id='word_1_570' title='bbox 1983 1629 2125 1673; x_wconf 80' lang='lat' dir='ltr'><em>expelle-</em></span> 
     </span>
     <span class='ocr_line' id='line_1_85' title="bbox 1237 1677 2124 1723; baseline 0.005 -14"><span class='ocrx_word' id='word_1_571' title='bbox 1237 1684 1322 1714; x_wconf 81' lang='lat' dir='ltr'><em>retur</em></span> <span class='ocrx_word' id='word_1_572' title='bbox 1345 1686 1418 1723; x_wconf 81' lang='lat' dir='ltr'><em>quae</em></span> <span class='ocrx_word' id='word_1_573' title='bbox 1441 1677 1532 1720; x_wconf 89' lang='lat' dir='ltr'><em>super</em></span> <span class='ocrx_word' id='word_1_574' title='bbox 1554 1677 1686 1715; x_wconf 67' lang='lat' dir='ltr'><em>industa</em></span> <span class='ocrx_word' id='word_1_575' title='bbox 1698 1679 1745 1715; x_wconf 85' lang='lat' dir='ltr'><em>est</em></span> <span class='ocrx_word' id='word_1_576' title='bbox 1769 1677 1892 1717; x_wconf 85' lang='lat' dir='ltr'><em>haeresis</em></span> <span class='ocrx_word' id='word_1_577' title='bbox 1917 1678 1959 1714; x_wconf 75' lang='lat' dir='ltr'><em>ed</em></span> <span class='ocrx_word' id='word_1_578' title='bbox 1969 1679 2124 1715; x_wconf 79' lang='lat' dir='ltr'><em>extermi-</em></span> 
     </span>
     <span class='ocr_line' id='line_1_86' title="bbox 1237 1726 2123 1773; baseline 0.005 -14"><span class='ocrx_word' id='word_1_579' title='bbox 1237 1726 1348 1766; x_wconf 84' lang='lat' dir='ltr'><em>nium,</em></span> <span class='ocrx_word' id='word_1_580' title='bbox 1375 1727 1684 1771; x_wconf 87' lang='lat' dir='ltr'><em>corruptionemque</em></span> <span class='ocrx_word' id='word_1_581' title='bbox 1704 1729 1848 1772; x_wconf 69' lang='lat' dir='ltr'><em>pietatis,</em></span> <span class='ocrx_word' id='word_1_582' title='bbox 1877 1730 1921 1763; x_wconf 91' lang='lat' dir='ltr'><em>Et</em></span> <span class='ocrx_word' id='word_1_583' title='bbox 1943 1727 2046 1773; x_wconf 77' lang='lat' dir='ltr'><em>usque</em></span> <span class='ocrx_word' id='word_1_584' title='bbox 2061 1727 2123 1763; x_wconf 85' lang='lat' dir='ltr'><em>&#39;ho-</em></span> 
     </span>
     <span class='ocr_line' id='line_1_87' title="bbox 1236 1774 2124 1819; baseline 0.005 -10"><span class='ocrx_word' id='word_1_585' title='bbox 1236 1775 1289 1809; x_wconf 85' lang='lat' dir='ltr'><em>die</em></span> <span class='ocrx_word' id='word_1_586' title='bbox 1312 1774 1396 1810; x_wconf 90' lang='lat' dir='ltr'><em>nihil</em></span> <span class='ocrx_word' id='word_1_587' title='bbox 1414 1776 1588 1819; x_wconf 85' lang='lat' dir='ltr'><em>perducere</em></span> <span class='ocrx_word' id='word_1_588' title='bbox 1610 1778 1772 1815; x_wconf 87' lang='lat' dir='ltr'><em>valuimus</em></span> <span class='ocrx_word' id='word_1_589' title='bbox 1795 1777 1834 1815; x_wconf 86' lang='lat' dir='ltr'><em>ad</em></span> <span class='ocrx_word' id='word_1_590' title='bbox 1860 1779 2009 1815; x_wconf 58' lang='lat' dir='ltr'><em>effessum</em></span> <span class='ocrx_word' id='word_1_591' title='bbox 2032 1789 2041 1810; x_wconf 75' lang='grc' dir='ltr'><strong>ε</strong></span> <span class='ocrx_word' id='word_1_592' title='bbox 2068 1777 2124 1813; x_wconf 70' lang='lat' dir='ltr'><em>Eo</em></span> 
     </span>
     <span class='ocr_line' id='line_1_88' title="bbox 1236 1825 2049 1868; baseline 0.004 -7"><span class='ocrx_word' id='word_1_593' title='bbox 1236 1825 1324 1868; x_wconf 84' lang='lat' dir='ltr'><em>quod</em></span> <span class='ocrx_word' id='word_1_594' title='bbox 1339 1825 1402 1858; x_wconf 87' lang='lat' dir='ltr'><em>huc</em></span> <span class='ocrx_word' id='word_1_595' title='bbox 1427 1826 1459 1859; x_wconf 78' lang='grc' dir='ltr'><em>δε</em></span> <span class='ocrx_word' id='word_1_596' title='bbox 1474 1827 1553 1860; x_wconf 84' lang='lat' dir='ltr'><em>illuc</em></span> <span class='ocrx_word' id='word_1_597' title='bbox 1563 1827 1833 1863; x_wconf 87' lang='lat' dir='ltr'><em>circumferantur</em></span> <span class='ocrx_word' id='word_1_598' title='bbox 1846 1828 2024 1864; x_wconf 82' lang='lat' dir='ltr'><em>Auditores</em></span> <span class='ocrx_word' id='word_1_599' title='bbox 2040 1854 2049 1864; x_wconf 91' lang='lat'><strong>.</strong></span> 
     </span>
    </p>

    <p class='ocr_par' dir='ltr' id='par_1_17' title="bbox 1236 1874 2129 2662">
     <span class='ocr_line' id='line_1_89' title="bbox 1285 1874 2124 1919; baseline 0.007 -11"><span class='ocrx_word' id='word_1_600' title='bbox 1285 1874 1348 1908; x_wconf 90' lang='lat' dir='ltr'><em>Sed</em></span> <span class='ocrx_word' id='word_1_601' title='bbox 1361 1883 1469 1908; x_wconf 82' lang='lat' dir='ltr'><em>tamen</em></span> <span class='ocrx_word' id='word_1_602' title='bbox 1485 1874 1568 1910; x_wconf 83' lang='lat' dir='ltr'><em>nihil</em></span> <span class='ocrx_word' id='word_1_603' title='bbox 1581 1874 1698 1910; x_wconf 86' lang='lat' dir='ltr'><em>horum</em></span> <span class='ocrx_word' id='word_1_604' title='bbox 1713 1888 1775 1911; x_wconf 81' lang='lat' dir='ltr'><em>nos</em></span> <span class='ocrx_word' id='word_1_605' title='bbox 1790 1878 1930 1913; x_wconf 65' lang='lat' dir='ltr'><em>aiffa-fit</em></span> <span class='ocrx_word' id='word_1_606' title='bbox 1943 1900 1955 1917; x_wconf 88' lang='lat'>,</span> <span class='ocrx_word' id='word_1_607' title='bbox 1977 1875 2124 1919; x_wconf 52' lang='lat' dir='ltr'><em>quod&amp;</em></span> 
     </span>
     <span class='ocr_line' id='line_1_90' title="bbox 1238 1923 2125 1970; baseline 0.005 -12"><span class='ocrx_word' id='word_1_608' title='bbox 1238 1923 1390 1959; x_wconf 86' lang='lat' dir='ltr'><em>instantia</em></span> <span class='ocrx_word' id='word_1_609' title='bbox 1404 1924 1564 1967; x_wconf 84' lang='lat' dir='ltr'><em>proposita</em></span> <span class='ocrx_word' id='word_1_610' title='bbox 1576 1926 1785 1961; x_wconf 75' lang='lat' dir='ltr'><em>cessaremus.</em></span> <span class='ocrx_word' id='word_1_611' title='bbox 1813 1925 1877 1964; x_wconf 78' lang='lat' dir='ltr'><em>Sed</em></span> <span class='ocrx_word' id='word_1_612' title='bbox 1895 1926 1929 1960; x_wconf 86' lang='lat' dir='ltr'><em>in</em></span> <span class='ocrx_word' id='word_1_613' title='bbox 1944 1927 2011 1970; x_wconf 65' lang='lat' dir='ltr'><em>ipa</em></span> <span class='ocrx_word' id='word_1_614' title='bbox 2033 1936 2125 1962; x_wconf 67' lang='lat' dir='ltr'><em>num:</em></span> 
     </span>
     <span class='ocr_line' id='line_1_91' title="bbox 1238 1973 2125 2022; baseline 0.005 -15"><span class='ocrx_word' id='word_1_615' title='bbox 1238 1975 1338 2017; x_wconf 81' lang='lat' dir='ltr'><em>usque</em></span> <span class='ocrx_word' id='word_1_616' title='bbox 1347 1973 1540 2015; x_wconf 83' lang='lat' dir='ltr'><em>persistimus</em></span> <span class='ocrx_word' id='word_1_617' title='bbox 1552 1998 1559 2006; x_wconf 94' lang='lat'>.</span> <span class='ocrx_word' id='word_1_618' title='bbox 1588 1975 1668 2011; x_wconf 77' lang='lat' dir='ltr'><em>Hoc</em></span> <span class='ocrx_word' id='word_1_619' title='bbox 1679 1986 1759 2020; x_wconf 84' lang='lat' dir='ltr'><em>ergo</em></span> <span class='ocrx_word' id='word_1_620' title='bbox 1770 1998 1782 2014; x_wconf 91' lang='lat'>‚</span> <span class='ocrx_word' id='word_1_621' title='bbox 1806 1976 1894 2022; x_wconf 82' lang='lat' dir='ltr'><em>quod</em></span> <span class='ocrx_word' id='word_1_622' title='bbox 1904 1976 2059 2013; x_wconf 83' lang='lat' dir='ltr'><em>Domino</em></span> <span class='ocrx_word' id='word_1_623' title='bbox 2078 1976 2125 2011; x_wconf 69' lang='lat' dir='ltr'><em>fu·</em></span> 
     </span>
     <span class='ocr_line' id='line_1_92' title="bbox 1237 2022 2124 2072; baseline 0.002 -14"><span class='ocrx_word' id='word_1_624' title='bbox 1237 2033 1332 2058; x_wconf 88' lang='lat' dir='ltr'><em>vente</em></span> <span class='ocrx_word' id='word_1_625' title='bbox 1344 2023 1382 2059; x_wconf 81' lang='lat' dir='ltr'><em>fit</em></span> <span class='ocrx_word' id='word_1_626' title='bbox 1396 2022 1520 2057; x_wconf 73' lang='lat' dir='ltr'><em>distum</em></span> <span class='ocrx_word' id='word_1_627' title='bbox 1531 2047 1543 2063; x_wconf 93' lang='lat'><em>,</em></span> <span class='ocrx_word' id='word_1_628' title='bbox 1570 2024 1777 2072; x_wconf 78' lang='lat' dir='ltr'><em>peregimus,</em></span> <span class='ocrx_word' id='word_1_629' title='bbox 1804 2035 1842 2062; x_wconf 86' lang='lat' dir='ltr'><em>ut</em></span> <span class='ocrx_word' id='word_1_630' title='bbox 1860 2025 2124 2069; x_wconf 72' lang='lat' dir='ltr'><em>cumJuramen·</em></span> 
     </span>
     <span class='ocr_line' id='line_1_93' title="bbox 1236 2071 2124 2119; baseline 0.005 -14"><span class='ocrx_word' id='word_1_631' title='bbox 1236 2082 1273 2105; x_wconf 91' lang='lat' dir='ltr'><em>to</em></span> <span class='ocrx_word' id='word_1_632' title='bbox 1284 2072 1474 2115; x_wconf 84' lang='lat' dir='ltr'><em>Imperatori</em></span> <span class='ocrx_word' id='word_1_633' title='bbox 1488 2071 1637 2108; x_wconf 84' lang='lat' dir='ltr'><em>Piiffimo</em></span> <span class='ocrx_word' id='word_1_634' title='bbox 1653 2072 1856 2117; x_wconf 80' lang='lat' dir='ltr'><em>diceremus,</em></span> <span class='ocrx_word' id='word_1_635' title='bbox 1881 2074 1958 2119; x_wconf 83' lang='lat' dir='ltr'><em>quia</em></span> <span class='ocrx_word' id='word_1_636' title='bbox 1981 2074 2124 2119; x_wconf 86' lang='lat' dir='ltr'><em>impoffi-</em></span> 
     </span>
     <span class='ocr_line' id='line_1_94' title="bbox 1238 2120 2124 2170; baseline 0.003 -14"><span class='ocrx_word' id='word_1_637' title='bbox 1238 2120 1302 2156; x_wconf 88' lang='lat' dir='ltr'><em>bile</em></span> <span class='ocrx_word' id='word_1_638' title='bbox 1314 2122 1359 2155; x_wconf 87' lang='lat' dir='ltr'><em>est</em></span> <span class='ocrx_word' id='word_1_639' title='bbox 1371 2143 1381 2159; x_wconf 92' lang='lat'>,</span> <span class='ocrx_word' id='word_1_640' title='bbox 1406 2131 1443 2154; x_wconf 92' lang='lat' dir='ltr'><em>ut</em></span> <span class='ocrx_word' id='word_1_641' title='bbox 1456 2132 1519 2157; x_wconf 86' lang='lat' dir='ltr'><em>nos</em></span> <span class='ocrx_word' id='word_1_642' title='bbox 1529 2121 1695 2165; x_wconf 86' lang='lat' dir='ltr'><em>Cyrillum</em></span> <span class='ocrx_word' id='word_1_643' title='bbox 1720 2125 1754 2160; x_wconf 85' lang='lat'>&amp;</span> <span class='ocrx_word' id='word_1_644' title='bbox 1764 2123 1985 2161; x_wconf 78' lang='lat' dir='ltr'><em>Memnonem</em></span> <span class='ocrx_word' id='word_1_645' title='bbox 1998 2127 2033 2159; x_wconf 86' lang='lat' dir='ltr'><em>in</em></span> <span class='ocrx_word' id='word_1_646' title='bbox 2046 2123 2124 2170; x_wconf 86' lang='lat' dir='ltr'><em>Epi-</em></span> 
     </span>
     <span class='ocr_line' id='line_1_95' title="bbox 1238 2170 2125 2219; baseline 0.005 -14"><span class='ocrx_word' id='word_1_647' title='bbox 1238 2172 1407 2217; x_wconf 82' lang='lat' dir='ltr'><em>scoporum</em></span> <span class='ocrx_word' id='word_1_648' title='bbox 1433 2170 1637 2208; x_wconf 77' lang='lat' dir='ltr'><em>restituamus</em></span> <span class='ocrx_word' id='word_1_649' title='bbox 1655 2173 1790 2209; x_wconf 84' lang='lat' dir='ltr'><em>officio.</em></span> <span class='ocrx_word' id='word_1_650' title='bbox 1817 2173 1863 2211; x_wconf 88' lang='lat' dir='ltr'><em>Et</em></span> <span class='ocrx_word' id='word_1_651' title='bbox 1885 2175 1956 2212; x_wconf 84' lang='lat' dir='ltr'><em>fieri</em></span> <span class='ocrx_word' id='word_1_652' title='bbox 1976 2186 2045 2210; x_wconf 88' lang='lat' dir='ltr'><em>non</em></span> <span class='ocrx_word' id='word_1_653' title='bbox 2065 2185 2125 2219; x_wconf 89' lang='lat' dir='ltr'><em>po-</em></span> 
     </span>
     <span class='ocr_line' id='line_1_96' title="bbox 1237 2221 2122 2268; baseline 0.006 -12"><span class='ocrx_word' id='word_1_654' title='bbox 1237 2221 1295 2258; x_wconf 87' lang='lat' dir='ltr'><em>test</em></span> <span class='ocrx_word' id='word_1_655' title='bbox 1309 2245 1321 2262; x_wconf 84' lang='lat'><strong>,</strong></span> <span class='ocrx_word' id='word_1_656' title='bbox 1347 2231 1382 2256; x_wconf 92' lang='lat' dir='ltr'><em>ut</em></span> <span class='ocrx_word' id='word_1_657' title='bbox 1402 2222 1684 2258; x_wconf 79' lang='lat' dir='ltr'><em>communicemus</em></span> <span class='ocrx_word' id='word_1_658' title='bbox 1695 2223 1850 2268; x_wconf 86' lang='lat' dir='ltr'><em>reliquis,</em></span> <span class='ocrx_word' id='word_1_659' title='bbox 1877 2224 1935 2259; x_wconf 87' lang='lat' dir='ltr'><em>nisi</em></span> <span class='ocrx_word' id='word_1_660' title='bbox 1963 2224 2122 2268; x_wconf 71' lang='lat' dir='ltr'><em>Capitula</em></span> 
     </span>
     <span class='ocr_line' id='line_1_97' title="bbox 1239 2271 2124 2320; baseline 0.005 -16"><span class='ocrx_word' id='word_1_661' title='bbox 1239 2271 1383 2305; x_wconf 79' lang='lat' dir='ltr'><em>haeretica</em></span> <span class='ocrx_word' id='word_1_662' title='bbox 1395 2280 1470 2306; x_wconf 90' lang='lat' dir='ltr'><em>ante</em></span> <span class='ocrx_word' id='word_1_663' title='bbox 1482 2272 1724 2307; x_wconf 80' lang='lat' dir='ltr'><em>summoverent</em></span> <span class='ocrx_word' id='word_1_664' title='bbox 1736 2298 1743 2305; x_wconf 92' lang='lat'><em>.</em></span> <span class='ocrx_word' id='word_1_665' title='bbox 1770 2273 1845 2309; x_wconf 87' lang='lat' dir='ltr'><em>Nos</em></span> <span class='ocrx_word' id='word_1_666' title='bbox 1857 2274 1958 2320; x_wconf 86' lang='lat' dir='ltr'><em>igitur</em></span> <span class='ocrx_word' id='word_1_667' title='bbox 1971 2273 2056 2308; x_wconf 83' lang='lat' dir='ltr'><em>hanc</em></span> <span class='ocrx_word' id='word_1_668' title='bbox 2067 2273 2124 2310; x_wconf 72' lang='lat' dir='ltr'><em>ha-</em></span> 
     </span>
     <span class='ocr_line' id='line_1_98' title="bbox 1239 2321 2123 2366; baseline 0.005 -11"><span class='ocrx_word' id='word_1_669' title='bbox 1239 2321 1600 2359; x_wconf 85' lang='lat' dir='ltr'><em>bemusintentionem.</em></span> <span class='ocrx_word' id='word_1_670' title='bbox 1627 2322 1810 2361; x_wconf 84' lang='lat' dir='ltr'><em>Festinatio</em></span> <span class='ocrx_word' id='word_1_671' title='bbox 1823 2325 1900 2358; x_wconf 81' lang='lat' dir='ltr'><em>vero</em></span> <span class='ocrx_word' id='word_1_672' title='bbox 1918 2324 1963 2357; x_wconf 81' lang='lat' dir='ltr'><em>est</em></span> <span class='ocrx_word' id='word_1_673' title='bbox 1976 2325 2039 2364; x_wconf 86' lang='lat' dir='ltr'><em>iis,</em></span> <span class='ocrx_word' id='word_1_674' title='bbox 2063 2324 2123 2366; x_wconf 85' lang='lat' dir='ltr'><em>qui</em></span> 
     </span>
     <span class='ocr_line' id='line_1_99' title="bbox 1238 2370 2124 2418; baseline 0.003 -13"><span class='ocrx_word' id='word_1_675' title='bbox 1238 2383 1275 2405; x_wconf 88' lang='lat' dir='ltr'><em>ea</em></span> <span class='ocrx_word' id='word_1_676' title='bbox 1287 2382 1357 2415; x_wconf 83' lang='lat' dir='ltr'><em>quae</em></span> <span class='ocrx_word' id='word_1_677' title='bbox 1369 2372 1424 2406; x_wconf 87' lang='lat' dir='ltr'><em>sua</em></span> <span class='ocrx_word' id='word_1_678' title='bbox 1439 2372 1513 2408; x_wconf 84' lang='lat' dir='ltr'><em>sunt</em></span> <span class='ocrx_word' id='word_1_679' title='bbox 1525 2382 1671 2416; x_wconf 85' lang='lat' dir='ltr'><em>quaerunt</em></span> <span class='ocrx_word' id='word_1_680' title='bbox 1679 2397 1691 2415; x_wconf 89' lang='lat'>,</span> <span class='ocrx_word' id='word_1_681' title='bbox 1718 2383 1787 2409; x_wconf 83' lang='lat' dir='ltr'><em>non</em></span> <span class='ocrx_word' id='word_1_682' title='bbox 1799 2385 1871 2417; x_wconf 85' lang='lat' dir='ltr'><em>quae</em></span> <span class='ocrx_word' id='word_1_683' title='bbox 1880 2374 1953 2418; x_wconf 82' lang='lat' dir='ltr'><em>Jesu</em></span> <span class='ocrx_word' id='word_1_684' title='bbox 1974 2370 2099 2408; x_wconf 83' lang='lat' dir='ltr'><em>Christi</em></span> <span class='ocrx_word' id='word_1_685' title='bbox 2111 2398 2124 2415; x_wconf 89' lang='lat'><strong>,</strong></span> 
     </span>
     <span class='ocr_line' id='line_1_100' title="bbox 1238 2421 2121 2462; baseline 0 -7"><span class='ocrx_word' id='word_1_686' title='bbox 1238 2422 1373 2455; x_wconf 80' lang='lat' dir='ltr'><em>&amp;extra</em></span> <span class='ocrx_word' id='word_1_687' title='bbox 1397 2421 1538 2455; x_wconf 85' lang='lat' dir='ltr'><em>nostram</em></span> <span class='ocrx_word' id='word_1_688' title='bbox 1560 2422 1636 2456; x_wconf 81' lang='lat' dir='ltr'><em>iilos</em></span> <span class='ocrx_word' id='word_1_689' title='bbox 1646 2423 1811 2459; x_wconf 76' lang='lat' dir='ltr'><em>restituere</em></span> <span class='ocrx_word' id='word_1_690' title='bbox 1823 2424 2042 2459; x_wconf 86' lang='lat' dir='ltr'><em>voluntatem.</em></span> <span class='ocrx_word' id='word_1_691' title='bbox 2076 2423 2121 2462; x_wconf 79' lang='lat' dir='ltr'><em>Et</em></span> 
     </span>
     <span class='ocr_line' id='line_1_101' title="bbox 1242 2468 2128 2512; baseline 0.006 -10"><span class='ocrx_word' id='word_1_692' title='bbox 1242 2468 1453 2504; x_wconf 84' lang='lat' dir='ltr'><em>nihilhorum</em></span> <span class='ocrx_word' id='word_1_693' title='bbox 1465 2471 1605 2512; x_wconf 87' lang='lat' dir='ltr'><em>pertinet</em></span> <span class='ocrx_word' id='word_1_694' title='bbox 1627 2470 1739 2505; x_wconf 80' lang='lat' dir='ltr'><em>nobis·-</em></span> <span class='ocrx_word' id='word_1_695' title='bbox 1767 2472 1860 2507; x_wconf 80' lang='lat' dir='ltr'><em>Deus</em></span> <span class='ocrx_word' id='word_1_696' title='bbox 1870 2474 1959 2506; x_wconf 89' lang='lat' dir='ltr'><em>enim</em></span> <span class='ocrx_word' id='word_1_697' title='bbox 1978 2472 2128 2512; x_wconf 73' lang='lat' dir='ltr'><em>nostrum</em></span> 
     </span>
     <span class='ocr_line' id='line_1_102' title="bbox 1240 2519 2126 2567; baseline 0.003 -12"><span class='ocrx_word' id='word_1_698' title='bbox 1240 2519 1446 2564; x_wconf 75' lang='lat' dir='ltr'><em>Propositum</em></span> <span class='ocrx_word' id='word_1_699' title='bbox 1457 2519 1563 2564; x_wconf 79' lang='lat' dir='ltr'><em>exigit</em></span> <span class='ocrx_word' id='word_1_700' title='bbox 1574 2545 1584 2560; x_wconf 94' lang='lat'>,</span> <span class='ocrx_word' id='word_1_701' title='bbox 1611 2522 1932 2567; x_wconf 84' lang='lat' dir='ltr'><em>perseverantemque</em></span> <span class='ocrx_word' id='word_1_702' title='bbox 1944 2523 2100 2558; x_wconf 88' lang='lat' dir='ltr'><em>virtutem</em></span> <span class='ocrx_word' id='word_1_703' title='bbox 2112 2546 2126 2564; x_wconf 82' lang='lat'>,</span> 
     </span>
     <span class='ocr_line' id='line_1_103' title="bbox 1240 2570 2129 2613; baseline 0.002 -9"><span class='ocrx_word' id='word_1_704' title='bbox 1240 2570 1394 2604; x_wconf 86' lang='lat' dir='ltr'><em>&amp;eorum</em></span> <span class='ocrx_word' id='word_1_705' title='bbox 1408 2580 1477 2613; x_wconf 81' lang='lat' dir='ltr'><em>quae</em></span> <span class='ocrx_word' id='word_1_706' title='bbox 1487 2579 1602 2604; x_wconf 80' lang='lat' dir='ltr'><em>contra</em></span> <span class='ocrx_word' id='word_1_707' title='bbox 1622 2570 1827 2605; x_wconf 86' lang='lat' dir='ltr'><em>voluntatem</em></span> <span class='ocrx_word' id='word_1_708' title='bbox 1838 2571 1935 2611; x_wconf 89' lang='lat' dir='ltr'><em>sunt,</em></span> <span class='ocrx_word' id='word_1_709' title='bbox 1961 2583 2032 2607; x_wconf 87' lang='lat' dir='ltr'><em>non</em></span> <span class='ocrx_word' id='word_1_710' title='bbox 2059 2571 2129 2607; x_wconf 67' lang='lat' dir='ltr'><em>exi.-</em></span> 
     </span>
     <span class='ocr_line' id='line_1_104' title="bbox 1239 2617 1477 2662; baseline 0 -13"><span class='ocrx_word' id='word_1_711' title='bbox 1239 2621 1287 2662; x_wconf 73' lang='lat' dir='ltr'><em>git</em></span> <span class='ocrx_word' id='word_1_712' title='bbox 1303 2617 1477 2651; x_wconf 89' lang='lat' dir='ltr'><em>ultionem.</em></span> 
     </span>
    </p>

    <p class='ocr_par' dir='ltr' id='par_1_18' title="bbox 1240 2665 2126 3363">
     <span class='ocr_line' id='line_1_105' title="bbox 1288 2665 2123 2713; baseline 0.01 -15"><span class='ocrx_word' id='word_1_713' title='bbox 1288 2666 1342 2702; x_wconf 85' lang='lat' dir='ltr'><em>De</em></span> <span class='ocrx_word' id='word_1_714' title='bbox 1361 2665 1420 2701; x_wconf 84' lang='lat' dir='ltr'><em>illo</em></span> <span class='ocrx_word' id='word_1_715' title='bbox 1439 2665 1516 2701; x_wconf 74' lang='lat' dir='ltr'><em>vero</em></span> <span class='ocrx_word' id='word_1_716' title='bbox 1529 2665 1652 2701; x_wconf 88' lang='lat' dir='ltr'><em>Amico</em></span> <span class='ocrx_word' id='word_1_717' title='bbox 1675 2665 1740 2702; x_wconf 92' lang='lat' dir='ltr'><em>hoc</em></span> <span class='ocrx_word' id='word_1_718' title='bbox 1760 2669 1943 2713; x_wconf 87' lang='lat' dir='ltr'><em>cognoscat</em></span> <span class='ocrx_word' id='word_1_719' title='bbox 1964 2670 2123 2709; x_wconf 65' lang='lat' dir='ltr'><em>Sanaitas</em></span> 
     </span>
     <span class='ocr_line' id='line_1_106' title="bbox 1242 2716 2124 2764; baseline 0.008 -15"><span class='ocrx_word' id='word_1_720' title='bbox 1242 2716 1365 2756; x_wconf 83' lang='lat' dir='ltr'><em>vestra,</em></span> <span class='ocrx_word' id='word_1_721' title='bbox 1390 2716 1466 2759; x_wconf 89' lang='lat' dir='ltr'><em>quia</em></span> <span class='ocrx_word' id='word_1_722' title='bbox 1488 2717 1617 2757; x_wconf 89' lang='lat' dir='ltr'><em>quoties</em></span> <span class='ocrx_word' id='word_1_723' title='bbox 1640 2716 1708 2759; x_wconf 84' lang='lat' dir='ltr'><em>ejus</em></span> <span class='ocrx_word' id='word_1_724' title='bbox 1735 2718 1871 2754; x_wconf 87' lang='lat' dir='ltr'><em>fecimus</em></span> <span class='ocrx_word' id='word_1_725' title='bbox 1894 2720 2124 2764; x_wconf 81' lang='lat' dir='ltr'><em>mentionem,</em></span> 
     </span>
     <span class='ocr_line' id='line_1_107' title="bbox 1241 2765 2126 2811; baseline 0.006 -11"><span class='ocrx_word' id='word_1_726' title='bbox 1241 2768 1305 2800; x_wconf 77' lang='lat' dir='ltr'><em>sive</em></span> <span class='ocrx_word' id='word_1_727' title='bbox 1316 2777 1427 2801; x_wconf 85' lang='lat' dir='ltr'><em>coram</em></span> <span class='ocrx_word' id='word_1_728' title='bbox 1439 2765 1587 2802; x_wconf 81' lang='lat' dir='ltr'><em>Piiffimo</em></span> <span class='ocrx_word' id='word_1_729' title='bbox 1598 2765 1769 2811; x_wconf 83' lang='lat' dir='ltr'><em>Principe,</em></span> <span class='ocrx_word' id='word_1_730' title='bbox 1794 2767 1858 2802; x_wconf 84' lang='lat' dir='ltr'><em>sive</em></span> <span class='ocrx_word' id='word_1_731' title='bbox 1874 2780 1986 2804; x_wconf 88' lang='lat' dir='ltr'><em>coram</em></span> <span class='ocrx_word' id='word_1_732' title='bbox 2009 2771 2126 2805; x_wconf 90' lang='lat' dir='ltr'><em>Consi-</em></span> 
     </span>
     <span class='ocr_line' id='line_1_108' title="bbox 1242 2815 2124 2864; baseline 0.006 -13"><span class='ocrx_word' id='word_1_733' title='bbox 1242 2817 1342 2852; x_wconf 81' lang='lat' dir='ltr'><em>storio</em></span> <span class='ocrx_word' id='word_1_734' title='bbox 1362 2815 1524 2858; x_wconf 83' lang='lat' dir='ltr'><em>Principis</em></span> <span class='ocrx_word' id='word_1_735' title='bbox 1542 2838 1552 2854; x_wconf 93' lang='lat'>,</span> <span class='ocrx_word' id='word_1_736' title='bbox 1579 2817 1686 2852; x_wconf 73' lang='lat' dir='ltr'><em>fecisse</em></span> <span class='ocrx_word' id='word_1_737' title='bbox 1710 2815 1886 2861; x_wconf 84' lang='lat' dir='ltr'><em>adjudicati</em></span> <span class='ocrx_word' id='word_1_738' title='bbox 1910 2820 2020 2854; x_wconf 85' lang='lat' dir='ltr'><em>sumus</em></span> <span class='ocrx_word' id='word_1_739' title='bbox 2041 2819 2124 2864; x_wconf 85' lang='lat' dir='ltr'><em>inju-</em></span> 
     </span>
     <span class='ocr_line' id='line_1_109' title="bbox 1242 2866 2126 2912; baseline 0.007 -12"><span class='ocrx_word' id='word_1_740' title='bbox 1242 2867 1320 2903; x_wconf 79' lang='lat' dir='ltr'><em>riam</em></span> <span class='ocrx_word' id='word_1_741' title='bbox 1334 2891 1342 2898; x_wconf 90' lang='lat'>.</span> <span class='ocrx_word' id='word_1_742' title='bbox 1370 2866 1482 2901; x_wconf 75' lang='lat' dir='ltr'><em>&#39;santa</em></span> <span class='ocrx_word' id='word_1_743' title='bbox 1501 2867 1589 2901; x_wconf 84' lang='lat' dir='ltr'><em>enim</em></span> <span class='ocrx_word' id='word_1_744' title='bbox 1615 2878 1751 2907; x_wconf 82' lang='lat' dir='ltr'><em>eorum,</em></span> <span class='ocrx_word' id='word_1_745' title='bbox 1775 2870 1833 2912; x_wconf 89' lang='lat' dir='ltr'><em>qui</em></span> <span class='ocrx_word' id='word_1_746' title='bbox 1850 2870 1937 2904; x_wconf 85' lang='lat' dir='ltr'><em>intus</em></span> <span class='ocrx_word' id='word_1_747' title='bbox 1949 2871 2047 2911; x_wconf 88' lang='lat' dir='ltr'><em>sunt,</em></span> <span class='ocrx_word' id='word_1_748' title='bbox 2072 2871 2126 2905; x_wconf 81' lang='lat' dir='ltr'><em>ad-</em></span> 
     </span>
     <span class='ocr_line' id='line_1_110' title="bbox 1242 2917 2125 2964; baseline 0.005 -14"><span class='ocrx_word' id='word_1_749' title='bbox 1242 2918 1365 2953; x_wconf 76' lang='lat' dir='ltr'><em>versitas</em></span> <span class='ocrx_word' id='word_1_750' title='bbox 1375 2926 1487 2950; x_wconf 90' lang='lat' dir='ltr'><em>contra</em></span> <span class='ocrx_word' id='word_1_751' title='bbox 1497 2927 1574 2951; x_wconf 86' lang='lat' dir='ltr'><em>eum</em></span> <span class='ocrx_word' id='word_1_752' title='bbox 1590 2941 1597 2948; x_wconf 94' lang='lat'><strong>.</strong></span> <span class='ocrx_word' id='word_1_753' title='bbox 1626 2917 1668 2952; x_wconf 86' lang='lat' dir='ltr'><em>Et</em></span> <span class='ocrx_word' id='word_1_754' title='bbox 1692 2918 1782 2961; x_wconf 84' lang='lat' dir='ltr'><em>quod</em></span> <span class='ocrx_word' id='word_1_755' title='bbox 1793 2919 1838 2953; x_wconf 87' lang='lat' dir='ltr'><em>est</em></span> <span class='ocrx_word' id='word_1_756' title='bbox 1861 2919 2013 2955; x_wconf 85' lang='lat' dir='ltr'><em>omnium</em></span> <span class='ocrx_word' id='word_1_757' title='bbox 2034 2920 2125 2964; x_wconf 81' lang='lat' dir='ltr'><em>peffi·</em></span> 
     </span>
     <span class='ocr_line' id='line_1_111' title="bbox 1243 2966 2123 3012; baseline 0.006 -13"><span class='ocrx_word' id='word_1_758' title='bbox 1243 2978 1331 3004; x_wconf 81' lang='lat' dir='ltr'><em>mum</em></span> <span class='ocrx_word' id='word_1_759' title='bbox 1347 2990 1357 3006; x_wconf 91' lang='lat'>‚</span> <span class='ocrx_word' id='word_1_760' title='bbox 1385 2966 1459 3009; x_wconf 82' lang='lat' dir='ltr'><em>quia</em></span> <span class='ocrx_word' id='word_1_761' title='bbox 1486 2966 1519 3001; x_wconf 74' lang='grc' dir='ltr'><em>ὅ(</em></span> <span class='ocrx_word' id='word_1_762' title='bbox 1543 2966 1610 3010; x_wconf 84' lang='lat' dir='ltr'><em>ipse</em></span> <span class='ocrx_word' id='word_1_763' title='bbox 1631 2967 1794 3005; x_wconf 76' lang='lat' dir='ltr'><em>Piiffimus</em></span> <span class='ocrx_word' id='word_1_764' title='bbox 1806 2968 1983 3012; x_wconf 83' lang='lat' dir='ltr'><em>Imperator</em></span> <span class='ocrx_word' id='word_1_765' title='bbox 1998 2981 2123 3004; x_wconf 80' lang='lat' dir='ltr'><em>nomeu</em></span> 
     </span>
     <span class='ocr_line' id='line_1_112' title="bbox 1241 3017 2123 3061; baseline 0.005 -10"><span class='ocrx_word' id='word_1_766' title='bbox 1241 3017 1308 3060; x_wconf 78' lang='lat' dir='ltr'><em>ejus</em></span> <span class='ocrx_word' id='word_1_767' title='bbox 1322 3017 1486 3059; x_wconf 83' lang='lat' dir='ltr'><em>piusquam</em></span> <span class='ocrx_word' id='word_1_768' title='bbox 1499 3017 1602 3052; x_wconf 79' lang='lat' dir='ltr'><em>caeteri</em></span> <span class='ocrx_word' id='word_1_769' title='bbox 1627 3020 1808 3061; x_wconf 81' lang='lat' dir='ltr'><em>aversatur,</em></span> <span class='ocrx_word' id='word_1_770' title='bbox 1835 3018 1932 3055; x_wconf 83' lang='lat' dir='ltr'><em>nobis</em></span> <span class='ocrx_word' id='word_1_771' title='bbox 1952 3019 2123 3055; x_wconf 70' lang='lat' dir='ltr'><em>manifeste</em></span> 
     </span>
     <span class='ocr_line' id='line_1_113' title="bbox 1241 3066 2126 3112; baseline 0.005 -12"><span class='ocrx_word' id='word_1_772' title='bbox 1241 3068 1373 3103; x_wconf 83' lang='lat' dir='ltr'><em>dicens:</em></span> <span class='ocrx_word' id='word_1_773' title='bbox 1401 3068 1485 3109; x_wconf 76' lang='lat' dir='ltr'><em>‚Quia</em></span> <span class='ocrx_word' id='word_1_774' title='bbox 1495 3068 1532 3099; x_wconf 87' lang='lat' dir='ltr'><em>de</em></span> <span class='ocrx_word' id='word_1_775' title='bbox 1543 3066 1593 3099; x_wconf 82' lang='lat' dir='ltr'><em>hoc</em></span> <span class='ocrx_word' id='word_1_776' title='bbox 1610 3068 1708 3101; x_wconf 85' lang='lat' dir='ltr'><em>nullus</em></span> <span class='ocrx_word' id='word_1_777' title='bbox 1735 3067 1809 3102; x_wconf 73' lang='lat' dir='ltr'><em>mibi</em></span> <span class='ocrx_word' id='word_1_778' title='bbox 1829 3068 1983 3111; x_wconf 61' lang='lat' dir='ltr'><em>manfieste*</em></span> <span class='ocrx_word' id='word_1_779' title='bbox 2006 3070 2126 3112; x_wconf 66' lang='lat' dir='ltr'><em>aliqum</em></span> 
     </span>
     <span class='ocr_line' id='line_1_114' title="bbox 1243 3117 2122 3162; baseline 0.005 -13"><span class='ocrx_word' id='word_1_780' title='bbox 1243 3118 1342 3152; x_wconf 75' lang='lat' dir='ltr'><em>dicat.</em></span> <span class='ocrx_word' id='word_1_781' title='bbox 1371 3119 1480 3157; x_wconf 73' lang='lat' dir='ltr'><em>Typum</em></span> <span class='ocrx_word' id='word_1_782' title='bbox 1505 3128 1632 3160; x_wconf 79' lang='lat' dir='ltr'><em>namque</em></span> <span class='ocrx_word' id='word_1_783' title='bbox 1645 3120 1715 3159; x_wconf 83' lang='lat' dir='ltr'><em>jam</em></span> <span class='ocrx_word' id='word_1_784' title='bbox 1730 3117 1820 3162; x_wconf 83' lang='lat' dir='ltr'><em>semel</em></span> <span class='ocrx_word' id='word_1_785' title='bbox 1839 3131 1874 3155; x_wconf 85' lang='lat' dir='ltr'><em>ea</em></span> <span class='ocrx_word' id='word_1_786' title='bbox 1899 3143 1910 3159; x_wconf 90' lang='lat'>,</span> <span class='ocrx_word' id='word_1_787' title='bbox 1935 3130 2003 3161; x_wconf 80' lang='lat' dir='ltr'><em>quae</em></span> <span class='ocrx_word' id='word_1_788' title='bbox 2021 3121 2066 3153; x_wconf 80' lang='lat' dir='ltr'><em>ad</em></span> <span class='ocrx_word' id='word_1_789' title='bbox 2088 3119 2122 3152; x_wconf 78' lang='lat'><em>1!-</em></span> 
     </span>
     <span class='ocr_line' id='line_1_115' title="bbox 1240 3165 2123 3211; baseline 0.005 -11"><span class='ocrx_word' id='word_1_790' title='bbox 1240 3169 1301 3203; x_wconf 81' lang='lat' dir='ltr'><em>lum</em></span> <span class='ocrx_word' id='word_1_791' title='bbox 1311 3174 1488 3211; x_wconf 74' lang='lat' dir='ltr'><em>pertinent,</em></span> <span class='ocrx_word' id='word_1_792' title='bbox 1509 3165 1715 3209; x_wconf 83' lang='lat' dir='ltr'><em>susceperunt.</em></span> <span class='ocrx_word' id='word_1_793' title='bbox 1744 3169 1981 3205; x_wconf 81' lang='lat' dir='ltr'><em>Verumtamen</em></span> <span class='ocrx_word' id='word_1_794' title='bbox 2007 3168 2062 3203; x_wconf 86' lang='lat' dir='ltr'><em>hic</em></span> <span class='ocrx_word' id='word_1_795' title='bbox 2074 3169 2123 3204; x_wconf 86' lang='lat' dir='ltr'><em>su·</em></span> 
     </span>
     <span class='ocr_line' id='line_1_116' title="bbox 1243 3216 2122 3255; baseline 0 -3"><span class='ocrx_word' id='word_1_796' title='bbox 1243 3227 1316 3253; x_wconf 85' lang='lat' dir='ltr'><em>mus</em></span> <span class='ocrx_word' id='word_1_797' title='bbox 1356 3228 1424 3251; x_wconf 89' lang='lat' dir='ltr'><em>non</em></span> <span class='ocrx_word' id='word_1_798' title='bbox 1450 3216 1594 3253; x_wconf 72' lang='lat' dir='ltr'><em>cessaturi</em></span> <span class='ocrx_word' id='word_1_799' title='bbox 1627 3228 1695 3254; x_wconf 85' lang='lat' dir='ltr'><em>tota</em></span> <span class='ocrx_word' id='word_1_800' title='bbox 1718 3219 1837 3254; x_wconf 86' lang='lat' dir='ltr'><em>virtute</em></span> <span class='ocrx_word' id='word_1_801' title='bbox 1856 3230 1968 3255; x_wconf 87' lang='lat' dir='ltr'><em>curam</em></span> <span class='ocrx_word' id='word_1_802' title='bbox 1989 3217 2031 3254; x_wconf 89' lang='lat' dir='ltr'><em>de</em></span> <span class='ocrx_word' id='word_1_803' title='bbox 2061 3218 2122 3253; x_wconf 79' lang='lat' dir='ltr'><em>ista</em></span> 
     </span>
     <span class='ocr_line' id='line_1_117' title="bbox 1241 3266 2122 3312; baseline -0.001 -10"><span class='ocrx_word' id='word_1_804' title='bbox 1241 3266 1371 3311; x_wconf 72' lang='lat' dir='ltr'><em>quoque</em></span> <span class='ocrx_word' id='word_1_805' title='bbox 1381 3277 1489 3311; x_wconf 84' lang='lat' dir='ltr'><em>gerere</em></span> <span class='ocrx_word' id='word_1_806' title='bbox 1501 3278 1610 3310; x_wconf 83' lang='lat' dir='ltr'><em>parte,</em></span> <span class='ocrx_word' id='word_1_807' title='bbox 1636 3269 1773 3304; x_wconf 88' lang='lat' dir='ltr'><em>scientes</em></span> <span class='ocrx_word' id='word_1_808' title='bbox 1797 3270 2025 3312; x_wconf 83' lang='lat' dir='ltr'><em>iniquitatem,</em></span> <span class='ocrx_word' id='word_1_809' title='bbox 2053 3279 2122 3312; x_wconf 79' lang='lat' dir='ltr'><em>quae</em></span> 
     </span>
     <span class='ocr_line' id='line_1_118' title="bbox 1244 3316 2121 3363; baseline -0.001 -11"><span class='ocrx_word' id='word_1_810' title='bbox 1244 3319 1278 3354; x_wconf 87' lang='lat' dir='ltr'><em>in</em></span> <span class='ocrx_word' id='word_1_811' title='bbox 1290 3328 1366 3351; x_wconf 91' lang='lat' dir='ltr'><em>eum</em></span> <span class='ocrx_word' id='word_1_812' title='bbox 1376 3317 1544 3351; x_wconf 77' lang='lat' dir='ltr'><em>commissa</em></span> <span class='ocrx_word' id='word_1_813' title='bbox 1566 3316 1610 3352; x_wconf 90' lang='lat' dir='ltr'><em>est</em></span> <span class='ocrx_word' id='word_1_814' title='bbox 1623 3319 1664 3354; x_wconf 88' lang='lat' dir='ltr'><em>ab</em></span> <span class='ocrx_word' id='word_1_815' title='bbox 1685 3318 1755 3360; x_wconf 85' lang='lat' dir='ltr'><em>his,</em></span> <span class='ocrx_word' id='word_1_816' title='bbox 1780 3318 1914 3363; x_wconf 85' lang='lat' dir='ltr'><em>quisine</em></span> <span class='ocrx_word' id='word_1_817' title='bbox 1935 3319 2012 3353; x_wconf 89' lang='lat' dir='ltr'><em>Deo</em></span> <span class='ocrx_word' id='word_1_818' title='bbox 2023 3319 2097 3352; x_wconf 89' lang='lat' dir='ltr'><em>sunt</em></span> <span class='ocrx_word' id='word_1_819' title='bbox 2112 3342 2121 3351; x_wconf 89' lang='lat'>.</span> 
     </span>
    </p>

    <p class='ocr_par' dir='ltr' id='par_1_19' title="bbox 1294 3366 2120 3410">
     <span class='ocr_line' id='line_1_119' title="bbox 1294 3366 2120 3410; baseline -0.002 -8"><span class='ocrx_word' id='word_1_820' title='bbox 1294 3366 1497 3402; x_wconf 81' lang='lat' dir='ltr'><em>Festinamus</em></span> <span class='ocrx_word' id='word_1_821' title='bbox 1518 3369 1616 3410; x_wconf 80' lang='lat' dir='ltr'><em>vero,</em></span> <span class='ocrx_word' id='word_1_822' title='bbox 1643 3379 1680 3404; x_wconf 91' lang='lat' dir='ltr'><em>ut</em></span> <span class='ocrx_word' id='word_1_823' title='bbox 1704 3370 1810 3404; x_wconf 87' lang='lat' dir='ltr'><em>&amp;nos</em></span> <span class='ocrx_word' id='word_1_824' title='bbox 1823 3367 1902 3405; x_wconf 85' lang='lat' dir='ltr'><em>hinc</em></span> <span class='ocrx_word' id='word_1_825' title='bbox 1925 3368 2120 3409; x_wconf 83' lang='lat' dir='ltr'><em>liberemur,</em></span> 
     </span>
    </p>

    <p class='ocr_par' dir='ltr' id='par_1_20' title="bbox 1978 3418 2073 3453">
     <span class='ocr_line' id='line_1_120' title="bbox 1978 3418 2073 3453; baseline 0.011 -2"><span class='ocrx_word' id='word_1_826' title='bbox 1978 3418 2073 3453; x_wconf 82' lang='lat' dir='ltr'><em>&amp;ve-</em></span> 
     </span>
    </p>
   </div>
  </div>
 </body>
</html>
