2320 3730
70 2467 228 2508 Malach·3.

370 158 468 196 126

289 240 339 268 eur
351 259 358 267 .
386 233 443 269 Ob
454 232 517 267 hoc
527 232 616 267 enim
627 230 702 277 quia
716 234 750 268 in
765 234 970 278 pugnatione
996 234 1098 268 multa
1118 242 1175 264 un-

290 284 391 329 dique
403 283 594 328 sagittarum
605 283 709 319 millia
725 286 923 328 excipientes
944 282 1046 325 neque
1071 281 1176 324 fugie-

286 333 365 375 bant.
380 359 390 374 ‚
417 333 522 377 neque
542 333 721 376 cadebant,
750 335 801 368 sed
825 336 953 369 fortiter
965 332 1114 370 stabant,
1140 330 1174 364 δε

286 383 452 421 habebant
475 384 680 419 immobilem
704 385 877 424 virtutem,
907 384 971 417 hoc
996 381 1101 424 ipsum
1127 382 1173 415 ait

285 434 426 479 amplius
438 434 618 478 praedidiam
630 434 699 477 ejus
712 434 821 479 Regni
842 436 993 467 virtutem
1005 455 1012 462 .
1042 431 1171 474 Expen-

284 485 398 519 dentes
411 485 501 519 enim
515 486 644 530 sagittas
657 484 894 529 impugnabant
905 479 1077 515 adversum
1091 492 1169 514 nos:

283 531 329 568 Et
356 534 479 579 lapides
504 547 544 570 ac
563 535 692 568 lanceas
712 559 719 566 .
762 534 904 568 Nostros
931 542 991 564 nos
1007 530 1169 574 dejiciunt

280 584 405 620 milites
421 610 428 616 .
455 585 533 619 Hoc
556 585 657 629 igitur
670 584 837 618 audientes
857 580 991 618 verbum
1017 606 1027 622 ,
1052 592 1168 616 contra

279 634 486 681 insurgentes
496 635 662 669 molestias
672 633 809 668 haesitare
821 643 890 665 non
902 632 1061 667 convenit
1071 657 1081 673 ‚
1109 631 1163 666 sed

276 685 407 720 fortiter
429 684 510 720 stare
522 683 806 725 haereditatemque
829 680 1003 718 Paternatn
1027 682 1164 717 inadibi-

274 734 343 772 lem
362 734 490 770 furibus
515 732 702 769 custodire:
731 731 774 765 Et
800 733 974 776 supernum
1001 731 1161 770 custodire

272 795 393 820 nutum
406 810 413 817 .
444 784 575 834 Venietx
586 783 676 817 enim
691 782 888 826 quicumque
914 794 1068 818 venturus
1093 783 1137 817 est
1153 809 1161 823 ,

271 834 307 869 ἀ
321 845 389 869 non
402 832 542 868 tardabit
555 856 567 872 ,
593 832 628 868 dt
640 830 794 867 Athletas
804 833 953 877 proprios
971 833 1144 868 coronabit
1153 860 1160 867 .

270 883 446 919 Credimus
459 880 554 921 vero,
579 883 656 927 quia
681 883 871 927 &Gregem
891 884 1017 924 suum,.
1034 885 1092 928 qui
1114 883 1160 919 di-

267 932 356 967 visus
378 932 445 971 est,
473 932 620 967 celeriter
639 932 753 969 uniet.
781 935 827 969 Et
846 935 948 978 pascit
969 945 1031 969 nos
1053 935 1161 969 conti-

264 981 352 1018 nud.
381 981 514 1017 Tamen
527 981 601 1016 sinit
612 982 683 1021 fieri
701 983 781 1019 sicut
803 986 836 1019 in
849 985 1032 1029 principio,
1058 996 1155 1028 quan·

262 1031 309 1066 do
320 1043 389 1067 non
402 1041 471 1066 erat
484 1031 582 1067 nobis
599 1057 606 1064 .
635 1033 678 1070 Et
689 1044 746 1068 eos
756 1036 813 1079 qui
825 1046 1012 1070 erraverunt
1023 1046 1152 1069 conver-

261 1091 309 1118 tet
320 1106 331 1124 ‚
357 1082 391 1122 §t
406 1081 601 1128 languentes
611 1083 771 1128 salvabit,
796 1085 831 1123 δι
842 1085 947 1122 salvos
958 1085 1103 1120 custodit
1117 1085 1152 1118 in

259 1131 436 1170 omnibus.

309 1181 482 1219 confidite
493 1182 596 1228 igitur
610 1195 689 1225 vos,
715 1185 773 1228 qui
790 1184 866 1218 estis
890 1182 950 1228 piae
962 1183 1152 1229 Religionis

257 1233 422 1276 peculiare
436 1233 694 1269 nutrimentum.
725 1235 770 1269 Et
783 1234 919 1269 vestram
938 1235 1082 1278 ipsorum
1105 1235 1148 1269 sa·

256 1282 361 1318 lutem
371 1284 554 1328 operamini
568 1309 578 1325 ,
604 1283 644 1319 ad
658 1285 795 1319 virtutes
805 1284 910 1319 animi
925 1285 1068 1318 invicem
1080 1295 1153 1327 pro·

255 1343 437 1376 vocantes,
462 1335 496 1368 ἀ
522 1334 664 1369 Divinas
676 1336 782 1380 Leges
800 1335 842 1370 ad
854 1334 1048 1370 memoriam
1058 1334 1151 1369 redu·

252 1393 389 1426 centes,
411 1385 685 1430 deprecantesque
698 1386 884 1420 Dominum
897 1410 908 1426 ,
935 1396 972 1419 ut
994 1384 1080 1420 hanc
1099 1396 1150 1419 ca-

253 1432 433 1477 liginosam
460 1434 583 1470 nubem
612 1460 623 1476 ,
650 1436 873 1481 pinguemque
897 1433 1052 1469 dissolvat
1077 1456 1088 1474 ,
1114 1435 1147 1468 &

249 1482 409 1517 omnibus
419 1485 531 1518 lumen
545 1486 691 1519 veritatis
701 1485 853 1520 ostendat
864 1486 916 1526 ,δε
928 1485 1044 1519 doceat
1058 1484 1148 1519 Uni-

251 1532 381 1572 versos,
409 1531 486 1577 quia
510 1533 711 1578 impassibilis
736 1534 998 1570 &immutabilis
1010 1535 1057 1569 est
1071 1535 1148 1568 Tri-

252 1581 367 1615 nitatis
393 1592 508 1617 natura
533 1608 544 1624 ,
581 1585 762 1620 secundum
789 1587 984 1624 Sanctorum
1010 1584 1146 1620 Patrum

251 1631 448 1667 Dominam
462 1654 472 1670 ‚
497 1633 555 1676 qui
576 1632 610 1667 in
623 1634 734 1669 Nicaea
755 1645 985 1670 convenerunt
998 1660 1008 1675 ‚
1035 1635 1145 1670 dicen-

248 1690 316 1715 tem
329 1695 340 1715 .-
368 1685 433 1716 Eos
447 1688 526 1716 enim
535 1689 587 1725 qui
599 1686 704 1718 dicunt
716 1707 727 1723 ,
753 1689 836 1719 Erat
845 1687 1010 1727 aliquando
1021 1687 1145 1728 quando

249 1743 308 1765 non
334 1741 421 1775 erat,
448 1735 482 1767 Θ·
504 1744 671 1778 antequam
697 1734 867 1778 nasi-eretur
893 1746 951 1769 non
975 1746 1063 1777 erat,
1090 1745 1142 1768 aut

248 1787 319 1823 quia
332 1794 369 1816 ex
390 1795 449 1817 non
475 1784 658 1824 exstantibus
671 1794 844 1827 procreatur
854 1785 910 1826 est,
941 1788 993 1819 vel
1015 1799 1054 1819 ex
1081 1786 1143 1818 alia

247 1843 429 1876 quacumque
444 1831 614 1876 substantia
626 1859 637 1875 ,
663 1837 794 1869 dicentes
814 1835 866 1877 effe
891 1836 1063 1868 vertibilem
1087 1845 1142 1867 aut

246 1883 421 1918 mutabilem
446 1886 560 1918 Filium
577 1888 654 1925 Der,
682 1884 734 1918 hos
759 1884 1000 1919 anathematizat
1025 1885 1144 1917 sanc‘Ja

245 1933 402 1967 catholica
425 1934 568 1976 Ecclefia.
597 1936 667 1982 Qi
690 1936 772 1980 ergo
787 1936 918 1970 Divinae
941 1945 1060 1970 naturae
1078 1936 1145 1977 pas-

245 1983 353 2017 siones
373 1994 571 2026 apponunt,
597 1995 668 2018 eam
688 1985 875 2018 vertibilem
898 1985 1016 2019 dicunt
1043 1995 1142 2028 atque

246 2033 443 2068 mutabilem
457 2059 463 2065 .
490 2033 642 2069 Mutatur
654 2044 796 2077 namque
817 2046 855 2067 ac
867 2034 1002 2067 vertitur
1014 2057 1024 2072 ,
1049 2033 1140 2074 quod

246 2085 280 2117 se
292 2084 388 2118 aliter
413 2094 511 2128 atque
524 2083 618 2118 aliter
632 2081 729 2117 habet
743 2108 750 2115 .
779 2084 849 2129 Qui
877 2093 989 2117 autem
1012 2081 1143 2116 vertibi-

247 2135 313 2167 lem
327 2134 445 2169 dicunt
471 2144 569 2175 atque
585 2133 776 2168 mutabilem
791 2159 800 2174 ‚
828 2131 886 2169 sub
898 2132 1034 2168 Patrum
1047 2132 1143 2166 male·

244 2185 394 2219 dictione
407 2186 482 2219 sunt
495 2185 687 2220 Sannorum
703 2209 710 2216 .
737 2185 769 2218 Si
782 2184 872 2218 enim
895 2183 986 2227 quod
1006 2182 1146 2226 impaffi-

247 2234 315 2268 bile
328 2235 515 2268 naturaliter
525 2234 655 2273 existit,
682 2233 927 2268 vertibilitatem
941 2257 952 2273 ,
977 2232 1143 2267 mutabili-

248 2294 415 2328 tatemque
437 2284 611 2324 sustinuit,
637 2284 728 2328 quod
752 2292 862 2319 autem
874 2283 1079 2318 convertitur
1103 2295 1142 2318 ac

249 2344 398 2369 mutatur
409 2359 421 2376 ,
447 2335 513 2378 jam
527 2345 593 2369 non
607 2335 652 2368 est
666 2334 922 2369 inconvertibile
933 2358 944 2374 ‚
971 2344 1078 2375 neque
1095 2333 1141 2366 in-

248 2384 512 2426 commutabile,
540 2384 713 2429 quomode
732 2386 833 2428 igitur
859 2395 914 2428 per
942 2382 1140 2426 prophetam

242 2436 420 2470 Dominus
442 2435 626 2469 exclamat:
654 2437 721 2477 Ego
740 2432 826 2476 sitm,
856 2444 907 2478 ego
911 2430 1003 2474 sum,
1027 2433 1063 2466 ὦ·
1085 2442 1143 2464 non

248 2485 406 2519 mutabor?
429 2485 464 2520 Si
485 2484 566 2529 ergo
592 2483 627 2517 &
646 2484 739 2518 Deus
761 2483 968 2527 semetipsum
989 2482 1142 2517 immuta-

248 2536 352 2571 bilem
374 2545 469 2570 vocat
482 2559 494 2575 ,
518 2535 552 2568 &
574 2534 667 2569 Beati
678 2533 790 2568 Patres
802 2532 880 2567 huic
900 2532 975 2567 voci
988 2531 1142 2567 obedien-

247 2596 298 2621 tes
308 2584 612 2624 anathematizant,
640 2584 696 2627 qui
718 2582 807 2617 hunc
829 2582 1013 2617 vertibilem
1040 2592 1139 2626 atque

247 2636 442 2671 mutabilem
455 2645 574 2669 vocare
585 2635 798 2678 praesumunt,
823 2634 897 2678 quis
910 2633 956 2666 ita
977 2632 1140 2676 propriam

249 2686 388 2720 salutem
409 2683 588 2728 despiciat,
615 2695 651 2718 ut
675 2684 709 2718 ὅ(
732 2684 863 2720 adversa
882 2683 1004 2727 alleget
1023 2692 1139 2717 contra

249 2737 363 2771 Deum
375 2760 387 2778 ,
412 2734 508 2769 &his
519 2758 532 2775 ‚
556 2735 614 2779 qui
627 2733 790 2769 subtiliter
800 2734 925 2769 Divina
937 2733 1042 2768 edoffl
1055 2734 1139 2775 sunt,

250 2786 358 2831 aperte
379 2786 565 2832 repugnet?

298 2838 444 2881 Oportet
457 2834 559 2881 igitur
569 2834 744 2871 crederein
756 2834 909 2876 Patrem,
934 2834 969 2870 δε
990 2832 1112 2868 Filium
1129 2857 1140 2873 ,

249 2887 284 2921 &
298 2887 455 2932 Spiritum
477 2887 645 2922 Sandium.
673 2886 717 2921 Et
740 2885 870 2921 Patrem
897 2882 1054 2928 quidem,
1083 2883 1139 2929 qui

250 2948 322 2971 non
344 2936 383 2972 fit
392 2949 435 2972 ex
464 2935 577 2981 aliquo
586 2937 676 2977 alio,
702 2948 763 2971 nec
776 2934 937 2970 existendi
949 2936 1077 2969 causam
1097 2934 1139 2970 ab

250 2987 366 3030 aliquo
377 2987 515 3022 habeat.
543 2988 666 3023 Filium
678 2987 754 3022 verti
775 2997 817 3022 ex
829 2985 923 3019 Patre
941 2985 1073 3029 quidem
1086 2995 1140 3029 ge-

251 3037 361 3072 nitum
381 3037 706 3082 consempiternum,
732 3048 800 3070 non
822 3044 933 3070 tamen
955 3045 1030 3070 eum
1044 3058 1055 3074 ‚
1080 3034 1137 3078 qui

253 3085 345 3122 hunc
355 3089 495 3133 genuit,
520 3088 734 3123 existentem.
762 3086 807 3120 Et
819 3085 901 3119 nulli
913 3083 978 3118 hoc
1001 3083 1136 3118 verbum

253 3135 374 3180 absque
386 3138 479 3173 omni
492 3138 754 3183 persuasibilitate
765 3134 910 3171 videatur
921 3158 930 3167 .
958 3135 1048 3168 Nam
1056 3133 1137 3168 sicut

254 3185 360 3220 Filius
379 3188 515 3229 quidem
537 3189 668 3233 genitus
688 3188 735 3223 est
755 3198 795 3221 ex
817 3185 935 3224 Patre,
960 3185 1039 3219 licut
1057 3184 1138 3218 Ver-

255 3233 336 3270 bum
359 3235 436 3269 vero
459 3239 505 3271 est
530 3237 694 3282 Splendor
714 3237 835 3271 Gloriae
856 3235 1137 3278 consempiternus

255 3283 347 3320 Patri
367 3308 376 3317 ·
403 3284 448 3318 Et
470 3287 604 3329 quidem
620 3286 703 3321 ficut
730 3287 833 3322 Filius
853 3297 894 3321 ex
917 3283 1033 3323 Patre,
1058 3285 1136 3320 sicut

255 3333 406 3372 Verbum
413 3334 450 3371 in
457 3333 553 3372 Patre
561 3361 574 3380 ‚
601 3337 682 3373 ficut
693 3347 804 3375 autem
819 3335 979 3383 Splendor
988 3345 1063 3370 curn
1074 3335 1135 3371 Pa·

713 148 1047 195 VARIORUM
1083 147 1330 193 PATRUM
1365 147 1703 208 EP13rotAE‚

1235 241 1300 264 tre.
1328 231 1419 267 Sicut
1441 234 1514 269 vere
1532 235 1704 271 confidens
1722 234 1873 271 unacum
1887 233 2002 272 Patre.
2027 237 2121 274 Idem

1232 281 1366 325 quidem
1390 284 1552 318 credimus
1571 286 1613 319 de
1634 287 1758 329 Spiritu
1777 287 1915 329 San-sto,
1943 300 2041 331 quern
2060 300 2121 325 nos

1234 332 1401 367 Dominus
1411 332 1523 366 docuit
1533 343 1573 366 ex
1586 334 1683 368 Patre
1704 338 1895 378 procedere.
1925 338 1967 372 Et
1981 338 2121 382 Aposto-

1232 382 1281 415 lus
1292 383 1390 416 tradit
1406 382 1520 416 dicens
1542 395 1549 415 ε
1577 386 1645 417 Nos
1657 394 1757 416 autem
1778 397 1835 419 mn
1845 390 1991 429 spiritum
2013 390 2121 423 Mundi

1230 441 1392 474 accepimus
1404 457 1414 472 ,
1438 430 1493 475 sed
1502 435 1520 466 5
1518 438 1647 475 piritum
1659 438 1708 476 qui
1723 445 1760 467 ex
1787 437 1847 469 Deo
1859 438 1896 476 est
1908 463 1915 471 ,
1944 440 2120 474 Credimus
2147 433 2240 465 1.Cor.
2251 444 2276 464 ι.

1231 484 1333 528 igitur
1345 494 1445 517 unam
1456 484 1518 518 esse
1531 483 1635 517 Patris
1662 484 1696 518 &
1707 483 1786 518 Filii
1816 485 1850 519 ἀ
1861 486 1997 529 Spiritus
2008 492 2118 525 sancti

1230 534 1468 574 Divinitatem,
1498 545 1598 568 unam
1611 535 1888 570 Dominationem
1903 560 1914 576 ,
1939 548 2041 574 unum
2055 541 2119 575 Re·

1228 595 1331 628 gnum
1358 585 1393 618 ’δε
1403 583 1603 619 Potestatem
1617 610 1627 626 ,
1653 594 1751 629 atque
1764 585 1951 621 Consilium
1965 587 1999 621 in
2008 589 2117 625 tribus

1230 634 1484 678 ,Proprietatibus
1505 660 1516 676 ‚
1545 636 1610 670 sive
1632 636 1666 670 in
1688 635 1906 671 Subfistentiis
1937 639 2118 682 agnoscen-

1225 683 1301 718 dam
1314 709 1321 717 .
1350 685 1397 719 At
1412 686 1487 720 vero
1500 686 1563 719 illis
1575 686 1797 730 relinquamus
1807 685 1916 721 minus
1942 690 1976 723 ὃ(
1991 688 2116 732 majus,

1225 735 1348 778 quiea,
1375 747 1445 782 quae
1457 737 1695 778 infinitafnnt,
1726 745 1882 779 tanquam
1898 749 1951 782 per
1964 740 2115 785 linguam

1224 787 1356 828 pensare
1368 787 1577 829 praesumunt.
1606 787 1681 823 Nos
1702 797 1812 821 autem
1838 800 1937 822 unam
1948 789 2114 824 Trinitati

1221 836 1396 871 offeramus
1408 835 1653 871 adorationem.
1682 837 1891 881 Praecipimur
1903 840 1995 873 enim
2006 841 2045 873 sic
2055 839 2115 874 ho-

1223 898 1337 922 norate
1359 887 1507 928 Filium,
1529 887 1611 921 sicut
1633 887 1807 922 adoramus
1833 889 1868 922 δε
1888 889 2036 924 Patrem.
2067 890 2115 924 Et

1219 936 1253 970 in
1265 935 1421 972 omnibus
1433 937 1592 981 Spiritum
1605 939 1760 973 Sanc‘ium
1772 937 1860 973 Patri
1879 940 1912 973 &
1924 940 2014 974 Filio
2025 950 2116 974 com-

1220 987 1386 1022 municare
1400 990 1510 1031 sumus
1524 987 1648 1024 edom.
1677 989 1791 1022 Tanta
1806 988 1902 1023 nobis
1926 989 1965 1023 ad
1980 991 2114 1034 praesens

1216 1034 1256 1070 de
1278 1038 1410 1074 Divinae
1437 1047 1558 1073 naturas
1583 1038 1768 1082 Deiloquio
1790 1039 1876 1073 dieta
1898 1041 1978 1074 lint.
2010 1039 2113 1075 Isthic

1216 1086 1340 1122 docens
1361 1089 1451 1123 enim
1464 1112 1476 1127 ,
1503 1099 1571 1123 non
1591 1089 1674 1122 sicut
1695 1088 1879 1131 disceptans
1900 1089 1964 1123 feci
1985 1090 2114 1124 Sermo-

1219 1146 1290 1170 nes.
1319 1136 1364 1171 Et
1375 1137 1562 1173 dostrinam
1572 1136 1751 1177 fratribus,
1776 1149 1845 1172 non
1868 1138 2013 1174 inimicis
2035 1139 2115 1175 offe·

1215 1186 1330 1220 rimus.

1262 1236 1317 1270 De
1328 1235 1584 1279 Dispensittione
1596 1233 1674 1271 vero
1684 1235 1815 1273 credere
1825 1237 1984 1272 convenit
1995 1263 2007 1280 ‚
2032 1238 2113 1284 quia

1215 1285 1406 1329 unigenitus
1421 1284 1487 1321 Dei
1503 1285 1630 1328 Filius,
1658 1285 1749 1321 Deus
1761 1286 1911 1321 Verbum
1925 1311 1936 1327 ,
1962 1289 2020 1332 qui
2034 1298 2112 1324 ante

1215 1335 1325 1369 saecula
1347 1335 1393 1369 est
1407 1359 1418 1375 ,
1443 1346 1575 1379 propter
1587 1334 1731 1372 nostram
1760 1337 1896 1372 salutem
1920 1337 2111 1374 incarnatus

1213 1385 1281 1426 est,
1306 1381 1607 1425 &inhumanatus‚
1634 1384 1669 1420 δι
1683 1383 1843 1419 habitavit
1860 1386 1899 1422 in
1919 1387 2035 1421 nobis.
2063 1388 2109 1423 Et

1213 1435 1314 1471 fastus
1333 1434 1379 1469 est
1392 1434 1482 1469 Caro
1502 1445 1572 1469 non
1585 1433 1799 1469 vertibilitate
1807 1434 2024 1478 Divinitatis‚
2051 1438 2108 1474 sed

1212 1485 1432 1528 assumptione
1444 1484 1662 1520 humanitatis
1674 1508 1682 1522 ,
1708 1485 1831 1521 Forma
1847 1485 1940 1520 enim
1950 1486 2017 1521 Dei
2037 1488 2107 1523 exi·

1211 1536 1296 1570 stens
1309 1536 1451 1570 formam
1465 1536 1545 1571 servi
1558 1535 1706 1578 accepit.
1735 1534 1779 1569 Et
1791 1534 1826 1569 in
1846 1544 1929 1572 terra
1955 1537 2040 1572 visus
2057 1539 2105 1573 est

1211 1596 1265 1628 per
1280 1583 1460 1620 humanam
1472 1595 1619 1622 naturam
1631 1610 1642 1626 ‚
1666 1585 1789 1621 &cum
1809 1584 2006 1622 hominibus
2026 1598 2107 1623 con·

1212 1635 1348 1670 versatus
1359 1636 1404 1670 est
1417 1661 1425 1668 .
1453 1635 1590 1680 Propter
1608 1646 1707 1677 quam
1728 1636 1831 1671 etiam
1842 1636 2028 1680 Templum
2050 1649 2108 1673 vo·

1210 1687 1297 1720 cavit
1315 1686 1478 1728 sumptam
1501 1696 1651 1721 naturam
1673 1710 1684 1726 ‚
1711 1685 1934 1722 differentiam
1954 1687 2026 1730 ejus
2046 1688 2107 1732 qui

1210 1736 1356 1779 accepit,
1382 1735 1423 1771 ad
1445 1735 1480 1771 id
1501 1735 1593 1780 quod
1614 1736 1802 1780 assumpsit,
1827 1735 2006 1772 ostendens
2025 1761 2033 1770 .
2060 1737 2107 1773 Et

1210 1786 1285 1829 quia
1298 1785 1363 1819 hoc
1373 1785 1510 1828 quidem
1521 1787 1614 1821 Deus
1624 1786 1669 1820 est
1683 1810 1694 1826 ,
1721 1786 1805 1822 illud
1818 1786 1896 1821 vero
1907 1786 2105 1830 Templumt

1210 1836 1399 1877 Utrumque
1410 1846 1519 1869 autem
1531 1847 1614 1870 unus
1627 1834 1778 1871 Christus
1790 1860 1802 1876 ,
1827 1847 1913 1871 unus
1922 1837 2107 1885 Dominus,

1210 1896 1294 1918 unus
1318 1885 1422 1919 Filius
1433 1885 1645 1929 unigenitus.
1673 1885 1718 1918 Et
1739 1884 1828 1919 idem
1839 1886 2102 1930 primogenitus.

1209 1934 1289 1969 Hoc
1312 1935 1402 1969 enim
1430 1945 1492 1969 nos
1517 1935 1618 1969 etiam
1646 1933 1767 1969 Beatus
1791 1934 1913 1970 Paulus
1938 1935 2075 1971 edocuit
2092 1948 2103 1970 ε

1208 1988 1291 2018 Unus
1304 1988 1449 2017 Dominus
1451 1986 1483 2028 J
1484 1983 1550 2026 esus
1565 1983 1701 2023 Christus
1712 2007 1724 2023 ,
1744 1992 1804 2026 per
1814 1996 1901 2027 quem
1910 1991 2028 2019 omnir-t.
2056 1986 2104 2022 Et

1208 2035 1243 2066 in
1259 2034 1404 2075 Epistola
1415 2034 1456 2067 ad
1469 2033 1644 2069 Hebraeos:
1664 2037 1698 2080 J
1699 2032 1764 2077 esus
1777 2034 1913 2075 Christus
1925 2034 1990 2068 hm·
2009 2036 2043 2071 Θ
2053 2035 2103 2070 bo-

1206 2080 1325 2125 dieipse
1338 2105 1348 2122 ,
1373 2083 1407 2115 o·
1428 2088 1461 2115 in
1474 2081 1606 2125 saecula.
1633 2084 1678 2116 Et
1700 2083 1780 2118 alibi
1798 2098 1806 2117 ε
1835 2088 1918 2119 Unus
1930 2088 2102 2128 Dominus,

1205 2143 1265 2166 una
1291 2133 1385 2166 Fides
1398 2157 1409 2172 ,
1433 2129 1738 2175 iamim-Baptismus
1760 2134 1807 2168 Et
1830 2133 1944 2171 Patres
1963 2146 2076 2171 autem
2089 2160 2102 2178 ‚

1203 2182 1308 2226 quiin
1321 2182 1433 2216 Nicaea
1449 2172 1644 2227 cdngregati
1666 2183 1762 2224 sunt,
1788 2183 1947 2228 inquiunt
1961 2199 1973 2219 .·
1997 2189 2045 2219 Et
2066 2191 2101 2220 in

1202 2244 1292 2266 unum
1307 2235 1466 2265 Dominum
1471 2236 1504 2277 J
1506 2229 1586 2274 esum
1595 2231 1758 2273 christum,
1770 2234 1885 2268 Filium
1898 2238 1956 2267 Dei
1969 2259 1976 2268 .
2003 2235 2100 2282 Qos

1205 2284 1372 2327 sequentes
1396 2293 1499 2316 unum
1513 2282 1647 2326 quidem
1659 2279 1829 2318 Christum
1853 2284 1887 2318 &
1908 2285 2100 2320 Dominum

1204 2334 1402 2368 confitemur
1413 2332 1635 2372 FiliumDei,
1661 2331 1696 2366 in
1710 2332 1782 2376 ipso
1794 2344 1862 2366 uno
1886 2344 1996 2368 autem
2018 2335 2101 2370 duas

1206 2393 1335 2418 naturas
1346 2383 1555 2427 agnoscimus
1566 2407 1573 2415 .
1601 2382 1647 2416 Et
1661 2382 1814 2417 novimus
1824 2394 1930 2418 unum
1939 2384 2100 2420 eundem-

1204 2444 1267 2477 que
1277 2443 1443 2466 recentem
1467 2432 1503 2467 &
1515 2432 1751 2474 sempiternum
1765 2443 1774 2464 ι
1804 2432 1857 2466 Ex
1868 2432 2038 2469 Abrabam
2051 2446 2098 2470 re-

1203 2492 1333 2517 centem
1359 2480 1541 2516 secundum
1569 2480 1811 2515 humanitatem
1823 2505 1835 2522 ,
1860 2483 2098 2527 sempiternum

1204 2534 1275 2566 secu
1282 2532 1384 2566 ndum
1395 2531 1616 2565 Divinitatem
1630 2556 1637 2564 .
1663 2529 1850 2565 Paffibilem
1861 2533 1948 2567 circa
1959 2532 1994 2567 id
2004 2534 2096 2578 quod

1204 2582 1329 2616 vifibile
1340 2583 1386 2616 est
1398 2605 1409 2620 ,
1435 2578 1663 2623 impaffibilem
1683 2578 1769 2613 circa
1781 2580 1979 2617 invisibilem
2000 2594 2094 2618 natu-

1202 2626 1288 2667 ram'.
1316 2631 1368 2663 Ex
1389 2629 1493 2668 Deo,
1520 2629 1597 2672 quia
1617 2629 1710 2662 Deus
1731 2628 1778 2662 est
1796 2641 1807 2672 ;
1834 2640 1876 2663 ex
1898 2630 2066 2667 Abraham
2079 2657 2092 2674 ‚

1201 2681 1277 2725 quia
1304 2679 1409 2714 homo
1419 2678 1464 2712 est
1477 2705 1485 2712 ,
1512 2678 1566 2712 Sic
1590 2677 1715 2711 Filium
1725 2680 1923 2714 confitentes
1944 2683 2095 2726 agnosci-

1202 2743 1274 2767 mus
1285 2755 1296 2770 ,
1322 2741 1394 2774 quae
1408 2727 1560 2771 cujusque
1572 2738 1691 2762 naturae
1703 2728 1777 2763 sunt
1790 2731 1919 2773 propria
1931 2755 1940 2764 .

1252 2782 1334 2815 Haec
1350 2778 1445 2815 vobis
1455 2779 1573 2813 iterum
1585 2802 1596 2818 ,
1622 2778 1755 2812 velutin
1770 2780 1905 2815 Summa
1918 2805 1929 2822 ,
1941 2781 1983 2817 dc
1994 2781 2090 2828 Dog-

1202 2831 1344 2867 matibus
1371 2829 1500 2874 pietatis
1522 2828 1701 2872 scripsimus
1720 2853 1727 2861 .
1757 2828 1952 2865 Direximus
1977 2842 2088 2867 autem

1203 2881 1295 2916 vobis
1319 2881 1353 2915 &
1363 2891 1400 2914 ea
1412 2903 1423 2919 ‚
1450 2889 1520 2922 quae
1530 2878 1548 2912 a
1563 2877 1658 2913 nobis
1668 2878 1709 2913 ad
1720 2879 1910 2915 Monachos
1927 2882 2088 2917 83υᾶῐῶ-

1202 2943 1276 2967 mos
1286 2931 1399 2974 scripta
1420 2930 1514 2970 sunt,
1540 2929 1787 2964 &Divinarum
1811 2931 2020 2974 Dogmatum
2042 2932 2087 2966 la·

1202 2982 1266 3017 tius
1276 2992 1359 3025 opus
1384 2978 1563 3020 habentes,
1588 2979 1755 3014 &claram
1777 2979 2010 3015 Conciliorum
2030 2993 2086 3016 co-

1225 3032 1387 3066 nitionem
1397 3055 1405 3063 .
1435 3029 1536 3073 Super
1547 3028 1615 3064 haec
1627 3040 1736 3064 autem
1750 3029 1855 3064 direxi
1877 3030 1970 3066 vobis
1983 3030 2085 3066 Ama·

1200 3083 1272 3117 ttici
1285 3081 1495 3116 dileetionem
1509 3092 1516 3112 :
1539 3080 1702 3114 Amatrici
1723 3079 1788 3113 Dei
1800 3080 2063 3126 Congregationi
2073 3105 2084 3115 .

1203 3133 1247 3168 Et
1259 3144 1296 3167 ea
1307 3142 1378 3174 quae
1388 3130 1428 3165 ad
1443 3130 1518 3165 Deo
1531 3130 1754 3165 Amiciffimos
1765 3129 1947 3176 Episcopos
1957 3132 1975 3166 a
1986 3131 2084 3167 nobis

1199 3184 1391 3222 dictasunt,
1419 3180 1475 3224 qui
1487 3181 1807 3222 discerevoluerunt,
1829 3182 2083 3228 quaeffieomm,

1199 3245 1271 3278 quae
1292 3240 1485 3271 moventur,
1514 3232 1623 3266 causa.
1653 3232 1822 3267 Petierunt
1844 3232 1963 3267 enima
1985 3232 2081 3267 nobis

1199 3282 1285 3317 hanc
1298 3283 1346 3317 eis
1357 3280 1561 3323 manifestam
1573 3281 1743 3317 statuerem
1753 3283 1786 3317 δε
1795 3281 1914 3316 claram
1923 3307 1930 3315 .
1959 3282 1992 3317 Si
2005 3278 2080 3316 νει-ὸ

1201 3344 1314 3369 vacare
1334 3341 1490 3378 potuero,
1515 3332 1550 3369 &
1561 3344 1599 3368 ea
1609 3344 1680 3379 quae
1699 3333 1741 3369 de
1760 3332 1876 3368 Sancta
1886 3332 2055 3418 Trigigate
2066 3353 2081 3372 ,

2011 3391 2030 3415 e
