<?xml version="1.0" encoding="UTF-8"?>
<!DOCTYPE html PUBLIC "-//W3C//DTD XHTML 1.0 Transitional//EN"
    "http://www.w3.org/TR/xhtml1/DTD/xhtml1-transitional.dtd">
<html xmlns="http://www.w3.org/1999/xhtml" xml:lang="en" lang="en">
 <head>
  <title>
</title>
<meta http-equiv="Content-Type" content="text/html;charset=utf-8" />
  <meta name='ocr-system' content='tesseract 3.04.00' />
  <meta name='ocr-capabilities' content='ocr_page ocr_carea ocr_par ocr_line ocrx_word'/>
</head>
<body>
  <div class='ocr_page' id='page_1' title='image "./operaomniastudio07lupuuoft/operaomniastudio07lupuuoft_0263.png"; bbox 0 0 2320 3730; ppageno 0'>
   <div class='ocr_carea' id='block_1_1' title="bbox 605 133 1663 195">
    <p class='ocr_par' dir='ltr' id='par_1_1' title="bbox 605 133 1663 195">
     <span class='ocr_line' id='line_1_1' title="bbox 605 133 1663 195; baseline -0.011 -7"><span class='ocrx_word' id='word_1_1' title='bbox 605 142 910 195; x_wconf 69' lang='lat' dir='ltr'>Scuomrs,</span> <span class='ocrx_word' id='word_1_2' title='bbox 948 152 1008 182; x_wconf 74' lang='lat' dir='ltr'>ET</span> <span class='ocrx_word' id='word_1_3' title='bbox 1044 133 1663 182; x_wconf 67' lang='lat' dir='ltr'>N0113·11.Lus†RA1-AE.</span> 
     </span>
    </p>
   </div>
   <div class='ocr_carea' id='block_1_2' title="bbox 404 364 1113 421">
    <p class='ocr_par' dir='ltr' id='par_1_2' title="bbox 404 364 1113 421">
     <span class='ocr_line' id='line_1_2' title="bbox 404 364 1113 421; baseline -0.014 -3"><span class='ocrx_word' id='word_1_4' title='bbox 404 372 444 418; x_wconf 81' lang='lat' dir='ltr'><strong>C</strong></span> <span class='ocrx_word' id='word_1_5' title='bbox 459 370 548 421; x_wconf 88' lang='grc' dir='ltr'>ΑΡ</span> <span class='ocrx_word' id='word_1_6' title='bbox 561 371 606 417; x_wconf 91' lang='lat' dir='ltr'>U</span> <span class='ocrx_word' id='word_1_7' title='bbox 622 367 663 415; x_wconf 85' lang='lat' dir='ltr'>T</span> <span class='ocrx_word' id='word_1_8' title='bbox 699 368 910 416; x_wconf 83' lang='lat' dir='ltr'>XCVIII.</span> <span class='ocrx_word' id='word_1_9' title='bbox 967 378 1033 408; x_wconf 87' lang='lat'>--1</span> <span class='ocrx_word' id='word_1_10' title='bbox 1048 364 1113 410; x_wconf 86' lang='lat'>86</span> 
     </span>
    </p>
   </div>
   <div class='ocr_carea' id='block_1_3' title="bbox 236 602 1114 890">
    <p class='ocr_par' dir='ltr' id='par_1_3' title="bbox 236 602 1114 890">
     <span class='ocr_line' id='line_1_3' title="bbox 236 602 1113 682; baseline -0.017 -18"><span class='ocrx_word' id='word_1_11' title='bbox 236 608 404 682; x_wconf 53' lang='lat' dir='ltr'>Epistola</span> <span class='ocrx_word' id='word_1_12' title='bbox 438 609 592 658; x_wconf 74' lang='lat' dir='ltr'>Andreae</span> <span class='ocrx_word' id='word_1_13' title='bbox 627 607 678 655; x_wconf 76' lang='lat' dir='ltr'>ad</span> <span class='ocrx_word' id='word_1_14' title='bbox 712 602 975 654; x_wconf 75' lang='lat' dir='ltr'><em>Alexandrum</em></span> <span class='ocrx_word' id='word_1_15' title='bbox 1009 637 1024 662; x_wconf 82' lang='grc'>,</span> <span class='ocrx_word' id='word_1_16' title='bbox 1057 604 1113 649; x_wconf 77' lang='lat' dir='ltr'>in-</span> 
     </span>
     <span class='ocr_line' id='line_1_4' title="bbox 307 671 1113 747; baseline -0.016 -16"><span class='ocrx_word' id='word_1_17' title='bbox 307 684 433 731; x_wconf 79' lang='lat' dir='ltr'>dicans</span> <span class='ocrx_word' id='word_1_18' title='bbox 479 679 574 747; x_wconf 78' lang='lat' dir='ltr'>quod</span> <span class='ocrx_word' id='word_1_19' title='bbox 632 696 736 743; x_wconf 65' lang='lat' dir='ltr'>neque</span> <span class='ocrx_word' id='word_1_20' title='bbox 782 673 857 743; x_wconf 66' lang='lat' dir='ltr'>ips}</span> <span class='ocrx_word' id='word_1_21' title='bbox 905 678 942 721; x_wconf 79' lang='lat' dir='ltr'>in</span> <span class='ocrx_word' id='word_1_22' title='bbox 989 671 1113 740; x_wconf 67' lang='lat' dir='ltr'>aliquo</span> 
     </span>
     <span class='ocr_line' id='line_1_5' title="bbox 297 741 1114 821; baseline -0.016 -20"><span class='ocrx_word' id='word_1_23' title='bbox 297 751 439 821; x_wconf 78' lang='lat' dir='ltr'>judicet</span> <span class='ocrx_word' id='word_1_24' title='bbox 485 765 612 809; x_wconf 72' lang='lat' dir='ltr'>contra</span> <span class='ocrx_word' id='word_1_25' title='bbox 659 745 842 811; x_wconf 59' lang='lat' dir='ltr'>Nestorii</span> <span class='ocrx_word' id='word_1_26' title='bbox 886 741 1084 813; x_wconf 56' lang='lat' dir='ltr'>persc&#39;mam</span> <span class='ocrx_word' id='word_1_27' title='bbox 1101 777 1114 801; x_wconf 87' lang='lat'>‚</span> 
     </span>
     <span class='ocr_line' id='line_1_6' title="bbox 304 817 1114 890; baseline -0.017 -19"><span class='ocrx_word' id='word_1_28' title='bbox 304 821 370 885; x_wconf 72' lang='lat' dir='ltr'>fid</span> <span class='ocrx_word' id='word_1_29' title='bbox 396 825 522 890; x_wconf 85' lang='lat' dir='ltr'>potius</span> <span class='ocrx_word' id='word_1_30' title='bbox 555 833 684 866; x_wconf 72' lang='lat' dir='ltr'>contra</span> <span class='ocrx_word' id='word_1_31' title='bbox 717 837 770 865; x_wconf 85' lang='lat' dir='ltr'>eos</span> <span class='ocrx_word' id='word_1_32' title='bbox 798 852 811 877; x_wconf 86' lang='lat'>‚</span> <span class='ocrx_word' id='word_1_33' title='bbox 859 820 922 883; x_wconf 76' lang='lat' dir='ltr'>qui</span> <span class='ocrx_word' id='word_1_34' title='bbox 954 833 1022 862; x_wconf 79' lang='lat' dir='ltr'>non</span> <span class='ocrx_word' id='word_1_35' title='bbox 1055 817 1114 859; x_wconf 80' lang='lat' dir='ltr'>ita</span> 
     </span>
    </p>
   </div>
   <div class='ocr_carea' id='block_1_4' title="bbox 306 891 515 940">
    <p class='ocr_par' dir='ltr' id='par_1_4' title="bbox 306 891 515 940">
     <span class='ocr_line' id='line_1_7' title="bbox 306 891 515 940; baseline -0.005 -1"><span class='ocrx_word' id='word_1_36' title='bbox 306 891 489 940; x_wconf 78' lang='lat' dir='ltr'>habebant</span> <span class='ocrx_word' id='word_1_37' title='bbox 503 926 515 938; x_wconf 90' lang='lat'>.</span> 
     </span>
    </p>
   </div>
   <div class='ocr_carea' id='block_1_5' title="bbox 1126 918 1135 1101">
    <p class='ocr_par' dir='ltr' id='par_1_5' title="bbox 1126 918 1135 1101">
     <span class='ocr_line' id='line_1_8' title="bbox 1126 918 1135 1101; baseline 0 2629"><span class='ocrx_word' id='word_1_38' title='bbox 1126 918 1135 1101; x_wconf 95' lang='lat' dir='ltr'> </span> 
     </span>
    </p>
   </div>
   <div class='ocr_carea' id='block_1_6' title="bbox 233 1072 1124 2260">
    <p class='ocr_par' dir='ltr' id='par_1_6' title="bbox 233 1072 1124 2260">
     <span class='ocr_line' id='line_1_9' title="bbox 233 1072 1118 1165; baseline -0.009 -51"><span class='ocrx_word' id='word_1_39' title='bbox 233 1078 447 1165; x_wconf 86' lang='lat' dir='ltr'>GRatias</span> <span class='ocrx_word' id='word_1_40' title='bbox 468 1079 522 1124; x_wconf 88' lang='lat' dir='ltr'>egi</span> <span class='ocrx_word' id='word_1_41' title='bbox 536 1078 612 1113; x_wconf 85' lang='lat' dir='ltr'>Deo</span> <span class='ocrx_word' id='word_1_42' title='bbox 624 1076 799 1120; x_wconf 89' lang='lat' dir='ltr'>suscipiens</span> <span class='ocrx_word' id='word_1_43' title='bbox 808 1083 870 1110; x_wconf 77' lang='lat' dir='ltr'>tuae</span> <span class='ocrx_word' id='word_1_44' title='bbox 881 1072 1118 1120; x_wconf 84' lang='lat' dir='ltr'>Religiositatis</span> 
     </span>
     <span class='ocr_line' id='line_1_10' title="bbox 355 1126 1115 1172; baseline -0.007 -10"><span class='ocrx_word' id='word_1_45' title='bbox 355 1129 477 1164; x_wconf 80' lang='lat' dir='ltr'>litteras</span> <span class='ocrx_word' id='word_1_46' title='bbox 498 1152 509 1168; x_wconf 94' lang='lat'>‚</span> <span class='ocrx_word' id='word_1_47' title='bbox 537 1139 594 1172; x_wconf 86' lang='lat' dir='ltr'>per</span> <span class='ocrx_word' id='word_1_48' title='bbox 615 1139 693 1171; x_wconf 91' lang='lat' dir='ltr'>quas</span> <span class='ocrx_word' id='word_1_49' title='bbox 715 1126 826 1169; x_wconf 83' lang='lat' dir='ltr'>juffisti</span> <span class='ocrx_word' id='word_1_50' title='bbox 855 1135 914 1158; x_wconf 86' lang='lat' dir='ltr'>nos</span> <span class='ocrx_word' id='word_1_51' title='bbox 936 1126 1115 1168; x_wconf 86' lang='lat' dir='ltr'>Zeugmate</span> 
     </span>
     <span class='ocr_line' id='line_1_11' title="bbox 233 1174 1116 1219; baseline -0.01 -4"><span class='ocrx_word' id='word_1_52' title='bbox 233 1180 429 1215; x_wconf 86' lang='lat' dir='ltr'>convenire.</span> <span class='ocrx_word' id='word_1_53' title='bbox 457 1177 606 1212; x_wconf 74' lang='lat' dir='ltr'>Primum</span> <span class='ocrx_word' id='word_1_54' title='bbox 617 1176 750 1219; x_wconf 83' lang='lat' dir='ltr'>quidem</span> <span class='ocrx_word' id='word_1_55' title='bbox 768 1200 780 1216; x_wconf 93' lang='lat'>‚</span> <span class='ocrx_word' id='word_1_56' title='bbox 801 1174 889 1219; x_wconf 91' lang='lat' dir='ltr'>quod</span> <span class='ocrx_word' id='word_1_57' title='bbox 899 1175 985 1208; x_wconf 87' lang='lat' dir='ltr'>fruar</span> <span class='ocrx_word' id='word_1_58' title='bbox 997 1174 1116 1209; x_wconf 70' lang='lat' dir='ltr'>Sancto</span> 
     </span>
     <span class='ocr_line' id='line_1_12' title="bbox 234 1223 1116 1272; baseline -0.009 -8"><span class='ocrx_word' id='word_1_59' title='bbox 234 1231 268 1264; x_wconf 71' lang='lat' dir='ltr'>i&amp;</span> <span class='ocrx_word' id='word_1_60' title='bbox 290 1229 433 1264; x_wconf 88' lang='lat' dir='ltr'>Paterno</span> <span class='ocrx_word' id='word_1_61' title='bbox 453 1228 597 1272; x_wconf 86' lang='lat' dir='ltr'>Capite;</span> <span class='ocrx_word' id='word_1_62' title='bbox 624 1224 769 1261; x_wconf 72' lang='lat' dir='ltr'>secundo</span> <span class='ocrx_word' id='word_1_63' title='bbox 793 1226 870 1260; x_wconf 78' lang='lat' dir='ltr'>vero</span> <span class='ocrx_word' id='word_1_64' title='bbox 898 1224 994 1267; x_wconf 88' lang='lat' dir='ltr'>quia,</span> <span class='ocrx_word' id='word_1_65' title='bbox 1020 1224 1052 1256; x_wconf 77' lang='grc' dir='ltr'>δε</span> <span class='ocrx_word' id='word_1_66' title='bbox 1074 1223 1116 1257; x_wconf 91' lang='lat' dir='ltr'>de</span> 
     </span>
     <span class='ocr_line' id='line_1_13' title="bbox 233 1271 1116 1324; baseline -0.009 -11"><span class='ocrx_word' id='word_1_67' title='bbox 233 1279 399 1324; x_wconf 84' lang='lat' dir='ltr'>proposito</span> <span class='ocrx_word' id='word_1_68' title='bbox 410 1279 547 1323; x_wconf 88' lang='lat' dir='ltr'>negotio</span> <span class='ocrx_word' id='word_1_69' title='bbox 559 1277 666 1311; x_wconf 85' lang='lat' dir='ltr'>forsan</span> <span class='ocrx_word' id='word_1_70' title='bbox 677 1274 803 1317; x_wconf 87' lang='lat' dir='ltr'>aliquid</span> <span class='ocrx_word' id='word_1_71' title='bbox 824 1271 1097 1309; x_wconf 77' lang='lat' dir='ltr'>considerabimus</span> <span class='ocrx_word' id='word_1_72' title='bbox 1106 1297 1116 1313; x_wconf 92' lang='lat'>,</span> 
     </span>
     <span class='ocr_line' id='line_1_14' title="bbox 233 1323 1117 1374; baseline -0.008 -11"><span class='ocrx_word' id='word_1_73' title='bbox 233 1329 326 1374; x_wconf 86' lang='lat' dir='ltr'>quod</span> <span class='ocrx_word' id='word_1_74' title='bbox 350 1329 384 1363; x_wconf 92' lang='lat'>&amp;</span> <span class='ocrx_word' id='word_1_75' title='bbox 403 1327 498 1362; x_wconf 89' lang='lat' dir='ltr'>nobis</span> <span class='ocrx_word' id='word_1_76' title='bbox 523 1327 639 1372; x_wconf 85' lang='lat' dir='ltr'>prosit,</span> <span class='ocrx_word' id='word_1_77' title='bbox 665 1326 699 1360; x_wconf 70' lang='grc' dir='ltr'>ὅ(</span> <span class='ocrx_word' id='word_1_78' title='bbox 721 1324 872 1368; x_wconf 82' lang='lat' dir='ltr'>expediat</span> <span class='ocrx_word' id='word_1_79' title='bbox 893 1323 976 1358; x_wconf 86' lang='lat' dir='ltr'>Orbi</span> <span class='ocrx_word' id='word_1_80' title='bbox 1002 1348 1011 1357; x_wconf 88' lang='lat'>.</span> <span class='ocrx_word' id='word_1_81' title='bbox 1044 1323 1117 1356; x_wconf 91' lang='lat' dir='ltr'>Nec</span> 
     </span>
     <span class='ocr_line' id='line_1_15' title="bbox 233 1373 1116 1421; baseline -0.008 -8"><span class='ocrx_word' id='word_1_82' title='bbox 233 1378 325 1413; x_wconf 85' lang='lat' dir='ltr'>enim</span> <span class='ocrx_word' id='word_1_83' title='bbox 347 1378 388 1412; x_wconf 89' lang='lat' dir='ltr'>ad</span> <span class='ocrx_word' id='word_1_84' title='bbox 402 1377 573 1412; x_wconf 88' lang='lat' dir='ltr'>verborum</span> <span class='ocrx_word' id='word_1_85' title='bbox 583 1387 731 1421; x_wconf 88' lang='lat' dir='ltr'>pugnas,</span> <span class='ocrx_word' id='word_1_86' title='bbox 758 1386 863 1419; x_wconf 90' lang='lat' dir='ltr'>neque</span> <span class='ocrx_word' id='word_1_87' title='bbox 885 1374 925 1409; x_wconf 87' lang='lat' dir='ltr'>ad</span> <span class='ocrx_word' id='word_1_88' title='bbox 935 1373 1116 1408; x_wconf 86' lang='lat' dir='ltr'>contentio-</span> 
     </span>
     <span class='ocr_line' id='line_1_16' title="bbox 235 1422 1116 1472; baseline -0.01 -9"><span class='ocrx_word' id='word_1_89' title='bbox 235 1439 316 1468; x_wconf 84' lang='lat' dir='ltr'>nes,</span> <span class='ocrx_word' id='word_1_90' title='bbox 341 1438 447 1472; x_wconf 87' lang='lat' dir='ltr'>neque</span> <span class='ocrx_word' id='word_1_91' title='bbox 472 1426 514 1460; x_wconf 90' lang='lat' dir='ltr'>ad</span> <span class='ocrx_word' id='word_1_92' title='bbox 534 1425 758 1460; x_wconf 73' lang='lat' dir='ltr'>concussiones</span> <span class='ocrx_word' id='word_1_93' title='bbox 770 1425 1025 1459; x_wconf 83' lang='lat' dir='ltr'>conveniemus.</span> <span class='ocrx_word' id='word_1_94' title='bbox 1053 1422 1116 1455; x_wconf 87' lang='lat' dir='ltr'>Sed</span> 
     </span>
     <span class='ocr_line' id='line_1_17' title="bbox 237 1471 1117 1521; baseline -0.009 -8"><span class='ocrx_word' id='word_1_95' title='bbox 237 1479 272 1513; x_wconf 86' lang='lat'>&amp;</span> <span class='ocrx_word' id='word_1_96' title='bbox 284 1489 345 1512; x_wconf 84' lang='lat' dir='ltr'>nos</span> <span class='ocrx_word' id='word_1_97' title='bbox 361 1476 464 1521; x_wconf 83' lang='lat' dir='ltr'>parati</span> <span class='ocrx_word' id='word_1_98' title='bbox 482 1477 593 1510; x_wconf 89' lang='lat' dir='ltr'>sumus</span> <span class='ocrx_word' id='word_1_99' title='bbox 610 1475 755 1508; x_wconf 83' lang='lat' dir='ltr'>Paternae</span> <span class='ocrx_word' id='word_1_100' title='bbox 778 1483 841 1509; x_wconf 82' lang='lat' dir='ltr'>tuae</span> <span class='ocrx_word' id='word_1_101' title='bbox 851 1473 972 1508; x_wconf 82' lang='lat' dir='ltr'>Pietati</span> <span class='ocrx_word' id='word_1_102' title='bbox 985 1471 1117 1515; x_wconf 90' lang='lat' dir='ltr'>acquie-</span> 
     </span>
     <span class='ocr_line' id='line_1_18' title="bbox 236 1521 1117 1570; baseline -0.01 -8"><span class='ocrx_word' id='word_1_103' title='bbox 236 1530 324 1562; x_wconf 87' lang='lat' dir='ltr'>scere</span> <span class='ocrx_word' id='word_1_104' title='bbox 348 1528 384 1562; x_wconf 91' lang='lat' dir='ltr'>in</span> <span class='ocrx_word' id='word_1_105' title='bbox 407 1525 459 1561; x_wconf 87' lang='lat' dir='ltr'>his</span> <span class='ocrx_word' id='word_1_106' title='bbox 482 1549 493 1565; x_wconf 94' lang='lat'>,</span> <span class='ocrx_word' id='word_1_107' title='bbox 518 1538 588 1570; x_wconf 77' lang='lat' dir='ltr'>quae</span> <span class='ocrx_word' id='word_1_108' title='bbox 605 1524 728 1560; x_wconf 80' lang='lat' dir='ltr'>utiliter</span> <span class='ocrx_word' id='word_1_109' title='bbox 749 1524 783 1557; x_wconf 90' lang='lat'>&amp;</span> <span class='ocrx_word' id='word_1_110' title='bbox 805 1521 984 1557; x_wconf 75' lang='lat' dir='ltr'>seeundum</span> <span class='ocrx_word' id='word_1_111' title='bbox 1005 1521 1117 1554; x_wconf 91' lang='lat' dir='ltr'>Deum</span> 
     </span>
     <span class='ocr_line' id='line_1_19' title="bbox 236 1570 1119 1622; baseline -0.01 -11"><span class='ocrx_word' id='word_1_112' title='bbox 236 1576 410 1622; x_wconf 81' lang='lat' dir='ltr'>proponit.</span> <span class='ocrx_word' id='word_1_113' title='bbox 437 1577 548 1618; x_wconf 88' lang='lat' dir='ltr'>Atque</span> <span class='ocrx_word' id='word_1_114' title='bbox 570 1575 636 1617; x_wconf 86' lang='lat' dir='ltr'>ipse</span> <span class='ocrx_word' id='word_1_115' title='bbox 657 1572 764 1606; x_wconf 75' lang='lat' dir='ltr'>rursus</span> <span class='ocrx_word' id='word_1_116' title='bbox 789 1573 890 1611; x_wconf 88' lang='lat' dir='ltr'>novi,</span> <span class='ocrx_word' id='word_1_117' title='bbox 918 1572 994 1614; x_wconf 87' lang='lat' dir='ltr'>quia</span> <span class='ocrx_word' id='word_1_118' title='bbox 1007 1571 1057 1612; x_wconf 78' lang='lat' dir='ltr'>pie</span> <span class='ocrx_word' id='word_1_119' title='bbox 1082 1570 1119 1603; x_wconf 87' lang='lat' dir='ltr'>fis</span> 
     </span>
     <span class='ocr_line' id='line_1_20' title="bbox 236 1619 1118 1669; baseline -0.01 -8"><span class='ocrx_word' id='word_1_120' title='bbox 236 1625 408 1669; x_wconf 85' lang='lat' dir='ltr'>dispositus</span> <span class='ocrx_word' id='word_1_121' title='bbox 417 1624 502 1658; x_wconf 84' lang='lat' dir='ltr'>circa</span> <span class='ocrx_word' id='word_1_122' title='bbox 513 1634 595 1657; x_wconf 87' lang='lat' dir='ltr'>nos:</span> <span class='ocrx_word' id='word_1_123' title='bbox 623 1621 697 1655; x_wconf 91' lang='lat' dir='ltr'>Nec</span> <span class='ocrx_word' id='word_1_124' title='bbox 718 1631 751 1655; x_wconf 85' lang='lat' dir='ltr'>te</span> <span class='ocrx_word' id='word_1_125' title='bbox 763 1621 897 1666; x_wconf 83' lang='lat' dir='ltr'>negabis</span> <span class='ocrx_word' id='word_1_126' title='bbox 918 1619 1030 1654; x_wconf 87' lang='lat' dir='ltr'>nostro</span> <span class='ocrx_word' id='word_1_127' title='bbox 1041 1630 1118 1653; x_wconf 88' lang='lat' dir='ltr'>con·</span> 
     </span>
     <span class='ocr_line' id='line_1_21' title="bbox 238 1671 1118 1717; baseline -0.01 -7"><span class='ocrx_word' id='word_1_128' title='bbox 238 1676 312 1710; x_wconf 86' lang='lat' dir='ltr'>silio</span> <span class='ocrx_word' id='word_1_129' title='bbox 333 1699 344 1716; x_wconf 91' lang='lat'><strong>,</strong></span> <span class='ocrx_word' id='word_1_130' title='bbox 369 1676 392 1708; x_wconf 92' lang='lat' dir='ltr'>si</span> <span class='ocrx_word' id='word_1_131' title='bbox 413 1674 492 1717; x_wconf 92' lang='lat' dir='ltr'>quid</span> <span class='ocrx_word' id='word_1_132' title='bbox 515 1672 756 1717; x_wconf 79' lang='lat' dir='ltr'>apparuerimus</span> <span class='ocrx_word' id='word_1_133' title='bbox 782 1671 865 1705; x_wconf 86' lang='lat' dir='ltr'>utile</span> <span class='ocrx_word' id='word_1_134' title='bbox 889 1671 1118 1715; x_wconf 84' lang='lat' dir='ltr'>suggerentes.</span> 
     </span>
     <span class='ocr_line' id='line_1_22' title="bbox 237 1719 1119 1786; baseline -0.008 -25"><span class='ocrx_word' id='word_1_135' title='bbox 237 1727 296 1761; x_wconf 91' lang='lat' dir='ltr'>De</span> <span class='ocrx_word' id='word_1_136' title='bbox 306 1724 507 1759; x_wconf 72' lang='lat' dir='ltr'>Sanfflffimo</span> <span class='ocrx_word' id='word_1_137' title='bbox 527 1721 604 1786; x_wconf 55' lang='lat' dir='ltr'>vel&amp;</span> <span class='ocrx_word' id='word_1_138' title='bbox 616 1721 780 1766; x_wconf 84' lang='lat' dir='ltr'>Episcopo</span> <span class='ocrx_word' id='word_1_139' title='bbox 794 1720 950 1755; x_wconf 85' lang='lat' dir='ltr'>Nestorio</span> <span class='ocrx_word' id='word_1_140' title='bbox 967 1719 1056 1763; x_wconf 90' lang='lat' dir='ltr'>quod</span> <span class='ocrx_word' id='word_1_141' title='bbox 1067 1719 1119 1754; x_wconf 86' lang='lat' dir='ltr'>de-</span> 
     </span>
     <span class='ocr_line' id='line_1_23' title="bbox 237 1770 1119 1816; baseline -0.009 -5"><span class='ocrx_word' id='word_1_142' title='bbox 237 1776 435 1811; x_wconf 85' lang='lat' dir='ltr'>liberatione</span> <span class='ocrx_word' id='word_1_143' title='bbox 449 1774 515 1807; x_wconf 90' lang='lat' dir='ltr'>ulla</span> <span class='ocrx_word' id='word_1_144' title='bbox 529 1784 596 1806; x_wconf 91' lang='lat' dir='ltr'>non</span> <span class='ocrx_word' id='word_1_145' title='bbox 618 1773 755 1816; x_wconf 88' lang='lat' dir='ltr'>egeam(</span> <span class='ocrx_word' id='word_1_146' title='bbox 768 1782 828 1805; x_wconf 87' lang='lat' dir='ltr'>nec</span> <span class='ocrx_word' id='word_1_147' title='bbox 838 1771 926 1806; x_wconf 87' lang='lat' dir='ltr'>enim</span> <span class='ocrx_word' id='word_1_148' title='bbox 941 1770 1119 1814; x_wconf 86' lang='lat' dir='ltr'>quidquam</span> 
     </span>
     <span class='ocr_line' id='line_1_24' title="bbox 238 1821 1120 1863; baseline -0.01 -2"><span class='ocrx_word' id='word_1_149' title='bbox 238 1835 356 1861; x_wconf 85' lang='lat' dir='ltr'>contra</span> <span class='ocrx_word' id='word_1_150' title='bbox 366 1835 440 1858; x_wconf 90' lang='lat' dir='ltr'>eum</span> <span class='ocrx_word' id='word_1_151' title='bbox 453 1824 504 1856; x_wconf 92' lang='lat' dir='ltr'>vel</span> <span class='ocrx_word' id='word_1_152' title='bbox 521 1821 696 1856; x_wconf 91' lang='lat' dir='ltr'>dicendum</span> <span class='ocrx_word' id='word_1_153' title='bbox 711 1821 816 1854; x_wconf 89' lang='lat' dir='ltr'>habeo</span> <span class='ocrx_word' id='word_1_154' title='bbox 829 1844 840 1860; x_wconf 89' lang='lat'>,</span> <span class='ocrx_word' id='word_1_155' title='bbox 868 1821 919 1853; x_wconf 91' lang='lat' dir='ltr'>vel</span> <span class='ocrx_word' id='word_1_156' title='bbox 929 1821 1095 1863; x_wconf 88' lang='lat' dir='ltr'>agendum</span> <span class='ocrx_word' id='word_1_157' title='bbox 1110 1844 1120 1861; x_wconf 93' lang='lat'>‚</span> 
     </span>
     <span class='ocr_line' id='line_1_25' title="bbox 240 1870 1121 1913; baseline -0.009 -3"><span class='ocrx_word' id='word_1_158' title='bbox 240 1876 321 1909; x_wconf 81' lang='lat' dir='ltr'>ficut</span> <span class='ocrx_word' id='word_1_159' title='bbox 342 1886 403 1908; x_wconf 90' lang='lat' dir='ltr'>nec</span> <span class='ocrx_word' id='word_1_160' title='bbox 416 1873 564 1906; x_wconf 86' lang='lat' dir='ltr'>adversus</span> <span class='ocrx_word' id='word_1_161' title='bbox 575 1871 783 1904; x_wconf 67' lang='lat' dir='ltr'>sanctitatem</span> <span class='ocrx_word' id='word_1_162' title='bbox 795 1871 908 1912; x_wconf 87' lang='lat' dir='ltr'>tuam)</span> <span class='ocrx_word' id='word_1_163' title='bbox 931 1872 964 1903; x_wconf 75' lang='grc' dir='ltr'>ὅτ</span> <span class='ocrx_word' id='word_1_164' title='bbox 978 1880 1031 1913; x_wconf 89' lang='lat' dir='ltr'>per</span> <span class='ocrx_word' id='word_1_165' title='bbox 1041 1870 1121 1903; x_wconf 89' lang='lat' dir='ltr'>alias</span> 
     </span>
     <span class='ocr_line' id='line_1_26' title="bbox 241 1919 1121 1967; baseline -0.006 -8"><span class='ocrx_word' id='word_1_166' title='bbox 241 1926 365 1959; x_wconf 82' lang='lat' dir='ltr'>litteras</span> <span class='ocrx_word' id='word_1_167' title='bbox 389 1921 570 1967; x_wconf 83' lang='lat' dir='ltr'>significavi</span> <span class='ocrx_word' id='word_1_168' title='bbox 604 1920 670 1963; x_wconf 79' lang='lat' dir='ltr'>jam</span> <span class='ocrx_word' id='word_1_169' title='bbox 699 1921 809 1964; x_wconf 72' lang='lat' dir='ltr'>saepius</span> <span class='ocrx_word' id='word_1_170' title='bbox 836 1945 843 1952; x_wconf 94' lang='lat'>.</span> <span class='ocrx_word' id='word_1_171' title='bbox 872 1919 1121 1954; x_wconf 88' lang='lat' dir='ltr'>Conveniamus</span> 
     </span>
     <span class='ocr_line' id='line_1_27' title="bbox 241 1969 1120 2019; baseline -0.008 -9"><span class='ocrx_word' id='word_1_172' title='bbox 241 1975 344 2019; x_wconf 84' lang='lat' dir='ltr'>igitur</span> <span class='ocrx_word' id='word_1_173' title='bbox 358 1999 368 2014; x_wconf 93' lang='lat'>‚</span> <span class='ocrx_word' id='word_1_174' title='bbox 395 1973 476 2006; x_wconf 84' lang='lat' dir='ltr'>ficut</span> <span class='ocrx_word' id='word_1_175' title='bbox 492 1971 613 2015; x_wconf 83' lang='lat' dir='ltr'>placuit</span> <span class='ocrx_word' id='word_1_176' title='bbox 625 1995 632 2002; x_wconf 93' lang='lat'>.</span> <span class='ocrx_word' id='word_1_177' title='bbox 661 1969 731 2004; x_wconf 85' lang='lat' dir='ltr'>Aut</span> <span class='ocrx_word' id='word_1_178' title='bbox 741 1972 830 2004; x_wconf 85' lang='lat' dir='ltr'>enirn</span> <span class='ocrx_word' id='word_1_179' title='bbox 851 1971 930 2003; x_wconf 87' lang='lat' dir='ltr'>&amp;in</span> <span class='ocrx_word' id='word_1_180' title='bbox 943 1979 1120 2004; x_wconf 89' lang='lat' dir='ltr'>commune</span> 
     </span>
     <span class='ocr_line' id='line_1_28' title="bbox 242 2019 1124 2068; baseline -0.007 -10"><span class='ocrx_word' id='word_1_181' title='bbox 242 2024 368 2068; x_wconf 80' lang='lat' dir='ltr'>aliquid</span> <span class='ocrx_word' id='word_1_182' title='bbox 392 2022 473 2056; x_wconf 88' lang='lat' dir='ltr'>utile</span> <span class='ocrx_word' id='word_1_183' title='bbox 492 2033 534 2056; x_wconf 86' lang='lat' dir='ltr'>ex</span> <span class='ocrx_word' id='word_1_184' title='bbox 554 2019 662 2054; x_wconf 83' lang='lat' dir='ltr'>nostra</span> <span class='ocrx_word' id='word_1_185' title='bbox 686 2019 919 2054; x_wconf 82' lang='lat' dir='ltr'>deliberatione</span> <span class='ocrx_word' id='word_1_186' title='bbox 928 2020 1095 2062; x_wconf 88' lang='lat' dir='ltr'>proveniet</span> <span class='ocrx_word' id='word_1_187' title='bbox 1112 2042 1124 2058; x_wconf 85' lang='lat'>‚</span> 
     </span>
     <span class='ocr_line' id='line_1_29' title="bbox 240 2067 1123 2112; baseline -0.009 -4"><span class='ocrx_word' id='word_1_188' title='bbox 240 2084 300 2108; x_wconf 85' lang='lat' dir='ltr'>aut</span> <span class='ocrx_word' id='word_1_189' title='bbox 325 2073 438 2107; x_wconf 84' lang='lat' dir='ltr'>saltem</span> <span class='ocrx_word' id='word_1_190' title='bbox 461 2082 522 2104; x_wconf 84' lang='lat' dir='ltr'>nos</span> <span class='ocrx_word' id='word_1_191' title='bbox 545 2069 601 2112; x_wconf 85' lang='lat' dir='ltr'>ipsi</span> <span class='ocrx_word' id='word_1_192' title='bbox 623 2070 726 2103; x_wconf 86' lang='lat' dir='ltr'>multa</span> <span class='ocrx_word' id='word_1_193' title='bbox 752 2069 979 2102; x_wconf 86' lang='lat' dir='ltr'>consolatione</span> <span class='ocrx_word' id='word_1_194' title='bbox 998 2067 1123 2100; x_wconf 88' lang='lat' dir='ltr'>levabi-</span> 
     </span>
     <span class='ocr_line' id='line_1_30' title="bbox 240 2117 1120 2162; baseline -0.008 -6"><span class='ocrx_word' id='word_1_195' title='bbox 240 2134 316 2158; x_wconf 83' lang='lat' dir='ltr'>mur</span> <span class='ocrx_word' id='word_1_196' title='bbox 339 2146 351 2162; x_wconf 91' lang='lat'>‚</span> <span class='ocrx_word' id='word_1_197' title='bbox 378 2120 519 2156; x_wconf 85' lang='lat' dir='ltr'>invicem</span> <span class='ocrx_word' id='word_1_198' title='bbox 554 2117 787 2152; x_wconf 87' lang='lat' dir='ltr'>benevolentia</span> <span class='ocrx_word' id='word_1_199' title='bbox 811 2117 930 2154; x_wconf 71' lang='lat' dir='ltr'>,nostra</span> <span class='ocrx_word' id='word_1_200' title='bbox 963 2118 1120 2151; x_wconf 87' lang='lat' dir='ltr'>fruentes.</span> 
     </span>
     <span class='ocr_line' id='line_1_31' title="bbox 241 2168 1123 2217; baseline -0.007 -10"><span class='ocrx_word' id='word_1_201' title='bbox 241 2173 391 2217; x_wconf 87' lang='lat' dir='ltr'>Dignare</span> <span class='ocrx_word' id='word_1_202' title='bbox 413 2169 513 2210; x_wconf 78' lang='lat' dir='ltr'>vero,</span> <span class='ocrx_word' id='word_1_203' title='bbox 539 2169 688 2202; x_wconf 89' lang='lat' dir='ltr'>Domine</span> <span class='ocrx_word' id='word_1_204' title='bbox 705 2191 716 2206; x_wconf 93' lang='lat'>‚</span> <span class='ocrx_word' id='word_1_205' title='bbox 741 2169 776 2202; x_wconf 75' lang='grc' dir='ltr'>δε</span> <span class='ocrx_word' id='word_1_206' title='bbox 796 2168 949 2202; x_wconf 86' lang='lat' dir='ltr'>omnium</span> <span class='ocrx_word' id='word_1_207' title='bbox 970 2168 1123 2203; x_wconf 81' lang='lat' dir='ltr'>Domino</span> 
     </span>
     <span class='ocr_line' id='line_1_32' title="bbox 241 2215 919 2260; baseline -0.016 -3"><span class='ocrx_word' id='word_1_208' title='bbox 241 2222 414 2257; x_wconf 84' lang='lat' dir='ltr'>consuetas</span> <span class='ocrx_word' id='word_1_209' title='bbox 425 2219 592 2255; x_wconf 87' lang='lat' dir='ltr'>orationes</span> <span class='ocrx_word' id='word_1_210' title='bbox 610 2218 725 2253; x_wconf 78' lang='lat' dir='ltr'>offerre</span> <span class='ocrx_word' id='word_1_211' title='bbox 737 2227 795 2260; x_wconf 85' lang='lat' dir='ltr'>pro</span> <span class='ocrx_word' id='word_1_212' title='bbox 808 2215 919 2251; x_wconf 85' lang='lat' dir='ltr'>nobis.</span> 
     </span>
    </p>
   </div>
   <div class='ocr_carea' id='block_1_7' title="bbox 1128 1106 1135 1284">
    <p class='ocr_par' dir='ltr' id='par_1_7' title="bbox 1128 1106 1135 1284">
     <span class='ocr_line' id='line_1_33' title="bbox 1128 1106 1135 1284; baseline 0 2446"><span class='ocrx_word' id='word_1_213' title='bbox 1128 1106 1135 1284; x_wconf 95' lang='lat' dir='ltr'> </span> 
     </span>
    </p>
   </div>
   <div class='ocr_carea' id='block_1_8' title="bbox 1135 1909 1141 2037">
    <p class='ocr_par' dir='ltr' id='par_1_8' title="bbox 1135 1909 1141 2037">
     <span class='ocr_line' id='line_1_34' title="bbox 1135 1909 1141 2037; baseline 0 1693"><span class='ocrx_word' id='word_1_214' title='bbox 1135 1909 1141 2037; x_wconf 95' lang='lat' dir='ltr'> </span> 
     </span>
    </p>
   </div>
   <div class='ocr_carea' id='block_1_9' title="bbox 442 2376 932 2418">
    <p class='ocr_par' dir='ltr' id='par_1_9' title="bbox 442 2376 932 2418">
     <span class='ocr_line' id='line_1_35' title="bbox 442 2376 932 2418; baseline -0.012 0"><span class='ocrx_word' id='word_1_215' title='bbox 442 2376 932 2418; x_wconf 68' lang='lat' dir='ltr'>Senotion.</span> 
     </span>
    </p>
   </div>
   <div class='ocr_carea' id='block_1_10' title="bbox 244 2515 1141 3408">
    <p class='ocr_par' dir='ltr' id='par_1_10' title="bbox 244 2515 1141 3408">
     <span class='ocr_line' id='line_1_36' title="bbox 356 2515 1126 2562; baseline -0.005 -9"><span class='ocrx_word' id='word_1_216' title='bbox 356 2519 424 2553; x_wconf 83' lang='lat' dir='ltr'>AEc</span> <span class='ocrx_word' id='word_1_217' title='bbox 434 2517 568 2562; x_wconf 86' lang='lat' dir='ltr'>epistola</span> <span class='ocrx_word' id='word_1_218' title='bbox 591 2517 710 2557; x_wconf 84' lang='lat' dir='ltr'>docet,</span> <span class='ocrx_word' id='word_1_219' title='bbox 738 2517 829 2560; x_wconf 91' lang='lat' dir='ltr'>quod</span> <span class='ocrx_word' id='word_1_220' title='bbox 852 2515 1040 2550; x_wconf 80' lang='lat' dir='ltr'>Alexander</span> <span class='ocrx_word' id='word_1_221' title='bbox 1052 2515 1126 2549; x_wconf 90' lang='lat' dir='ltr'>Me-</span> 
     </span>
     <span class='ocr_line' id='line_1_37' title="bbox 380 2566 1125 2613; baseline -0.003 -11"><span class='ocrx_word' id='word_1_222' title='bbox 380 2567 536 2613; x_wconf 85' lang='lat' dir='ltr'>tropolita</span> <span class='ocrx_word' id='word_1_223' title='bbox 559 2566 769 2601; x_wconf 89' lang='lat' dir='ltr'>Theodoreti</span> <span class='ocrx_word' id='word_1_224' title='bbox 790 2566 948 2601; x_wconf 90' lang='lat' dir='ltr'>Concilio</span> <span class='ocrx_word' id='word_1_225' title='bbox 957 2566 1125 2610; x_wconf 89' lang='lat' dir='ltr'>acquieve·</span> 
     </span>
     <span class='ocr_line' id='line_1_38' title="bbox 244 2615 1125 2661; baseline -0.008 -6"><span class='ocrx_word' id='word_1_226' title='bbox 244 2621 306 2660; x_wconf 80' lang='lat' dir='ltr'>rit,</span> <span class='ocrx_word' id='word_1_227' title='bbox 333 2617 551 2661; x_wconf 88' lang='lat' dir='ltr'>&amp;Synodum</span> <span class='ocrx_word' id='word_1_228' title='bbox 562 2616 753 2650; x_wconf 86' lang='lat' dir='ltr'>convocarit</span> <span class='ocrx_word' id='word_1_229' title='bbox 775 2616 810 2649; x_wconf 86' lang='lat' dir='ltr'>in</span> <span class='ocrx_word' id='word_1_230' title='bbox 822 2615 1003 2650; x_wconf 81' lang='lat' dir='ltr'>Civitatem</span> <span class='ocrx_word' id='word_1_231' title='bbox 1017 2615 1125 2660; x_wconf 88' lang='lat' dir='ltr'>Zeug-</span> 
     </span>
     <span class='ocr_line' id='line_1_39' title="bbox 245 2664 1122 2710; baseline -0.008 -5"><span class='ocrx_word' id='word_1_232' title='bbox 245 2669 360 2706; x_wconf 87' lang='lat' dir='ltr'>matis.</span> <span class='ocrx_word' id='word_1_233' title='bbox 387 2665 517 2710; x_wconf 75' lang='lat' dir='ltr'>Nempe</span> <span class='ocrx_word' id='word_1_234' title='bbox 536 2666 578 2701; x_wconf 89' lang='lat' dir='ltr'>ad</span> <span class='ocrx_word' id='word_1_235' title='bbox 602 2664 805 2701; x_wconf 89' lang='lat' dir='ltr'>discutienda</span> <span class='ocrx_word' id='word_1_236' title='bbox 818 2664 912 2699; x_wconf 87' lang='lat' dir='ltr'>Pauli</span> <span class='ocrx_word' id='word_1_237' title='bbox 926 2664 1076 2699; x_wconf 89' lang='lat' dir='ltr'>Emeseni</span> <span class='ocrx_word' id='word_1_238' title='bbox 1088 2666 1122 2698; x_wconf 90' lang='lat' dir='ltr'>in</span> 
     </span>
     <span class='ocr_line' id='line_1_40' title="bbox 246 2714 1122 2763; baseline -0.005 -10"><span class='ocrx_word' id='word_1_239' title='bbox 246 2719 333 2763; x_wconf 84' lang='lat' dir='ltr'>pacis</span> <span class='ocrx_word' id='word_1_240' title='bbox 355 2717 492 2762; x_wconf 86' lang='lat' dir='ltr'>negotio</span> <span class='ocrx_word' id='word_1_241' title='bbox 507 2715 606 2750; x_wconf 65' lang='lat' dir='ltr'>Asia.</span> <span class='ocrx_word' id='word_1_242' title='bbox 635 2715 692 2750; x_wconf 85' lang='lat' dir='ltr'>An</span> <span class='ocrx_word' id='word_1_243' title='bbox 713 2726 767 2759; x_wconf 84' lang='lat' dir='ltr'>per</span> <span class='ocrx_word' id='word_1_244' title='bbox 789 2714 1028 2759; x_wconf 83' lang='lat' dir='ltr'>simplicitatem</span> <span class='ocrx_word' id='word_1_245' title='bbox 1050 2726 1122 2758; x_wconf 87' lang='lat' dir='ltr'>pec-</span> 
     </span>
     <span class='ocr_line' id='line_1_41' title="bbox 245 2764 1141 2826; baseline -0.007 -22"><span class='ocrx_word' id='word_1_246' title='bbox 245 2769 364 2807; x_wconf 82' lang='lat' dir='ltr'>casset,</span> <span class='ocrx_word' id='word_1_247' title='bbox 389 2779 431 2801; x_wconf 89' lang='lat' dir='ltr'>an</span> <span class='ocrx_word' id='word_1_248' title='bbox 454 2777 507 2810; x_wconf 86' lang='lat' dir='ltr'>per</span> <span class='ocrx_word' id='word_1_249' title='bbox 528 2765 644 2800; x_wconf 86' lang='lat' dir='ltr'>dolum</span> <span class='ocrx_word' id='word_1_250' title='bbox 659 2790 667 2798; x_wconf 90' lang='lat'>.</span> <span class='ocrx_word' id='word_1_251' title='bbox 696 2764 848 2800; x_wconf 77' lang='lat' dir='ltr'>Secundo</span> <span class='ocrx_word' id='word_1_252' title='bbox 873 2766 970 2800; x_wconf 88' lang='lat' dir='ltr'>docet</span> <span class='ocrx_word' id='word_1_253' title='bbox 994 2789 1005 2806; x_wconf 91' lang='lat'>,</span> <span class='ocrx_word' id='word_1_254' title='bbox 1032 2764 1122 2809; x_wconf 90' lang='lat' dir='ltr'>quod</span> <span class='ocrx_word' id='word_1_255' title='bbox 1135 2797 1141 2826; x_wconf 54' lang='grc'>1</span> 
     </span>
     <span class='ocr_line' id='line_1_42' title="bbox 246 2815 1125 2853; baseline -0.006 0"><span class='ocrx_word' id='word_1_256' title='bbox 246 2817 438 2853; x_wconf 85' lang='lat' dir='ltr'>Alexander</span> <span class='ocrx_word' id='word_1_257' title='bbox 455 2816 490 2850; x_wconf 89' lang='lat' dir='ltr'>in</span> <span class='ocrx_word' id='word_1_258' title='bbox 514 2815 578 2850; x_wconf 91' lang='lat' dir='ltr'>suis</span> <span class='ocrx_word' id='word_1_259' title='bbox 597 2815 837 2851; x_wconf 88' lang='lat' dir='ltr'>convocatoriis</span> <span class='ocrx_word' id='word_1_260' title='bbox 862 2816 976 2851; x_wconf 83' lang='lat' dir='ltr'>litteris</span> <span class='ocrx_word' id='word_1_261' title='bbox 998 2815 1036 2848; x_wconf 86' lang='lat' dir='ltr'>sit</span> <span class='ocrx_word' id='word_1_262' title='bbox 1046 2815 1125 2849; x_wconf 77' lang='lat' dir='ltr'>dure</span> 
     </span>
     <span class='ocr_line' id='line_1_43' title="bbox 246 2864 1121 2910; baseline -0.007 -7"><span class='ocrx_word' id='word_1_263' title='bbox 246 2870 393 2904; x_wconf 67' lang='lat' dir='ltr'>investus</span> <span class='ocrx_word' id='word_1_264' title='bbox 425 2868 460 2901; x_wconf 89' lang='lat' dir='ltr'>in</span> <span class='ocrx_word' id='word_1_265' title='bbox 473 2864 669 2910; x_wconf 85' lang='lat' dir='ltr'>Ephefinam</span> <span class='ocrx_word' id='word_1_266' title='bbox 687 2865 832 2901; x_wconf 86' lang='lat' dir='ltr'>Nestorii</span> <span class='ocrx_word' id='word_1_267' title='bbox 853 2866 1121 2905; x_wconf 87' lang='lat' dir='ltr'>damnationem,</span> 
     </span>
     <span class='ocr_line' id='line_1_44' title="bbox 245 2914 1123 2954; baseline -0.006 0"><span class='ocrx_word' id='word_1_268' title='bbox 245 2919 383 2954; x_wconf 85' lang='lat' dir='ltr'>suadens</span> <span class='ocrx_word' id='word_1_269' title='bbox 396 2916 579 2951; x_wconf 86' lang='lat' dir='ltr'>nullatenus</span> <span class='ocrx_word' id='word_1_270' title='bbox 590 2914 832 2951; x_wconf 85' lang='lat' dir='ltr'>admiffibilem.</span> <span class='ocrx_word' id='word_1_271' title='bbox 864 2917 907 2951; x_wconf 88' lang='lat' dir='ltr'>Et</span> <span class='ocrx_word' id='word_1_272' title='bbox 919 2917 1066 2951; x_wconf 86' lang='lat' dir='ltr'>Andreas</span> <span class='ocrx_word' id='word_1_273' title='bbox 1078 2926 1123 2949; x_wconf 90' lang='lat' dir='ltr'>re-</span> 
     </span>
     <span class='ocr_line' id='line_1_45' title="bbox 247 2965 1121 3012; baseline -0.003 -10"><span class='ocrx_word' id='word_1_274' title='bbox 247 2968 343 3012; x_wconf 80' lang='lat' dir='ltr'>ponit</span> <span class='ocrx_word' id='word_1_275' title='bbox 362 2978 530 3011; x_wconf 86' lang='lat' dir='ltr'>nunquam</span> <span class='ocrx_word' id='word_1_276' title='bbox 551 2966 570 3000; x_wconf 74' lang='grc' dir='ltr'>ὲ</span> <span class='ocrx_word' id='word_1_277' title='bbox 593 2967 625 3000; x_wconf 89' lang='lat' dir='ltr'>se</span> <span class='ocrx_word' id='word_1_278' title='bbox 647 2965 899 3001; x_wconf 82' lang='lat' dir='ltr'>admittendam.</span> <span class='ocrx_word' id='word_1_279' title='bbox 930 2967 972 3001; x_wconf 84' lang='lat' dir='ltr'>Et</span> <span class='ocrx_word' id='word_1_280' title='bbox 992 2976 1121 3004; x_wconf 86' lang='lat' dir='ltr'>revera,</span> 
     </span>
     <span class='ocr_line' id='line_1_46' title="bbox 247 3016 1118 3061; baseline -0.003 -10"><span class='ocrx_word' id='word_1_281' title='bbox 247 3017 309 3051; x_wconf 84' lang='lat' dir='ltr'>nisi</span> <span class='ocrx_word' id='word_1_282' title='bbox 321 3017 453 3051; x_wconf 73' lang='lat' dir='ltr'>forsitan</span> <span class='ocrx_word' id='word_1_283' title='bbox 475 3017 510 3050; x_wconf 90' lang='lat' dir='ltr'>in</span> <span class='ocrx_word' id='word_1_284' title='bbox 524 3016 606 3049; x_wconf 56' lang='lat' dir='ltr'>lesio</span> <span class='ocrx_word' id='word_1_285' title='bbox 623 3016 759 3057; x_wconf 81' lang='lat' dir='ltr'>mortis,</span> <span class='ocrx_word' id='word_1_286' title='bbox 783 3027 953 3061; x_wconf 83' lang='lat' dir='ltr'>nunquam</span> <span class='ocrx_word' id='word_1_287' title='bbox 974 3017 1118 3051; x_wconf 83' lang='lat' dir='ltr'>admifit.</span> 
     </span>
     <span class='ocr_line' id='line_1_47' title="bbox 249 3065 1121 3110; baseline 0.001 -10"><span class='ocrx_word' id='word_1_288' title='bbox 249 3066 407 3110; x_wconf 82' lang='lat' dir='ltr'>Ephefini</span> <span class='ocrx_word' id='word_1_289' title='bbox 429 3066 611 3100; x_wconf 86' lang='lat' dir='ltr'>Latrocinii</span> <span class='ocrx_word' id='word_1_290' title='bbox 632 3065 793 3100; x_wconf 85' lang='lat' dir='ltr'>violentia</span> <span class='ocrx_word' id='word_1_291' title='bbox 814 3066 1033 3102; x_wconf 85' lang='lat' dir='ltr'>Theodoreto</span> <span class='ocrx_word' id='word_1_292' title='bbox 1052 3077 1121 3110; x_wconf 87' lang='lat' dir='ltr'>ape·</span> 
     </span>
     <span class='ocr_line' id='line_1_48' title="bbox 247 3115 1124 3159; baseline 0 -9"><span class='ocrx_word' id='word_1_293' title='bbox 247 3117 313 3150; x_wconf 83' lang='lat' dir='ltr'>ruit</span> <span class='ocrx_word' id='word_1_294' title='bbox 326 3115 459 3149; x_wconf 89' lang='lat' dir='ltr'>oculos:</span> <span class='ocrx_word' id='word_1_295' title='bbox 474 3115 590 3158; x_wconf 90' lang='lat' dir='ltr'>Usque</span> <span class='ocrx_word' id='word_1_296' title='bbox 601 3125 679 3149; x_wconf 90' lang='lat' dir='ltr'>tunc</span> <span class='ocrx_word' id='word_1_297' title='bbox 692 3116 784 3151; x_wconf 87' lang='lat' dir='ltr'>istam</span> <span class='ocrx_word' id='word_1_298' title='bbox 795 3115 1041 3152; x_wconf 87' lang='lat' dir='ltr'>damnationem</span> <span class='ocrx_word' id='word_1_299' title='bbox 1055 3128 1124 3159; x_wconf 87' lang='lat' dir='ltr'>per-</span> 
     </span>
     <span class='ocr_line' id='line_1_49' title="bbox 246 3164 1118 3208; baseline 0 -8"><span class='ocrx_word' id='word_1_300' title='bbox 246 3167 342 3201; x_wconf 82' lang='lat' dir='ltr'>tinax</span> <span class='ocrx_word' id='word_1_301' title='bbox 353 3164 492 3208; x_wconf 87' lang='lat' dir='ltr'>abjecit.</span> <span class='ocrx_word' id='word_1_302' title='bbox 519 3165 612 3198; x_wconf 90' lang='lat' dir='ltr'>Hinc</span> <span class='ocrx_word' id='word_1_303' title='bbox 623 3164 791 3207; x_wconf 86' lang='lat' dir='ltr'>Andreas,</span> <span class='ocrx_word' id='word_1_304' title='bbox 818 3167 867 3200; x_wconf 90' lang='lat' dir='ltr'>illi</span> <span class='ocrx_word' id='word_1_305' title='bbox 888 3167 1118 3206; x_wconf 84' lang='lat' dir='ltr'>amicissimus,</span> 
     </span>
     <span class='ocr_line' id='line_1_50' title="bbox 248 3214 1117 3260; baseline -0.001 -10"><span class='ocrx_word' id='word_1_306' title='bbox 248 3215 488 3259; x_wconf 85' lang='lat' dir='ltr'>videturipsam</span> <span class='ocrx_word' id='word_1_307' title='bbox 510 3225 569 3247; x_wconf 90' lang='lat' dir='ltr'>nec</span> <span class='ocrx_word' id='word_1_308' title='bbox 592 3214 627 3248; x_wconf 89' lang='lat' dir='ltr'>in</span> <span class='ocrx_word' id='word_1_309' title='bbox 651 3216 799 3258; x_wconf 85' lang='lat' dir='ltr'>supremo</span> <span class='ocrx_word' id='word_1_310' title='bbox 821 3218 932 3260; x_wconf 89' lang='lat' dir='ltr'>spiritu</span> <span class='ocrx_word' id='word_1_311' title='bbox 942 3217 1117 3252; x_wconf 66' lang='lat' dir='ltr'>admisisse.</span> 
     </span>
     <span class='ocr_line' id='line_1_51' title="bbox 247 3263 1116 3310; baseline -0.001 -11"><span class='ocrx_word' id='word_1_312' title='bbox 247 3265 406 3299; x_wconf 82' lang='lat' dir='ltr'>Notanda</span> <span class='ocrx_word' id='word_1_313' title='bbox 419 3266 491 3299; x_wconf 89' lang='lat' dir='ltr'>sunt</span> <span class='ocrx_word' id='word_1_314' title='bbox 512 3263 606 3298; x_wconf 88' lang='lat' dir='ltr'>verba</span> <span class='ocrx_word' id='word_1_315' title='bbox 620 3278 631 3297; x_wconf 89' lang='lat'><em>:</em></span> <span class='ocrx_word' id='word_1_316' title='bbox 658 3265 873 3300; x_wconf 62' lang='lat' dir='ltr'>Deliberatum</span> <span class='ocrx_word' id='word_1_317' title='bbox 889 3269 950 3301; x_wconf 83' lang='lat' dir='ltr'>ulla</span> <span class='ocrx_word' id='word_1_318' title='bbox 970 3278 1116 3310; x_wconf 83' lang='lat' dir='ltr'>nonegeo.</span> 
     </span>
     <span class='ocr_line' id='line_1_52' title="bbox 247 3315 1120 3362; baseline -0.003 -10"><span class='ocrx_word' id='word_1_319' title='bbox 247 3316 293 3351; x_wconf 81' lang='lat' dir='ltr'>Et</span> <span class='ocrx_word' id='word_1_320' title='bbox 306 3315 398 3351; x_wconf 86' lang='lat' dir='ltr'>verba</span> <span class='ocrx_word' id='word_1_321' title='bbox 410 3328 421 3348; x_wconf 91' lang='lat'>.·</span> <span class='ocrx_word' id='word_1_322' title='bbox 449 3318 495 3348; x_wconf 84' lang='lat' dir='ltr'>Et</span> <span class='ocrx_word' id='word_1_323' title='bbox 512 3323 569 3356; x_wconf 81' lang='lat' dir='ltr'>per</span> <span class='ocrx_word' id='word_1_324' title='bbox 591 3315 668 3348; x_wconf 61' lang='lat' dir='ltr'>alias</span> <span class='ocrx_word' id='word_1_325' title='bbox 689 3316 807 3350; x_wconf 78' lang='lat' dir='ltr'>litteras</span> <span class='ocrx_word' id='word_1_326' title='bbox 813 3315 978 3362; x_wconf 74' lang='lat' dir='ltr'>fignificavt</span> <span class='ocrx_word' id='word_1_327' title='bbox 988 3319 1057 3358; x_wconf 73' lang='lat' dir='ltr'>jam</span> <span class='ocrx_word' id='word_1_328' title='bbox 1062 3317 1120 3360; x_wconf 83' lang='lat' dir='ltr'>sae-</span> 
     </span>
     <span class='ocr_line' id='line_1_53' title="bbox 347 3364 776 3408; baseline 0 -10"><span class='ocrx_word' id='word_1_329' title='bbox 347 3364 454 3406; x_wconf 75' lang='lat' dir='ltr'>christ.</span> <span class='ocrx_word' id='word_1_330' title='bbox 468 3368 547 3408; x_wconf 69' lang='lat' dir='ltr'>Lupi</span> <span class='ocrx_word' id='word_1_331' title='bbox 560 3369 656 3408; x_wconf 78' lang='lat' dir='ltr'>Opera</span> <span class='ocrx_word' id='word_1_332' title='bbox 668 3368 701 3399; x_wconf 89' lang='lat' dir='ltr'>T.</span> <span class='ocrx_word' id='word_1_333' title='bbox 709 3369 776 3400; x_wconf 82' lang='lat' dir='ltr'>VII.</span> 
     </span>
    </p>
   </div>
   <div class='ocr_carea' id='block_1_11' title="bbox 1880 150 1977 199">
    <p class='ocr_par' dir='ltr' id='par_1_11' title="bbox 1880 150 1977 199">
     <span class='ocr_line' id='line_1_54' title="bbox 1880 150 1977 199; baseline 0.041 -4"><span class='ocrx_word' id='word_1_334' title='bbox 1880 150 1977 199; x_wconf 85' lang='lat'>257</span> 
     </span>
    </p>
   </div>
   <div class='ocr_carea' id='block_1_12' title="bbox 1165 218 2042 309">
    <p class='ocr_par' dir='ltr' id='par_1_12' title="bbox 1165 218 2042 309">
     <span class='ocr_line' id='line_1_55' title="bbox 1165 218 2042 271; baseline -0.001 -16"><span class='ocrx_word' id='word_1_335' title='bbox 1165 225 1251 266; x_wconf 75' lang='lat' dir='ltr'>pn&#39;cs.</span> <span class='ocrx_word' id='word_1_336' title='bbox 1280 221 1425 255; x_wconf 89' lang='lat' dir='ltr'>Edicunt</span> <span class='ocrx_word' id='word_1_337' title='bbox 1435 218 1602 256; x_wconf 87' lang='lat' dir='ltr'>Andream</span> <span class='ocrx_word' id='word_1_338' title='bbox 1612 220 1647 254; x_wconf 89' lang='lat' dir='ltr'>in</span> <span class='ocrx_word' id='word_1_339' title='bbox 1660 221 1723 258; x_wconf 87' lang='lat' dir='ltr'>hoc</span> <span class='ocrx_word' id='word_1_340' title='bbox 1735 228 1870 271; x_wconf 71' lang='lat' dir='ltr'>negotio</span> <span class='ocrx_word' id='word_1_341' title='bbox 1882 227 1975 264; x_wconf 68' lang='lat' dir='ltr'>fuisse</span> <span class='ocrx_word' id='word_1_342' title='bbox 1984 228 2042 265; x_wconf 71' lang='lat' dir='ltr'>du.</span> 
     </span>
     <span class='ocr_line' id='line_1_56' title="bbox 1171 274 1347 309; baseline -0.028 0"><span class='ocrx_word' id='word_1_343' title='bbox 1171 274 1327 309; x_wconf 77' lang='lat' dir='ltr'>riffimum</span> <span class='ocrx_word' id='word_1_344' title='bbox 1339 297 1347 304; x_wconf 93' lang='lat'>.</span> 
     </span>
    </p>
   </div>
   <div class='ocr_carea' id='block_1_13' title="bbox 1189 440 2046 459">
    <p class='ocr_par' dir='ltr' id='par_1_13' title="bbox 1189 440 2046 459">
     <span class='ocr_line' id='line_1_57' title="bbox 1189 440 2046 459; baseline 0 3271"><span class='ocrx_word' id='word_1_345' title='bbox 1189 440 2046 459; x_wconf 95' lang='lat' dir='ltr'> </span> 
     </span>
    </p>
   </div>
   <div class='ocr_carea' id='block_1_14' title="bbox 1363 561 2051 650">
    <p class='ocr_par' dir='ltr' id='par_1_14' title="bbox 1363 561 2051 650">
     <span class='ocr_line' id='line_1_58' title="bbox 1363 561 2051 650; baseline -0.01 -7"><span class='ocrx_word' id='word_1_346' title='bbox 1363 585 1630 643; x_wconf 76' lang='lat' dir='ltr'>CAPUT</span> <span class='ocrx_word' id='word_1_347' title='bbox 1664 589 1836 642; x_wconf 78' lang='lat' dir='ltr'>xc1x.</span> <span class='ocrx_word' id='word_1_348' title='bbox 1889 561 2051 650; x_wconf 72' lang='lat'>..-187</span> 
     </span>
    </p>
   </div>
   <div class='ocr_carea' id='block_1_15' title="bbox 1252 781 1739 832">
    <p class='ocr_par' dir='ltr' id='par_1_15' title="bbox 1252 781 1739 832">
     <span class='ocr_line' id='line_1_59' title="bbox 1252 781 1739 832; baseline 0.008 -4"><span class='ocrx_word' id='word_1_349' title='bbox 1252 784 1364 829; x_wconf 87' lang='lat' dir='ltr'>Item</span> <span class='ocrx_word' id='word_1_350' title='bbox 1399 781 1534 831; x_wconf 86' lang='lat' dir='ltr'>verba</span> <span class='ocrx_word' id='word_1_351' title='bbox 1565 784 1715 832; x_wconf 80' lang='lat' dir='ltr'>Irenaei</span> <span class='ocrx_word' id='word_1_352' title='bbox 1726 818 1739 831; x_wconf 86' lang='lat'>.</span> 
     </span>
    </p>
   </div>
   <div class='ocr_carea' id='block_1_16' title="bbox 1176 920 2066 1619">
    <p class='ocr_par' dir='ltr' id='par_1_16' title="bbox 1176 920 2061 1127">
     <span class='ocr_line' id='line_1_60' title="bbox 1176 920 2055 990; baseline 0.001 -21"><span class='ocrx_word' id='word_1_353' title='bbox 1176 921 1368 990; x_wconf 88' lang='lat' dir='ltr'>Epistola</span> <span class='ocrx_word' id='word_1_354' title='bbox 1402 958 1416 982; x_wconf 83' lang='grc'>,</span> <span class='ocrx_word' id='word_1_355' title='bbox 1463 924 1580 988; x_wconf 73' lang='lat' dir='ltr'>inquit</span> <span class='ocrx_word' id='word_1_356' title='bbox 1615 957 1630 982; x_wconf 84' lang='lat'>‚</span> <span class='ocrx_word' id='word_1_357' title='bbox 1680 920 1948 972; x_wconf 87' lang='lat' dir='ltr'>Theodoreti</span> <span class='ocrx_word' id='word_1_358' title='bbox 1996 920 2055 971; x_wconf 85' lang='lat' dir='ltr'>ad</span> 
     </span>
     <span class='ocr_line' id='line_1_61' title="bbox 1246 989 2059 1058; baseline -0.002 -16"><span class='ocrx_word' id='word_1_359' title='bbox 1246 989 1569 1052; x_wconf 82' lang='lat' dir='ltr'>Alexandrum,</span> <span class='ocrx_word' id='word_1_360' title='bbox 1605 1007 1682 1057; x_wconf 89' lang='lat' dir='ltr'>per</span> <span class='ocrx_word' id='word_1_361' title='bbox 1706 1008 1840 1058; x_wconf 87' lang='lat' dir='ltr'>quam</span> <span class='ocrx_word' id='word_1_362' title='bbox 1875 994 2059 1058; x_wconf 75' lang='lat' dir='ltr'>promit-</span> 
     </span>
     <span class='ocr_line' id='line_1_62' title="bbox 1249 1062 2061 1127; baseline -0.001 -15"><span class='ocrx_word' id='word_1_363' title='bbox 1249 1065 1306 1112; x_wconf 88' lang='lat' dir='ltr'>tit</span> <span class='ocrx_word' id='word_1_364' title='bbox 1364 1062 1734 1111; x_wconf 85' lang='lat' dir='ltr'>anathematizare</span> <span class='ocrx_word' id='word_1_365' title='bbox 1795 1078 1892 1127; x_wconf 88' lang='lat' dir='ltr'>quae</span> <span class='ocrx_word' id='word_1_366' title='bbox 1944 1064 2061 1111; x_wconf 88' lang='lat' dir='ltr'>circa.</span> 
     </span>
    </p>

    <p class='ocr_par' dir='ltr' id='par_1_17' title="bbox 1203 1129 2066 1619">
     <span class='ocr_line' id='line_1_63' title="bbox 1203 1129 2064 1199; baseline -0.002 -18"><span class='ocrx_word' id='word_1_367' title='bbox 1203 1162 1205 1164; x_wconf 90' lang='lat'><em>-</em></span> <span class='ocrx_word' id='word_1_368' title='bbox 1238 1134 1426 1199; x_wconf 88' lang='lat' dir='ltr'>Joannis</span> <span class='ocrx_word' id='word_1_369' title='bbox 1461 1130 1650 1199; x_wconf 78' lang='lat' dir='ltr'>personae</span> <span class='ocrx_word' id='word_1_370' title='bbox 1674 1129 1941 1190; x_wconf 60' lang='lat' dir='ltr'>doetrinam,</span> <span class='ocrx_word' id='word_1_371' title='bbox 1976 1147 2064 1179; x_wconf 84' lang='lat' dir='ltr'>nec</span> 
     </span>
     <span class='ocr_line' id='line_1_64' title="bbox 1250 1201 2064 1270; baseline -0.001 -20"><span class='ocrx_word' id='word_1_372' title='bbox 1250 1201 1339 1270; x_wconf 89' lang='lat' dir='ltr'>ipse</span> <span class='ocrx_word' id='word_1_373' title='bbox 1373 1219 1523 1251; x_wconf 89' lang='lat' dir='ltr'>eorum</span> <span class='ocrx_word' id='word_1_374' title='bbox 1559 1202 1721 1270; x_wconf 87' lang='lat' dir='ltr'>pariter</span> <span class='ocrx_word' id='word_1_375' title='bbox 1748 1201 2064 1252; x_wconf 86' lang='lat' dir='ltr'>Communica-</span> 
     </span>
     <span class='ocr_line' id='line_1_65' title="bbox 1249 1269 2065 1338; baseline -0.004 -17"><span class='ocrx_word' id='word_1_376' title='bbox 1249 1287 1373 1322; x_wconf 86' lang='lat' dir='ltr'>cator</span> <span class='ocrx_word' id='word_1_377' title='bbox 1395 1272 1599 1321; x_wconf 87' lang='lat' dir='ltr'>existere.</span> <span class='ocrx_word' id='word_1_378' title='bbox 1635 1275 1729 1320; x_wconf 86' lang='lat' dir='ltr'>Has</span> <span class='ocrx_word' id='word_1_379' title='bbox 1763 1269 1819 1320; x_wconf 89' lang='lat' dir='ltr'>ad</span> <span class='ocrx_word' id='word_1_380' title='bbox 1849 1270 1934 1319; x_wconf 85' lang='lat' dir='ltr'>hoe</span> <span class='ocrx_word' id='word_1_381' title='bbox 1958 1287 2065 1338; x_wconf 81' lang='lat' dir='ltr'>prae-</span> 
     </span>
     <span class='ocr_line' id='line_1_66' title="bbox 1252 1339 2065 1411; baseline -0.004 -20"><span class='ocrx_word' id='word_1_382' title='bbox 1252 1340 1382 1411; x_wconf 71' lang='lat' dir='ltr'>cipue</span> <span class='ocrx_word' id='word_1_383' title='bbox 1436 1341 1563 1410; x_wconf 91' lang='lat' dir='ltr'>posui</span> <span class='ocrx_word' id='word_1_384' title='bbox 1610 1378 1623 1402; x_wconf 85' lang='lat'><em>‚</em></span> <span class='ocrx_word' id='word_1_385' title='bbox 1675 1357 1723 1391; x_wconf 89' lang='lat' dir='ltr'>ut</span> <span class='ocrx_word' id='word_1_386' title='bbox 1784 1357 1939 1391; x_wconf 91' lang='lat' dir='ltr'>notum</span> <span class='ocrx_word' id='word_1_387' title='bbox 1986 1339 2065 1399; x_wconf 86' lang='lat' dir='ltr'>fit,</span> 
     </span>
     <span class='ocr_line' id='line_1_67' title="bbox 1250 1410 2066 1481; baseline -0.006 -20"><span class='ocrx_word' id='word_1_388' title='bbox 1250 1431 1347 1479; x_wconf 85' lang='lat' dir='ltr'>quae</span> <span class='ocrx_word' id='word_1_389' title='bbox 1383 1412 1466 1462; x_wconf 77' lang='lat' dir='ltr'>sint</span> <span class='ocrx_word' id='word_1_390' title='bbox 1500 1449 1513 1473; x_wconf 85' lang='lat'>,</span> <span class='ocrx_word' id='word_1_391' title='bbox 1557 1410 1670 1461; x_wconf 73' lang='lat' dir='ltr'>unde</span> <span class='ocrx_word' id='word_1_392' title='bbox 1718 1413 1946 1481; x_wconf 88' lang='lat' dir='ltr'>impetitur</span> <span class='ocrx_word' id='word_1_393' title='bbox 1992 1410 2066 1460; x_wconf 88' lang='lat' dir='ltr'>vel</span> 
     </span>
     <span class='ocr_line' id='line_1_68' title="bbox 1251 1477 2064 1547; baseline -0.004 -17"><span class='ocrx_word' id='word_1_394' title='bbox 1251 1488 1410 1530; x_wconf 85' lang='lat' dir='ltr'>Beatus</span> <span class='ocrx_word' id='word_1_395' title='bbox 1448 1481 1751 1531; x_wconf 88' lang='lat' dir='ltr'>Theodoretus</span> <span class='ocrx_word' id='word_1_396' title='bbox 1782 1520 1797 1543; x_wconf 82' lang='lat'>‚</span> <span class='ocrx_word' id='word_1_397' title='bbox 1845 1483 1915 1531; x_wconf 88' lang='lat' dir='ltr'>vel</span> <span class='ocrx_word' id='word_1_398' title='bbox 1949 1477 2064 1547; x_wconf 82' lang='lat' dir='ltr'>quis-</span> 
     </span>
     <span class='ocr_line' id='line_1_69' title="bbox 1252 1550 2060 1619; baseline -0.001 -20"><span class='ocrx_word' id='word_1_399' title='bbox 1252 1554 1351 1619; x_wconf 86' lang='lat' dir='ltr'>quis</span> <span class='ocrx_word' id='word_1_400' title='bbox 1378 1550 1652 1618; x_wconf 90' lang='lat' dir='ltr'>conscripfit.</span> <span class='ocrx_word' id='word_1_401' title='bbox 2056 1550 2060 1556; x_wconf 75' lang='grc'><em>’</em></span> 
     </span>
    </p>
   </div>
   <div class='ocr_carea' id='block_1_17' title="bbox 1182 1717 2089 3153">
    <p class='ocr_par' dir='ltr' id='par_1_18' title="bbox 1182 1717 2089 3153">
     <span class='ocr_line' id='line_1_70' title="bbox 1245 1717 2067 1762; baseline -0.004 -5"><span class='ocrx_word' id='word_1_402' title='bbox 1245 1721 1302 1757; x_wconf 88' lang='lat' dir='ltr'>Cit</span> <span class='ocrx_word' id='word_1_403' title='bbox 1325 1720 1483 1757; x_wconf 61' lang='lat' dir='ltr'>Sanititas</span> <span class='ocrx_word' id='word_1_404' title='bbox 1504 1729 1559 1756; x_wconf 86' lang='lat' dir='ltr'>tua</span> <span class='ocrx_word' id='word_1_405' title='bbox 1584 1745 1595 1762; x_wconf 89' lang='lat'><strong>,</strong></span> <span class='ocrx_word' id='word_1_406' title='bbox 1621 1720 1746 1756; x_wconf 89' lang='lat' dir='ltr'>etiamsi</span> <span class='ocrx_word' id='word_1_407' title='bbox 1772 1717 1909 1754; x_wconf 74' lang='lat' dir='ltr'>minime</span> <span class='ocrx_word' id='word_1_408' title='bbox 1928 1719 2067 1761; x_wconf 87' lang='lat' dir='ltr'>dixero,</span> 
     </span>
     <span class='ocr_line' id='line_1_71' title="bbox 1269 1770 2069 1816; baseline -0.003 -11"><span class='ocrx_word' id='word_1_409' title='bbox 1269 1773 1345 1815; x_wconf 87' lang='lat' dir='ltr'>quia</span> <span class='ocrx_word' id='word_1_410' title='bbox 1357 1783 1524 1816; x_wconf 87' lang='lat' dir='ltr'>propterea</span> <span class='ocrx_word' id='word_1_411' title='bbox 1548 1771 1580 1804; x_wconf 91' lang='lat'>&amp;</span> <span class='ocrx_word' id='word_1_412' title='bbox 1593 1770 1833 1806; x_wconf 88' lang='lat' dir='ltr'>Marbathimas</span> <span class='ocrx_word' id='word_1_413' title='bbox 1853 1770 1961 1814; x_wconf 77' lang='lat' dir='ltr'>prius,</span> <span class='ocrx_word' id='word_1_414' title='bbox 1985 1771 2069 1804; x_wconf 85' lang='lat' dir='ltr'>&amp;in</span> 
     </span>
     <span class='ocr_line' id='line_1_72' title="bbox 1185 1819 2068 1865; baseline -0.002 -11"><span class='ocrx_word' id='word_1_415' title='bbox 1185 1822 1392 1865; x_wconf 87' lang='lat' dir='ltr'>Hierapolim</span> <span class='ocrx_word' id='word_1_416' title='bbox 1413 1832 1493 1855; x_wconf 89' lang='lat' dir='ltr'>tunc</span> <span class='ocrx_word' id='word_1_417' title='bbox 1515 1819 1655 1860; x_wconf 92' lang='lat' dir='ltr'>adveni,</span> <span class='ocrx_word' id='word_1_418' title='bbox 1681 1821 1849 1855; x_wconf 88' lang='lat' dir='ltr'>&amp;nullius</span> <span class='ocrx_word' id='word_1_419' title='bbox 1869 1819 2001 1854; x_wconf 86' lang='lat' dir='ltr'>alterius</span> <span class='ocrx_word' id='word_1_420' title='bbox 2021 1819 2068 1853; x_wconf 88' lang='lat' dir='ltr'>rei</span> 
     </span>
     <span class='ocr_line' id='line_1_73' title="bbox 1184 1868 2068 1913; baseline -0.003 -8"><span class='ocrx_word' id='word_1_421' title='bbox 1184 1873 1276 1906; x_wconf 82' lang='lat' dir='ltr'>causa</span> <span class='ocrx_word' id='word_1_422' title='bbox 1299 1896 1310 1912; x_wconf 92' lang='lat'><strong>,</strong></span> <span class='ocrx_word' id='word_1_423' title='bbox 1339 1871 1398 1904; x_wconf 89' lang='lat' dir='ltr'>nisi</span> <span class='ocrx_word' id='word_1_424' title='bbox 1421 1880 1458 1904; x_wconf 94' lang='lat' dir='ltr'>ut</span> <span class='ocrx_word' id='word_1_425' title='bbox 1480 1869 1702 1904; x_wconf 84' lang='lat' dir='ltr'>communiter</span> <span class='ocrx_word' id='word_1_426' title='bbox 1720 1871 1926 1906; x_wconf 71' lang='lat' dir='ltr'>trastaremus</span> <span class='ocrx_word' id='word_1_427' title='bbox 1946 1893 1958 1910; x_wconf 91' lang='lat'>‚</span> <span class='ocrx_word' id='word_1_428' title='bbox 1986 1868 2068 1913; x_wconf 90' lang='lat' dir='ltr'>quid</span> 
     </span>
     <span class='ocr_line' id='line_1_74' title="bbox 1184 1918 2069 1967; baseline -0.001 -13"><span class='ocrx_word' id='word_1_429' title='bbox 1184 1932 1280 1967; x_wconf 86' lang='lat' dir='ltr'>agere</span> <span class='ocrx_word' id='word_1_430' title='bbox 1291 1921 1495 1955; x_wconf 87' lang='lat' dir='ltr'>deberemus.</span> <span class='ocrx_word' id='word_1_431' title='bbox 1525 1921 1569 1953; x_wconf 91' lang='lat' dir='ltr'>Et</span> <span class='ocrx_word' id='word_1_432' title='bbox 1581 1920 1671 1964; x_wconf 91' lang='lat' dir='ltr'>quod</span> <span class='ocrx_word' id='word_1_433' title='bbox 1681 1920 1883 1955; x_wconf 78' lang='lat' dir='ltr'>convenisset</span> <span class='ocrx_word' id='word_1_434' title='bbox 1902 1944 1914 1960; x_wconf 93' lang='lat'>,</span> <span class='ocrx_word' id='word_1_435' title='bbox 1939 1918 2069 1954; x_wconf 85' lang='lat' dir='ltr'>manci-</span> 
     </span>
     <span class='ocr_line' id='line_1_75' title="bbox 1185 1968 2089 2015; baseline -0.004 -9"><span class='ocrx_word' id='word_1_436' title='bbox 1185 1982 1310 2015; x_wconf 88' lang='lat' dir='ltr'>paretur</span> <span class='ocrx_word' id='word_1_437' title='bbox 1321 1970 1447 2005; x_wconf 70' lang='lat' dir='ltr'>effestui</span> <span class='ocrx_word' id='word_1_438' title='bbox 1460 1994 1467 2002; x_wconf 92' lang='lat'>.</span> <span class='ocrx_word' id='word_1_439' title='bbox 1496 1969 1588 2014; x_wconf 87' lang='lat' dir='ltr'>Qia</span> <span class='ocrx_word' id='word_1_440' title='bbox 1599 1968 1700 2012; x_wconf 89' lang='lat' dir='ltr'>igitur</span> <span class='ocrx_word' id='word_1_441' title='bbox 1721 1979 1782 2003; x_wconf 84' lang='lat' dir='ltr'>tuae</span> <span class='ocrx_word' id='word_1_442' title='bbox 1798 1969 2068 2003; x_wconf 73' lang='lat' dir='ltr'>Sanstitatieom·</span> <span class='ocrx_word' id='word_1_443' title='bbox 2082 1986 2089 1990; x_wconf 71' lang='lat'>=</span> 
     </span>
     <span class='ocr_line' id='line_1_76' title="bbox 1184 2017 2070 2062; baseline -0.002 -8"><span class='ocrx_word' id='word_1_444' title='bbox 1184 2021 1327 2062; x_wconf 85' lang='lat' dir='ltr'>placuit,</span> <span class='ocrx_word' id='word_1_445' title='bbox 1353 2030 1389 2053; x_wconf 87' lang='lat' dir='ltr'>ut</span> <span class='ocrx_word' id='word_1_446' title='bbox 1408 2020 1661 2053; x_wconf 87' lang='lat' dir='ltr'>conveniremus</span> <span class='ocrx_word' id='word_1_447' title='bbox 1682 2019 1717 2053; x_wconf 89' lang='lat' dir='ltr'>in</span> <span class='ocrx_word' id='word_1_448' title='bbox 1733 2019 1935 2062; x_wconf 82' lang='lat' dir='ltr'>Zeugmate,</span> <span class='ocrx_word' id='word_1_449' title='bbox 1963 2017 2070 2060; x_wconf 86' lang='lat' dir='ltr'>quaeso</span> 
     </span>
     <span class='ocr_line' id='line_1_77' title="bbox 1185 2062 2070 2107; baseline 0 -4"><span class='ocrx_word' id='word_1_450' title='bbox 1185 2069 1394 2103; x_wconf 70' lang='lat' dir='ltr'>Sanstitatem</span> <span class='ocrx_word' id='word_1_451' title='bbox 1417 2077 1508 2102; x_wconf 88' lang='lat' dir='ltr'>tuam</span> <span class='ocrx_word' id='word_1_452' title='bbox 1521 2092 1532 2107; x_wconf 93' lang='lat'>‚</span> <span class='ocrx_word' id='word_1_453' title='bbox 1558 2076 1595 2101; x_wconf 91' lang='lat' dir='ltr'>ut</span> <span class='ocrx_word' id='word_1_454' title='bbox 1608 2067 1748 2102; x_wconf 73' lang='lat' dir='ltr'>minime</span> <span class='ocrx_word' id='word_1_455' title='bbox 1767 2062 1911 2105; x_wconf 80' lang='lat' dir='ltr'>differas.</span> <span class='ocrx_word' id='word_1_456' title='bbox 1941 2067 2070 2103; x_wconf 80' lang='lat' dir='ltr'>Omnia</span> 
     </span>
     <span class='ocr_line' id='line_1_78' title="bbox 1183 2113 2069 2164; baseline 0 -12"><span class='ocrx_word' id='word_1_457' title='bbox 1183 2119 1272 2153; x_wconf 88' lang='lat' dir='ltr'>enirn</span> <span class='ocrx_word' id='word_1_458' title='bbox 1286 2143 1297 2159; x_wconf 90' lang='lat'>‚</span> <span class='ocrx_word' id='word_1_459' title='bbox 1324 2128 1393 2162; x_wconf 88' lang='lat' dir='ltr'>quae</span> <span class='ocrx_word' id='word_1_460' title='bbox 1405 2115 1560 2152; x_wconf 79' lang='lat' dir='ltr'>desiderat</span> <span class='ocrx_word' id='word_1_461' title='bbox 1574 2117 1783 2164; x_wconf 88' lang='lat' dir='ltr'>Religiositas</span> <span class='ocrx_word' id='word_1_462' title='bbox 1802 2113 1856 2153; x_wconf 85' lang='lat' dir='ltr'>tua</span> <span class='ocrx_word' id='word_1_463' title='bbox 1870 2144 1882 2161; x_wconf 94' lang='lat'>‚</span> <span class='ocrx_word' id='word_1_464' title='bbox 1906 2128 1942 2153; x_wconf 92' lang='lat' dir='ltr'>ut</span> <span class='ocrx_word' id='word_1_465' title='bbox 1955 2119 2046 2162; x_wconf 90' lang='lat' dir='ltr'>spero</span> <span class='ocrx_word' id='word_1_466' title='bbox 2056 2143 2069 2159; x_wconf 93' lang='lat'>‚</span> 
     </span>
     <span class='ocr_line' id='line_1_79' title="bbox 1185 2167 2070 2203; baseline -0.001 0"><span class='ocrx_word' id='word_1_467' title='bbox 1185 2168 1334 2203; x_wconf 86' lang='lat' dir='ltr'>facienda</span> <span class='ocrx_word' id='word_1_468' title='bbox 1356 2169 1449 2202; x_wconf 91' lang='lat' dir='ltr'>sunt:</span> <span class='ocrx_word' id='word_1_469' title='bbox 1477 2168 1521 2201; x_wconf 88' lang='lat' dir='ltr'>Et</span> <span class='ocrx_word' id='word_1_470' title='bbox 1546 2167 1658 2202; x_wconf 85' lang='lat' dir='ltr'>nullus</span> <span class='ocrx_word' id='word_1_471' title='bbox 1683 2169 1717 2203; x_wconf 88' lang='lat' dir='ltr'>in</span> <span class='ocrx_word' id='word_1_472' title='bbox 1729 2169 1800 2202; x_wconf 90' lang='lat' dir='ltr'>ullo</span> <span class='ocrx_word' id='word_1_473' title='bbox 1823 2173 1887 2202; x_wconf 67' lang='grc' dir='ltr'>ωε</span> <span class='ocrx_word' id='word_1_474' title='bbox 1897 2169 2070 2203; x_wconf 71' lang='lat' dir='ltr'>Sanrstitati</span> 
     </span>
     <span class='ocr_line' id='line_1_80' title="bbox 1186 2216 2070 2256; baseline 0 -5"><span class='ocrx_word' id='word_1_475' title='bbox 1186 2218 1324 2251; x_wconf 87' lang='lat' dir='ltr'>resistet.</span> <span class='ocrx_word' id='word_1_476' title='bbox 1353 2217 1481 2250; x_wconf 87' lang='lat' dir='ltr'>Omnes</span> <span class='ocrx_word' id='word_1_477' title='bbox 1501 2216 1591 2248; x_wconf 87' lang='lat' dir='ltr'>enirn</span> <span class='ocrx_word' id='word_1_478' title='bbox 1613 2217 1694 2249; x_wconf 85' lang='lat' dir='ltr'>&amp;ut</span> <span class='ocrx_word' id='word_1_479' title='bbox 1716 2216 1866 2256; x_wconf 87' lang='lat' dir='ltr'>Patrem,</span> <span class='ocrx_word' id='word_1_480' title='bbox 1892 2218 1926 2250; x_wconf 76' lang='grc' dir='ltr'>δε</span> <span class='ocrx_word' id='word_1_481' title='bbox 1940 2226 1978 2251; x_wconf 91' lang='lat' dir='ltr'>ut</span> <span class='ocrx_word' id='word_1_482' title='bbox 1998 2218 2070 2252; x_wconf 90' lang='lat' dir='ltr'>Do-</span> 
     </span>
     <span class='ocr_line' id='line_1_81' title="bbox 1188 2265 2069 2306; baseline 0.001 -6"><span class='ocrx_word' id='word_1_483' title='bbox 1188 2267 1317 2300; x_wconf 89' lang='lat' dir='ltr'>minum</span> <span class='ocrx_word' id='word_1_484' title='bbox 1342 2265 1376 2298; x_wconf 87' lang='lat'>&amp;</span> <span class='ocrx_word' id='word_1_485' title='bbox 1397 2273 1600 2306; x_wconf 86' lang='lat' dir='ltr'>reveremur,</span> <span class='ocrx_word' id='word_1_486' title='bbox 1625 2265 1797 2300; x_wconf 87' lang='lat' dir='ltr'>&amp;reveriti</span> <span class='ocrx_word' id='word_1_487' title='bbox 1817 2266 1947 2306; x_wconf 88' lang='lat' dir='ltr'>sumus,</span> <span class='ocrx_word' id='word_1_488' title='bbox 1973 2266 2069 2301; x_wconf 50' lang='lat' dir='ltr'>&amp;ve-⁴</span> 
     </span>
     <span class='ocr_line' id='line_1_82' title="bbox 1187 2314 2069 2361; baseline 0.002 -11"><span class='ocrx_word' id='word_1_489' title='bbox 1187 2314 1371 2350; x_wconf 89' lang='lat' dir='ltr'>nerabimur</span> <span class='ocrx_word' id='word_1_490' title='bbox 1400 2340 1406 2347; x_wconf 91' lang='lat'>.</span> <span class='ocrx_word' id='word_1_491' title='bbox 1434 2314 1553 2361; x_wconf 82' lang='lat' dir='ltr'>Qaeso</span> <span class='ocrx_word' id='word_1_492' title='bbox 1581 2315 1682 2359; x_wconf 87' lang='lat' dir='ltr'>igitur</span> <span class='ocrx_word' id='word_1_493' title='bbox 1710 2315 1830 2350; x_wconf 75' lang='lat' dir='ltr'>iterum</span> <span class='ocrx_word' id='word_1_494' title='bbox 1857 2315 2069 2353; x_wconf 69' lang='lat' dir='ltr'>Sanctitatem</span> 
     </span>
     <span class='ocr_line' id='line_1_83' title="bbox 1186 2364 2067 2410; baseline 0 -9"><span class='ocrx_word' id='word_1_495' title='bbox 1186 2376 1276 2401; x_wconf 84' lang='lat' dir='ltr'>tuam</span> <span class='ocrx_word' id='word_1_496' title='bbox 1288 2391 1298 2406; x_wconf 89' lang='lat'>‚</span> <span class='ocrx_word' id='word_1_497' title='bbox 1322 2364 1452 2410; x_wconf 87' lang='lat' dir='ltr'>fatigari</span> <span class='ocrx_word' id='word_1_498' title='bbox 1461 2366 1600 2409; x_wconf 87' lang='lat' dir='ltr'>dignare</span> <span class='ocrx_word' id='word_1_499' title='bbox 1610 2389 1617 2397; x_wconf 86' lang='lat'>.</span> <span class='ocrx_word' id='word_1_500' title='bbox 1645 2366 1685 2399; x_wconf 83' lang='lat' dir='ltr'>ln</span> <span class='ocrx_word' id='word_1_501' title='bbox 1699 2366 1834 2400; x_wconf 90' lang='lat' dir='ltr'>veritate</span> <span class='ocrx_word' id='word_1_502' title='bbox 1842 2367 1933 2401; x_wconf 91' lang='lat' dir='ltr'>enim</span> <span class='ocrx_word' id='word_1_503' title='bbox 1946 2366 2044 2401; x_wconf 89' lang='lat' dir='ltr'>credo</span> <span class='ocrx_word' id='word_1_504' title='bbox 2055 2393 2067 2407; x_wconf 90' lang='lat'>‚</span> 
     </span>
     <span class='ocr_line' id='line_1_84' title="bbox 1187 2413 2068 2461; baseline 0.002 -12"><span class='ocrx_word' id='word_1_505' title='bbox 1187 2416 1262 2460; x_wconf 89' lang='lat' dir='ltr'>quia</span> <span class='ocrx_word' id='word_1_506' title='bbox 1283 2416 1447 2450; x_wconf 88' lang='lat' dir='ltr'>bonorum</span> <span class='ocrx_word' id='word_1_507' title='bbox 1469 2413 1603 2449; x_wconf 86' lang='lat' dir='ltr'>Author</span> <span class='ocrx_word' id='word_1_508' title='bbox 1624 2415 1740 2457; x_wconf 81' lang='lat' dir='ltr'>Deus,</span> <span class='ocrx_word' id='word_1_509' title='bbox 1765 2428 1836 2461; x_wconf 81' lang='lat' dir='ltr'>quae</span> <span class='ocrx_word' id='word_1_510' title='bbox 1858 2415 1900 2451; x_wconf 87' lang='lat' dir='ltr'>ad</span> <span class='ocrx_word' id='word_1_511' title='bbox 1922 2417 2068 2451; x_wconf 87' lang='lat' dir='ltr'>nosatti-</span> 
     </span>
     <span class='ocr_line' id='line_1_85' title="bbox 1187 2464 2067 2509; baseline -0.001 -9"><span class='ocrx_word' id='word_1_512' title='bbox 1187 2475 1287 2506; x_wconf 86' lang='lat' dir='ltr'>nent,</span> <span class='ocrx_word' id='word_1_513' title='bbox 1311 2465 1494 2509; x_wconf 89' lang='lat' dir='ltr'>dispensare</span> <span class='ocrx_word' id='word_1_514' title='bbox 1514 2464 1671 2509; x_wconf 88' lang='lat' dir='ltr'>dignatus</span> <span class='ocrx_word' id='word_1_515' title='bbox 1685 2466 1732 2501; x_wconf 87' lang='lat' dir='ltr'>est</span> <span class='ocrx_word' id='word_1_516' title='bbox 1755 2492 1763 2499; x_wconf 91' lang='lat'>.</span> <span class='ocrx_word' id='word_1_517' title='bbox 1792 2466 1867 2500; x_wconf 92' lang='lat' dir='ltr'>Nec</span> <span class='ocrx_word' id='word_1_518' title='bbox 1887 2477 1949 2500; x_wconf 84' lang='lat' dir='ltr'>nos</span> <span class='ocrx_word' id='word_1_519' title='bbox 1969 2466 2067 2501; x_wconf 87' lang='lat' dir='ltr'>relin-</span> 
     </span>
     <span class='ocr_line' id='line_1_86' title="bbox 1185 2514 2068 2560; baseline 0.001 -10"><span class='ocrx_word' id='word_1_520' title='bbox 1185 2526 1262 2560; x_wconf 89' lang='lat' dir='ltr'>quet</span> <span class='ocrx_word' id='word_1_521' title='bbox 1276 2539 1287 2555; x_wconf 90' lang='lat'>‚</span> <span class='ocrx_word' id='word_1_522' title='bbox 1313 2526 1350 2550; x_wconf 90' lang='lat' dir='ltr'>ut</span> <span class='ocrx_word' id='word_1_523' title='bbox 1370 2525 1427 2549; x_wconf 89' lang='lat' dir='ltr'>aut</span> <span class='ocrx_word' id='word_1_524' title='bbox 1447 2514 1651 2550; x_wconf 84' lang='lat' dir='ltr'>offendamus</span> <span class='ocrx_word' id='word_1_525' title='bbox 1673 2515 1709 2549; x_wconf 90' lang='lat' dir='ltr'>in</span> <span class='ocrx_word' id='word_1_526' title='bbox 1730 2527 1830 2556; x_wconf 87' lang='lat' dir='ltr'>eum,</span> <span class='ocrx_word' id='word_1_527' title='bbox 1855 2526 1912 2551; x_wconf 89' lang='lat' dir='ltr'>aut</span> <span class='ocrx_word' id='word_1_528' title='bbox 1926 2518 2068 2551; x_wconf 87' lang='lat' dir='ltr'>confun-</span> 
     </span>
     <span class='ocr_line' id='line_1_87' title="bbox 1185 2563 2065 2608; baseline 0.002 -8"><span class='ocrx_word' id='word_1_529' title='bbox 1185 2566 1298 2600; x_wconf 88' lang='lat' dir='ltr'>damur</span> <span class='ocrx_word' id='word_1_530' title='bbox 1314 2564 1401 2608; x_wconf 85' lang='lat' dir='ltr'>apud</span> <span class='ocrx_word' id='word_1_531' title='bbox 1423 2563 1598 2605; x_wconf 86' lang='lat' dir='ltr'>homines,</span> <span class='ocrx_word' id='word_1_532' title='bbox 1626 2565 1816 2601; x_wconf 87' lang='lat' dir='ltr'>illuminans</span> <span class='ocrx_word' id='word_1_533' title='bbox 1835 2574 1981 2602; x_wconf 86' lang='lat' dir='ltr'>mentem</span> <span class='ocrx_word' id='word_1_534' title='bbox 2006 2578 2065 2602; x_wconf 89' lang='lat' dir='ltr'>no-</span> 
     </span>
     <span class='ocr_line' id='line_1_88' title="bbox 1185 2612 2066 2658; baseline 0.003 -9"><span class='ocrx_word' id='word_1_535' title='bbox 1185 2616 1280 2650; x_wconf 84' lang='lat' dir='ltr'>stram</span> <span class='ocrx_word' id='word_1_536' title='bbox 1299 2639 1310 2655; x_wconf 91' lang='lat'>‚</span> <span class='ocrx_word' id='word_1_537' title='bbox 1335 2614 1370 2648; x_wconf 86' lang='lat'>&amp;</span> <span class='ocrx_word' id='word_1_538' title='bbox 1392 2613 1482 2658; x_wconf 89' lang='lat' dir='ltr'>quod</span> <span class='ocrx_word' id='word_1_539' title='bbox 1502 2612 1660 2657; x_wconf 84' lang='lat' dir='ltr'>placitum</span> <span class='ocrx_word' id='word_1_540' title='bbox 1683 2614 1722 2649; x_wconf 88' lang='lat' dir='ltr'>fit</span> <span class='ocrx_word' id='word_1_541' title='bbox 1741 2615 1916 2651; x_wconf 86' lang='lat' dir='ltr'>ostendens</span> <span class='ocrx_word' id='word_1_542' title='bbox 1938 2639 1946 2649; x_wconf 78' lang='grc'><strong><em>.</em></strong></span> <span class='ocrx_word' id='word_1_543' title='bbox 1972 2617 2066 2652; x_wconf 85' lang='lat' dir='ltr'>Nam</span> 
     </span>
     <span class='ocr_line' id='line_1_89' title="bbox 1184 2663 2066 2709; baseline 0 -9"><span class='ocrx_word' id='word_1_544' title='bbox 1184 2666 1218 2700; x_wconf 72' lang='grc' dir='ltr'>ὅ(</span> <span class='ocrx_word' id='word_1_545' title='bbox 1231 2665 1312 2700; x_wconf 92' lang='lat' dir='ltr'>olim</span> <span class='ocrx_word' id='word_1_546' title='bbox 1334 2664 1444 2699; x_wconf 85' lang='lat' dir='ltr'>vestrae</span> <span class='ocrx_word' id='word_1_547' title='bbox 1453 2663 1621 2698; x_wconf 73' lang='lat' dir='ltr'>Sanstitati</span> <span class='ocrx_word' id='word_1_548' title='bbox 1633 2664 1703 2699; x_wconf 88' lang='lat' dir='ltr'>dixi</span> <span class='ocrx_word' id='word_1_549' title='bbox 1716 2689 1728 2706; x_wconf 88' lang='lat'>,</span> <span class='ocrx_word' id='word_1_550' title='bbox 1753 2665 1830 2709; x_wconf 84' lang='lat' dir='ltr'>quia</span> <span class='ocrx_word' id='word_1_551' title='bbox 1850 2665 2066 2702; x_wconf 84' lang='lat' dir='ltr'>anathemati·</span> 
     </span>
     <span class='ocr_line' id='line_1_90' title="bbox 1184 2713 2066 2758; baseline 0 -8"><span class='ocrx_word' id='word_1_552' title='bbox 1184 2724 1339 2750; x_wconf 89' lang='lat' dir='ltr'>zaverunt</span> <span class='ocrx_word' id='word_1_553' title='bbox 1361 2714 1483 2758; x_wconf 85' lang='lat' dir='ltr'>dogma</span> <span class='ocrx_word' id='word_1_554' title='bbox 1508 2713 1651 2749; x_wconf 86' lang='lat' dir='ltr'>Domini</span> <span class='ocrx_word' id='word_1_555' title='bbox 1679 2715 1745 2748; x_wconf 89' lang='lat' dir='ltr'>mei</span> <span class='ocrx_word' id='word_1_556' title='bbox 1765 2714 1958 2750; x_wconf 70' lang='lat' dir='ltr'>Sanstiffimi</span> <span class='ocrx_word' id='word_1_557' title='bbox 1981 2740 1993 2757; x_wconf 89' lang='lat'>,</span> <span class='ocrx_word' id='word_1_558' title='bbox 2031 2716 2066 2750; x_wconf 74' lang='grc' dir='ltr'>δε</span> 
     </span>
     <span class='ocr_line' id='line_1_91' title="bbox 1186 2763 2065 2812; baseline 0 -12"><span class='ocrx_word' id='word_1_559' title='bbox 1186 2766 1263 2800; x_wconf 91' lang='lat' dir='ltr'>Deo</span> <span class='ocrx_word' id='word_1_560' title='bbox 1286 2763 1483 2799; x_wconf 84' lang='lat' dir='ltr'>Amiciffimi</span> <span class='ocrx_word' id='word_1_561' title='bbox 1507 2763 1662 2807; x_wconf 86' lang='lat' dir='ltr'>Episcopi</span> <span class='ocrx_word' id='word_1_562' title='bbox 1674 2764 1840 2799; x_wconf 86' lang='lat' dir='ltr'>Nestorii.</span> <span class='ocrx_word' id='word_1_563' title='bbox 1867 2765 1988 2809; x_wconf 87' lang='lat' dir='ltr'>Neque</span> <span class='ocrx_word' id='word_1_564' title='bbox 1998 2777 2065 2812; x_wconf 82' lang='lat' dir='ltr'>ego</span> 
     </span>
     <span class='ocr_line' id='line_1_92' title="bbox 1185 2812 2063 2858; baseline 0 -9"><span class='ocrx_word' id='word_1_565' title='bbox 1185 2815 1235 2850; x_wconf 86' lang='lat' dir='ltr'>his</span> <span class='ocrx_word' id='word_1_566' title='bbox 1247 2840 1258 2856; x_wconf 92' lang='lat'>‚</span> <span class='ocrx_word' id='word_1_567' title='bbox 1284 2815 1342 2858; x_wconf 92' lang='lat' dir='ltr'>qui</span> <span class='ocrx_word' id='word_1_568' title='bbox 1351 2812 1415 2849; x_wconf 89' lang='lat' dir='ltr'>hoc</span> <span class='ocrx_word' id='word_1_569' title='bbox 1426 2815 1575 2848; x_wconf 89' lang='lat' dir='ltr'>fecerunt</span> <span class='ocrx_word' id='word_1_570' title='bbox 1587 2839 1598 2855; x_wconf 96' lang='lat'>,</span> <span class='ocrx_word' id='word_1_571' title='bbox 1609 2814 1864 2850; x_wconf 83' lang='lat' dir='ltr'>communicabo</span> <span class='ocrx_word' id='word_1_572' title='bbox 1877 2839 1884 2846; x_wconf 89' lang='lat'>.</span> <span class='ocrx_word' id='word_1_573' title='bbox 1912 2815 1956 2848; x_wconf 89' lang='lat' dir='ltr'>Et</span> <span class='ocrx_word' id='word_1_574' title='bbox 1966 2814 1988 2847; x_wconf 85' lang='lat' dir='ltr'>si</span> <span class='ocrx_word' id='word_1_575' title='bbox 2000 2825 2063 2849; x_wconf 84' lang='lat' dir='ltr'>tuae</span> 
     </span>
     <span class='ocr_line' id='line_1_93' title="bbox 1184 2855 2062 2910; baseline -0.001 -11"><span class='ocrx_word' id='word_1_576' title='bbox 1184 2865 1415 2910; x_wconf 85' lang='lat' dir='ltr'>complacuerit</span> <span class='ocrx_word' id='word_1_577' title='bbox 1437 2855 1627 2905; x_wconf 75' lang='lat' dir='ltr'>San&#39;stitati‚</span> <span class='ocrx_word' id='word_1_578' title='bbox 1652 2864 1686 2898; x_wconf 87' lang='lat'>&amp;</span> <span class='ocrx_word' id='word_1_579' title='bbox 1707 2863 1774 2898; x_wconf 88' lang='lat' dir='ltr'>hoc</span> <span class='ocrx_word' id='word_1_580' title='bbox 1795 2863 1891 2897; x_wconf 88' lang='lat' dir='ltr'>inseri</span> <span class='ocrx_word' id='word_1_581' title='bbox 1918 2863 2062 2903; x_wconf 74' lang='lat' dir='ltr'>litteris,</span> 
     </span>
     <span class='ocr_line' id='line_1_94' title="bbox 1183 2911 2062 2959; baseline -0.003 -10"><span class='ocrx_word' id='word_1_582' title='bbox 1183 2915 1285 2958; x_wconf 71' lang='lat' dir='ltr'>quat-²2</span> <span class='ocrx_word' id='word_1_583' title='bbox 1304 2914 1400 2949; x_wconf 89' lang='lat' dir='ltr'>nobis</span> <span class='ocrx_word' id='word_1_584' title='bbox 1423 2916 1498 2949; x_wconf 90' lang='lat' dir='ltr'>sunt</span> <span class='ocrx_word' id='word_1_585' title='bbox 1515 2914 1714 2959; x_wconf 62' lang='lat' dir='ltr'>dirigendae,</span> <span class='ocrx_word' id='word_1_586' title='bbox 1742 2914 1798 2948; x_wconf 86' lang='lat' dir='ltr'>fiet</span> <span class='ocrx_word' id='word_1_587' title='bbox 1821 2911 1947 2947; x_wconf 59' lang='lat' dir='ltr'>&amp;hoc⁶</span> <span class='ocrx_word' id='word_1_588' title='bbox 1974 2913 2062 2948; x_wconf 88' lang='lat' dir='ltr'>Noli</span> 
     </span>
     <span class='ocr_line' id='line_1_95' title="bbox 1184 2961 2061 3010; baseline -0.005 -10"><span class='ocrx_word' id='word_1_589' title='bbox 1184 2965 1283 3010; x_wconf 88' lang='lat' dir='ltr'>igitur</span> <span class='ocrx_word' id='word_1_590' title='bbox 1304 2965 1471 3001; x_wconf 86' lang='lat' dir='ltr'>immorari</span> <span class='ocrx_word' id='word_1_591' title='bbox 1493 2990 1505 3006; x_wconf 90' lang='lat'><strong>,</strong></span> <span class='ocrx_word' id='word_1_592' title='bbox 1532 2965 1660 3009; x_wconf 79' lang='lat' dir='ltr'>quaes0‚</span> <span class='ocrx_word' id='word_1_593' title='bbox 1687 2974 1740 3006; x_wconf 90' lang='lat' dir='ltr'>per</span> <span class='ocrx_word' id='word_1_594' title='bbox 1755 2961 1890 3007; x_wconf 81' lang='lat' dir='ltr'>vestigia</span> <span class='ocrx_word' id='word_1_595' title='bbox 1911 2972 1967 2997; x_wconf 87' lang='lat' dir='ltr'>tua</span> <span class='ocrx_word' id='word_1_596' title='bbox 1989 2964 2061 2997; x_wconf 90' lang='lat' dir='ltr'>san-</span> 
     </span>
     <span class='ocr_line' id='line_1_96' title="bbox 1182 3011 2064 3057; baseline -0.003 -7"><span class='ocrx_word' id='word_1_597' title='bbox 1182 3017 1246 3050; x_wconf 74' lang='lat' dir='ltr'>cta.</span> <span class='ocrx_word' id='word_1_598' title='bbox 1275 3016 1352 3051; x_wconf 87' lang='lat' dir='ltr'>Deo</span> <span class='ocrx_word' id='word_1_599' title='bbox 1371 3026 1432 3051; x_wconf 93' lang='lat' dir='ltr'>tuo</span> <span class='ocrx_word' id='word_1_600' title='bbox 1453 3026 1520 3050; x_wconf 91' lang='lat' dir='ltr'>rem</span> <span class='ocrx_word' id='word_1_601' title='bbox 1542 3013 1625 3048; x_wconf 90' lang='lat' dir='ltr'>cedo</span> <span class='ocrx_word' id='word_1_602' title='bbox 1647 3026 1655 3045; x_wconf 71' lang='grc' dir='ltr'><strong>ι</strong></span> <span class='ocrx_word' id='word_1_603' title='bbox 1682 3012 1728 3046; x_wconf 87' lang='lat' dir='ltr'>Et</span> <span class='ocrx_word' id='word_1_604' title='bbox 1748 3013 1815 3057; x_wconf 89' lang='lat' dir='ltr'>ipse</span> <span class='ocrx_word' id='word_1_605' title='bbox 1836 3011 2033 3057; x_wconf 87' lang='lat' dir='ltr'>gubernabit</span> <span class='ocrx_word' id='word_1_606' title='bbox 2049 3037 2064 3053; x_wconf 91' lang='lat'>‚</span> 
     </span>
     <span class='ocr_line' id='line_1_97' title="bbox 1182 3061 2057 3109; baseline -0.002 -9"><span class='ocrx_word' id='word_1_607' title='bbox 1182 3068 1228 3102; x_wconf 86' lang='lat' dir='ltr'>uti</span> <span class='ocrx_word' id='word_1_608' title='bbox 1243 3065 1357 3109; x_wconf 88' lang='lat' dir='ltr'>novit,</span> <span class='ocrx_word' id='word_1_609' title='bbox 1373 3065 1583 3102; x_wconf 69' lang='lat' dir='ltr'>Sanctitatem</span> <span class='ocrx_word' id='word_1_610' title='bbox 1598 3073 1707 3106; x_wconf 88' lang='lat' dir='ltr'>tuam,</span> <span class='ocrx_word' id='word_1_611' title='bbox 1735 3063 1770 3099; x_wconf 74' lang='grc' dir='ltr'>ἀ</span> <span class='ocrx_word' id='word_1_612' title='bbox 1782 3061 2057 3099; x_wconf 83' lang='lat' dir='ltr'>Humilitatulam</span> 
     </span>
     <span class='ocr_line' id='line_1_98' title="bbox 1182 3115 1343 3153; baseline 0 -3"><span class='ocrx_word' id='word_1_613' title='bbox 1182 3115 1343 3153; x_wconf 82' lang='lat' dir='ltr'>nostram.</span> 
     </span>
    </p>
   </div>
   <div class='ocr_carea' id='block_1_18' title="bbox 1872 3363 2007 3401">
    <p class='ocr_par' dir='ltr' id='par_1_19' title="bbox 1872 3363 2007 3401">
     <span class='ocr_line' id='line_1_99' title="bbox 1872 3363 2007 3401; baseline -0.037 0"><span class='ocrx_word' id='word_1_614' title='bbox 1872 3363 2007 3401; x_wconf 87' lang='lat' dir='ltr'>SCHO·</span> 
     </span>
    </p>
   </div>
  </div>
 </body>
</html>
