2320 3730
893 55 922 76 ’θ’
950 59 981 76 ,t'

603 204 914 260 Scuotlls,
954 189 1022 247 εἴ
1052 199 1242 247 Nous
1276 211 1685 248 xttusrnATAE.

230 298 311 325 num
328 285 488 330 Lucium,
514 287 675 324 intrusum
696 290 737 324 ab
759 289 892 324 Arianis
916 314 923 322 .
955 288 1036 324 Item
1056 287 1108 321 da-

229 340 356 375 mnavit
367 339 587 383 appellantem
598 341 789 375 Maximum
802 341 971 385 Cynicum
984 364 995 380 ,
1008 338 1109 373 etiam

231 389 435 434 AEgyptium
446 401 483 424 ac
493 390 757 426 Alexandrinum
768 417 777 425 .
802 392 913 426 Etiam
922 390 1005 424 alios
1023 389 1111 423 dam-

229 440 320 475 navit
341 438 507 475 haereticos
523 467 531 474 .
569 442 698 477 Omnia
722 441 811 476 solus
832 465 840 474 .
865 441 1016 474 Imitatus
1036 441 1112 473 suos

228 489 473 525 Ante-cessores
482 518 489 525 .

280 539 431 575 Eandem
439 540 601 577 Romanae
613 541 761 577 Ecclefiae
770 538 1006 576 authoritatem
1017 538 1110 582 profi-

230 599 342 626 tentur
353 591 420 626 haec
432 591 528 626 verba
540 606 552 626 .·
578 597 728 637 Rogamus
737 617 749 633 ‚
774 593 809 626 et
820 591 940 625 Sanun
961 600 1021 625 tuae
1033 590 1110 622 Reli-

225 640 370 686 giofitatts
387 644 596 684 provolvimur
613 642 745 685 pedibus
759 666 771 682 ,
797 651 831 675 ut
841 652 964 674 manum
969 645 1111 684 porrigas

225 690 391 736 salutarem
402 716 413 732 ,
437 694 472 726 (5
481 693 604 735 auferas
615 693 723 726 Mundi
732 691 926 736 naufragium
937 715 949 732 ,
971 695 1112 724 omnium-

228 753 287 784 que
305 741 409 775 borum
418 743 630 786 inquisitionem
643 742 756 783 jubeas
774 741 844 784 fier}
856 767 868 783 ‚
892 741 987 777 &his
999 742 1112 775 illicitis

228 792 366 832 coelestem
376 791 533 835 superduci
552 792 753 827 correc‘lionem
764 817 772 825 .
799 797 840 826 Ut
851 800 1027 826 revocentur
1049 795 1113 833 qui-

227 843 298 876 dem
320 843 423 876 Sandis·
446 842 582 883 pastores
603 868 613 884 ‚
639 849 691 886 qui
714 841 819 884 injuste
836 842 907 887 funt
927 844 948 874 ἃ
964 840 1030 886 suls
1051 844 1113 873 ovi-

227 892 285 926 bus
303 892 426 935 effug-ati
441 916 452 933 ,
476 894 511 927 δ’
522 894 671 927 reddatur
685 892 831 938 Gregibus
856 894 939 926 Ordo
951 917 963 933 ‚
990 893 1114 925 &anti-

226 954 290 985 qua
301 944 464 976 Concordia
474 967 481 974 .
502 943 641 989 Rogant
653 945 686 978 se
695 956 735 978 ac
756 944 841 977 alios
850 942 968 985 ejectos
990 950 1047 975 aut
1060 939 1115 974 de-

226 992 328 1036 jestos
349 992 530 1036 Episcopos
547 993 691 1027 revestiri
704 1016 715 1032 ,
740 1003 796 1035 per
812 991 935 1036 Papam
953 991 1114 1025 retrastari

222 1042 364 1081 omnia,
390 1052 431 1074 ac
449 1043 551 1075 etiam
570 1040 721 1075 definiri.
748 1042 793 1075 Et
814 1041 860 1077 ita
879 1042 998 1077 auferri
1011 1041 1114 1077 totius

223 1091 350 1124 Mundi
374 1091 582 1135 naufragium
594 1117 602 1124 .
631 1091 771 1137 Rogant
790 1090 856 1127 hoc
867 1092 1031 1136 judicium
1044 1103 1113 1126 non

221 1140 296 1174 fieri
307 1150 362 1184 per
371 1151 493 1175 novam
505 1140 680 1184 synodum
694 1166 706 1182 ‚
734 1153 796 1176 nec
806 1142 949 1187 delegari
962 1143 997 1176 in
1011 1141 1115 1176 Parti·

222 1189 310 1231 bus,
336 1191 389 1225 sed
401 1190 518 1225 Romae
538 1191 662 1235 expleri
685 1203 740 1236 per
762 1193 868 1236 ipsum
891 1192 1112 1227 Pontificem.

223 1239 404 1275 Manifeste
422 1241 515 1284 juxta
527 1241 683 1277 Canones
692 1243 914 1277 Sardicenses.
943 1244 1038 1277 Hinc
1048 1254 1116 1286 per-

223 1299 331 1336 gunt:
357 1290 568 1334 oum‘qutdem
587 1293 821 1336 concurrff’mus
845 1305 899 1326 nos
911 1317 922 1334 ,
947 1299 999 1336 qut
1020 1304 1059 1327 ex
1070 1293 1117 1326 di-

224 1340 316 1383 versis
329 1341 507 1385 Regionibus
516 1341 621 1385 sumus
633 1367 645 1383 ,
671 1355 710 1377 ex
724 1342 927 1386 Euphratesia
940 1368 951 1384 ‚
978 1355 1017 1378 ex
1027 1352 1117 1377 utra-

225 1403 285 1434 que
300 1392 409 1424 cilicia
421 1415 432 1431 ,
457 1393 591 1426 Secunda
603 1395 816 1436 Cappadocia,
844 1393 988 1433 Bithynia
1005 1418 1016 1435 ,
1027 1392 1116 1437 Thes·

220 1439 326 1484 salia,
354 1442 389 1474 (τ
411 1440 510 1483 Maesia
531 1466 542 1482 ,
569 1442 626 1483 nisi
643 1445 788 1478 detineret
808 1455 862 1478 nos
887 1447 1041 1487 Luporum
1060 1453 1117 1478 ter-

225 1502 276 1524 ror
299 1513 311 1530 ,
336 1489 542 1531 insidiantium
563 1493 711 1535 Gregibus
732 1495 778 1527 ad
795 1500 939 1536 rapinam
951 1519 962 1535 ,
988 1496 1023 1529 6
1043 1504 1118 1528 erro-

226 1551 312 1581 rm,
337 1551 508 1584 omnemque
529 1543 741 1583 adversitatem
762 1569 769 1576 .
795 1545 881 1577 Unde
902 1544 995 1577 coam
1012 1543 1118 1587 sumus

226 1590 324 1630 nostra
345 1595 411 1623 vice
431 1593 559 1634 dirigere
582 1593 712 1625 clericos
734 1594 769 1626 Θ·
781 1592 959 1626 Monacbos.
988 1593 1039 1627 Ex
1051 1604 1118 1637 quo

225 1638 318 1674 vides
340 1637 426 1673 hanc
445 1640 700 1684 appellationem
730 1653 768 1676 ac
793 1643 1025 1686 profeffionem
1047 1654 1117 1678 non

226 1689 325 1725 fuisse
345 1690 447 1724 solius
458 1690 607 1725 Helladii
630 1703 669 1726 ac
680 1691 833 1727 Eutherii
847 1717 858 1733 ‚
887 1693 942 1728 sed
963 1694 1119 1728 omnium

226 1739 363 1775 istarum
389 1739 641 1776 Provinciarum
660 1766 668 1774 .
696 1742 800 1777 Vides
824 1743 1118 1787 Appellationem,

225 1801 328 1834 quam
349 1790 501 1825 adversus
512 1790 714 1835 Ephesinum
731 1793 961 1828 Latrocinium
983 1794 1063 1828 fecit
1078 1792 1118 1828 ad

225 1841 398 1885 Magnum
409 1841 559 1875 Leonem
573 1841 812 1877 Theodoretus
824 1868 835 1885 ‚
861 1855 931 1877 non
946 1844 1039 1878 fuisse
1048 1843 1118 1887 ejus

228 1891 386 1934 primam.
415 1891 575 1925 Notanda
597 1893 672 1927 sunt
690 1894 725 1927 δε
748 1891 815 1927 haec
837 1892 934 1928 verba
957 1908 965 1927 :
992 1897 1040 1927 Et
1060 1905 1119 1927 non

234 1938 346 1982 absque
353 1941 482 1983 periculo
490 1943 640 1984 deputetis
650 1968 662 1984 ,
682 1943 713 1985 fi
720 1945 796 1986 quid
806 1944 968 1986 fastidiose*
979 1949 1057 1978 circa
1070 1952 1119 1977 ‘tot

228 1990 364 2031 Pastores
387 1991 497 2024 &oves
509 2002 635 2035 agatur.
662 1994 842 2028 Affirmant
867 2006 937 2029 non
961 1994 1048 2029 solos
1061 1994 1120 2028 Pa-

228 2040 351 2082 ssooes,
378 2042 644 2086 seuEpiscopos,
672 2044 725 2078 sed
748 2044 849 2078 etiam
859 2047 976 2085 Oves,
1000 2043 1119 2083 idest,

227 2088 455 2124 Christianum
466 2091 633 2135 Populum
649 2116 660 2132 ‚
687 2093 777 2136 posse
786 2103 966 2136 provocare
978 2091 1020 2126 ad
1031 2091 1119 2126 Pon-

226 2138 367 2174 tificem:
403 2141 446 2174 Et
459 2139 549 2174 hunc
567 2141 708 2187 obligari
719 2142 761 2176 ad
781 2154 839 2177 eos
849 2142 1069 2186 adjuvandos.

279 2189 445 2224 Adversus
458 2192 611 2225 Sanctum
625 2192 793 2234 Cyrillum
816 2204 854 2226 ac
876 2193 945 2235 ejus
964 2191 1120 2235 Capitula

227 2240 398 2274 adducunt
418 2240 506 2272 varia
525 2264 532 2271 .
561 2238 675 2274 Primo
698 2264 709 2280 ,
734 2242 898 2275 affirmant
927 2241 1035 2284 ipsum
1056 2241 1121 2274 esse

229 2288 438 2334 AEgyptium
451 2313 462 2328 ‚
487 2287 553 2323 hoc
563 2289 629 2330 est,
654 2287 827 2325 hominem
840 2301 945 2333 pravae
954 2289 1118 2324 nationis.

227 2341 304 2374 Effe
315 2339 503 2375 haereticum
524 2342 690 2374 auetorem
703 2351 872 2384 pravarum
886 2351 1008 2375 vocum
1023 2363 1035 2380 ,
1062 2350 1119 2373 no-

227 2401 307 2423 vum
319 2390 493 2432 jamnem,
521 2401 647 2424 novum
676 2390 849 2431 Mambre,
878 2401 1003 2425 novum
1027 2388 1120 2423 Pha·-

228 2449 383 2472 raonem.
411 2438 585 2478 Secundo,
611 2439 728 2473 dicunt
740 2440 917 2474 duodecim
941 2440 1011 2483 ejus
1021 2438 1121 2483 Capi-

227 2489 299 2522 tula
311 2488 373 2521 effe
386 2486 607 2531 blasphemam
619 2500 740 2524 vocum
765 2491 949 2524 novitatem
960 2503 972 2523 .-
1003 2489 1116 2533 Utpo-

228 2549 262 2572 te
272 2549 341 2582 quae
357 2538 517 2572 universae
537 2540 639 2573 Sacrae
660 2539 829 2583 Scripturae
851 2541 913 2575 sint
932 2540 1096 2575 contraria
1109 2564 1120 2582 ,
1152 2541 1155 2543 ’

226 2598 266 2621 ac
287 2585 567 2621 anathematizent
586 2587 738 2633 antiquas
760 2588 954 2624 traditiones
971 2590 1026 2624 SS.
1050 2589 1117 2624 Pa-

226 2647 334 2672 trum.
360 2637 544 2671 Praesertim
557 2637 651 2679 illas,
679 2649 749 2682 quae
769 2639 804 2673 in
817 2637 952 2673 Christo
963 2639 1117 2674 Domino

225 2687 361 2722 tradunt
371 2686 452 2721 duas
465 2697 614 2728 naturas,
641 2687 783 2733 ideoque:
793 2688 934 2732 ipsarum
958 2689 1118 2724 idiomata

225 2736 343 2782 jubent
353 2736 505 2771 distribui
528 2738 562 2771 in
575 2736 779 2774 orthodoxo
798 2739 926 2783 judicio
938 2765 945 2772 .
974 2739 1096 2774 Tertio
1108 2765 1120 2782 ,

225 2786 321 2832 quod
331 2785 482 2829 Cyrillus
492 2787 548 2822 sua
559 2787 715 2831 Capitula
724 2789 846 2832 jusserit
855 2789 1010 2825 subscribi
1021 2789 1039 2823 a
1050 2789 1118 2825 Ne-

227 2838 333 2872 storio
356 2861 368 2878 ,
393 2837 545 2881 alioquin
564 2835 776 2883 degradando
800 2865 808 2873 .
833 2838 964 2889 Qarto
990 2864 1002 2881 ,
1026 2840 1118 2885 quod

227 2887 402 2922 Nestorius
423 2886 583 2923 haereticis
609 2887 696 2923 dolis
726 2892 912 2926 consentire
949 2891 1118 2931 noluerit,

227 2938 265 2972 δε
285 2938 481 2973 confirmare
500 2939 604 2974 totius
628 2938 754 2974 Mundi
774 2951 913 2976 errorem
938 2966 946 2974 .
974 2941 1027 2975 Ex
1049 2952 1117 2985 quo

227 2985 346 3028 vides,
369 2987 461 3031 quod
482 3000 525 3023 ex
543 3000 624 3024 tunc
640 2998 730 3024 totus
753 2990 901 3027 Mundus
926 2991 1112 3037 probaverit

228 3037 373 3080 capitula
384 3061 392 3070 .
421 3039 555 3087 Qinto
565 3038 705 3080 dicunt,
730 3040 819 3085 quod
830 3041 992 3086 Ephesma
1004 3044 1116 3086 Syno—

228 3086 292 3121 dus
308 3097 491 3124 convocata
504 3101 574 3124 non
595 3089 693 3124 fuerit
705 3115 716 3132 ‚
744 3091 804 3126 nisi
818 3092 859 3127 ad
878 3091 1117 3128 discutiendam

230 3135 324 3171 litem
337 3137 379 3172 de
391 3137 555 3182 Capitulis
570 3165 575 3171 .
603 3138 725 3183 Sexto,
750 3141 842 3186 quod
854 3143 950 3178 unica
973 3144 1057 3178 ratio
1071 3143 1117 3178 ob

230 3197 332 3230 quam
344 3187 516 3223 Nestorius
524 3191 587 3224 fuit
597 3189 772 3226 damnatus
783 3192 825 3227 ab
839 3193 998 3238 Ephesina
1009 3194 1115 3238 Syno-

229 3235 298 3278 do,
325 3238 423 3273 fuerit
443 3238 663 3275 contradi-stin
684 3241 725 3276 ad
743 3240 929 3286 blasphema
940 3244 1115 3289 Capitula.

229 3286 399 3330 Septimo,
423 3290 514 3334 quod
528 3290 793 3335 Cyrillusipsum
816 3304 877 3328 nec
886 3294 1094 3330 advocaverit
1106 3319 1116 3334 ,

231 3347 294 3372 nec
308 3338 484 3382 audiverit,
496 3341 550 3376 sed
561 3352 617 3386 per
628 3341 823 3378 violentiam
833 3344 1035 3380 damnaverit
1049 3359 1060 3379 .·
1075 3345 1116 3379 Et

227 3387 361 3432 quidem
372 3400 449 3426 ante
459 3392 652 3436 multorum,
662 3393 721 3438 qui
731 3394 996 3439 exspectabantur
1004 3420 1015 3437 ,
1044 3395 1120 3439 Epi·

1889 219 1983 266 275

1174 288 1343 330 scoporum
1354 284 1543 335 adventurn,
1553 270 1707 328 atqueista
1719 288 1782 322 fine
1792 289 1939 334 synodo.
1957 292 2052 327 osta.

1176 339 1219 372 vo
1233 336 1344 381 ,quod
1356 333 1767 380 cyrillust‘adEphefinam
1777 340 1947 381 synodum
1959 366 1970 382 ,
1984 352 2053 376 non

1174 400 1210 423 ut
1224 388 1327 431 Iudex
1349 399 1388 422 ac
1409 386 1526 421 Praeses
1536 411 1548 428 ,
1575 384 1628 420 sed
1639 396 1775 421 vocatus
1787 389 1883 422 fuerit
1895 401 1932 424 ut
1943 392 2053 426 Reus:

1177 440 1307 482 Nempe
1329 438 1371 472 ad
1402 436 1526 472 dandas
1551 436 1693 471 rationes
1713 435 1754 470 de
1780 438 1846 471 suis
1870 439 2053 482 Capitulis.

1177 490 1302 529 Nono,
1332 486 1422 533 quod
1433 487 1555 533 Judicis
1566 489 1621 522 seu
1632 487 1778 522 Praefidis
1800 487 1914 521 locum
1934 489 2058 531 usurpa-

1176 539 1391 574 torinvaserit
1404 563 1416 579 ,
1439 547 1536 583 atque
1555 537 1601 572 ita
1622 537 1692 582 ejus
1712 538 1749 573 in
1760 537 1954 573 Nestorium
1977 539 2058 574 Asta

1176 590 1235 623 smt
1247 589 1455 624 manifestum
1470 589 1683 624 Attentatum
1693 613 1701 620 .
1729 588 1889 633 Pleraque
1908 590 1982 622 sunt
1994 601 2060 623 ma-

1178 639 1294 674 nifesta
1305 640 1474 674 mendacia
1486 664 1492 672 .

1227 687 1329 723 Varia
1353 689 1432 723 item
1462 689 1608 735 allegant
1631 689 1782 725 adversus
1803 691 1897 724 suum
1917 687 2061 723 Patriar-

1177 737 1274 772 cham
1295 740 1477 782 Ioannem,
1503 741 1537 774 &
1560 740 1602 775 ab
1622 740 1684 775 illo
1706 742 1820 775 fafflm
1839 750 1918 774 cum
1940 739 2061 774 Sancto

1179 788 1310 831 Cyrillo
1323 799 1435 832 pacem
1449 814 1456 821 .
1484 788 1599 823 Primo
1609 813 1620 829 ,
1645 790 1736 834 quod
1758 791 1816 825 ille
1828 789 1943 833 Ephesi
1954 789 2064 832 Cyril-

1179 838 1247 872 lum
1270 850 1308 873 ac
1319 840 1541 874 Memnonem
1562 839 1746 884 degradarit
1761 866 1773 883 ‚
1797 841 1978 875 &cunctos
1998 838 2065 872 illis

1178 888 1219 922 ad
1242 887 1491 934 degradandum
1507 889 1700 924 Nestorium
1722 900 1916 936 cooperatos
1927 889 2067 933 Episco-

1178 949 1238 983 pos
1259 940 1619 974 excommunicaverit.
1646 940 1824 981 Secundo,
1850 940 1940 986 quod
1953 939 2067 974 latain

1179 988 1349 1033 Cyrillum
1371 1000 1410 1023 ac
1431 989 1654 1024 Memnonem
1675 990 1836 1024 sententia
1856 992 1954 1025 fuerit
1967 987 2069 1035 longe

1177 1039 1363 1083 justiffima.
1389 1039 1473 1074 Lata
1495 1040 1586 1074 enim
1608 1040 1672 1073 fuit
1690 1040 1727 1073 in
1748 1039 1917 1083 Principes
1926 1040 2067 1074 Haerests

1179 1101 1218 1124 ac
1228 1089 1411 1125 Seditionis
1422 1115 1430 1123 .
1456 1089 1515 1125 Ob
1527 1088 1763 1134 Capitulorum
1785 1088 1928 1123 haeresim
1941 1114 1952 1129 ‚
1977 1091 2010 1124 dc
2023 1090 2072 1123 se-

1179 1139 1343 1174 ditionem
1354 1139 1579 1183 fastaesynodi
1592 1149 1670 1174 ante
1680 1139 1861 1174 adventum
1872 1148 2072 1173 convocato-

1180 1200 1253 1224 rum
1265 1189 1465 1226 Antistitum
1479 1216 1487 1223 .
1514 1188 1659 1230 Tertio,
1686 1187 1930 1233 quod'Joannes
1943 1188 2002 1223 ista
2015 1189 2072 1222 sua

1180 1240 1350 1283 justiffima
1371 1251 1471 1285 opera
1502 1252 1580 1275 cum
1602 1238 1824 1275 irrationabili
1851 1238 2074 1274 mutabilitate

1179 1291 1246 1335 jam
1274 1292 1495 1325 retractaverit
1515 1314 1525 1330 ,
1551 1290 1732 1335 prodiderit
1755 1290 1946 1332 veritatem,
1971 1300 2009 1323 ac
2031 1289 2074 1323 la-

1181 1343 1254 1385 psus
1268 1341 1308 1375 sit
1335 1341 1371 1376 in
1384 1342 1593 1377 manifestam
1617 1340 1936 1386 praevaricationem:
1964 1339 2076 1383 Cyrit-

1180 1393 1252 1427 lum
1265 1392 1332 1427 fine
1341 1393 1540 1436 poenitentia
1560 1404 1599 1427 ac
1611 1391 1820 1427 anathemate
1833 1393 1966 1426 suorum
1977 1390 2076 1433 Capi-

1181 1442 1327 1477 tulorum
1345 1443 1557 1478 admittendo
1571 1444 1609 1478 in
1624 1443 1913 1478 Communionem
1924 1467 1932 1475 .
1961 1440 2078 1488 Qan-

1183 1493 1220 1527 to
1231 1517 1243 1534 ,
1268 1491 1359 1537 quod
1369 1493 1436 1538 ipse
1447 1494 1546 1529 fuerit
1558 1494 1682 1537 primus
1693 1493 1929 1537 Capitulorum
1949 1492 2077 1525 accusa-

1180 1552 1234 1576 tor
1256 1554 1295 1577 ac
1319 1543 1515 1578 damnator.
1545 1544 1658 1579 Etiam
1671 1553 1749 1578 ante
1759 1541 1958 1586 Ephesinam
1969 1541 2078 1584 Syno-

1180 1592 1260 1626 dum
1289 1605 1296 1625 :
1326 1593 1463 1628 Etenim
1500 1595 1568 1637 ipsa
1593 1618 1605 1634 ,
1631 1593 1742 1627 statim
1772 1602 1809 1626 ut
1834 1599 2079 1634 apparuerunt,

1180 1642 1356 1677 transmisit
1378 1644 1419 1678 ad
1433 1643 1543 1688 primae
1562 1654 1601 1677 ac
1612 1642 1761 1676 secundae
1771 1640 1994 1685 Cappadociae
2005 1662 2017 1680 ,
2041 1638 2080 1673 ’δε

1180 1692 1319 1728 aliarum
1329 1703 1422 1728 extra
1440 1695 1531 1727 suam
1545 1691 1726 1727 Dioecesim
1735 1690 1989 1726 Provinciarum
2000 1689 2077 1733 Epi.

1181 1744 1321 1787 sc0p08,
1348 1743 1488 1779 suadens
1510 1743 1679 1788 &rogans
1699 1741 1875 1778 damnari.
1904 1741 1964 1775 Eis
1983 1740 2076 1775 enim

1181 1793 1339 1836 imperare
1352 1804 1423 1828 non
1442 1803 1568 1837 poterat
1577 1818 1584 1826 .
1609 1794 1664 1827 Ex
1675 1803 1745 1835 quo
1758 1803 1829 1827 non
1853 1790 1938 1826 vane
1949 1790 2079 1834 colligi-

1181 1853 1276 1883 muS,
1304 1843 1396 1885 quod
1422 1843 1478 1878 illa
1500 1853 1661 1887 tanquam
1684 1842 1840 1877 damnata
1863 1839 2076 1877 transmiserit

1179 1893 1221 1927 ad
1233 1893 1304 1927 suas
1323 1892 1517 1928 Provincias
1532 1918 1540 1926 .
1567 1892 1742 1938 Epistola,
1767 1903 1831 1938 qua
1844 1891 1988 1935 Joannes
2006 1891 2076 1934 ipsa

1180 1942 1222 1977 ad
1234 1943 1313 1977 alias
1324 1944 1410 1978 misit
1420 1942 1617 1977 Provincias
1631 1967 1643 1983 ,
1668 1952 1760 1977 extat
1777 1942 1937 1985 superius.
1964 1941 2079 1988 Qin-

1180 1992 1216 2026 to
1238 1991 1380 2034 dicunt,
1406 1993 1498 2037 quod
1521 1993 1664 2036 Joannes
1686 1990 1728 2026 ad
1751 1991 1876 2034 Cyrilli
1891 1991 2078 2024 damnatio-

1180 2051 1255 2074 nem
1279 2042 1298 2075 ὲ
1318 2043 1414 2075 nullo
1424 2052 1537 2076 motus
1560 2051 1619 2077 aut
1641 2042 1796 2076 incensus
1817 2040 1941 2079 fuerit,
1967 2038 2022 2074 sed
2035 2050 2077 2074 ex

1181 2091 1366 2134 semet-ipso
1386 2090 1509 2126 fervide
1531 2091 1724 2135 prosiliverit
1737 2116 1749 2133 ,
1774 2091 1906 2135 insuper
1926 2088 2078 2125 hortatus

1180 2152 1298 2176 omnes
1308 2141 1414 2177 alios.
1445 2141 1490 2175 Et
1503 2142 1638 2185 quidem
1663 2140 1785 2186 viginti
1809 2141 1892 2176 duos
1904 2141 2079 2185 Metropo-

1181 2191 1271 2224 litas.
1300 2190 1401 2225 Sexto
1419 2213 1431 2229 ,
1457 2191 1548 2233 quod
1562 2190 1615 2223 his
1636 2201 1708 2223 non
1728 2199 1907 2223 contentus
1927 2213 1940 2230 ,
1966 2191 2009 2226 ad
2028 2192 2080 2225 fir-

1181 2236 1336 2272 mandam
1356 2238 1481 2280 Cyrilli
1509 2238 1544 2271 δε
1565 2237 1799 2282 capitulorum
1820 2238 2074 2275 damnationem

1182 2288 1276 2321 iverit
1287 2287 1635 2331 Constantinopolim.
1662 2286 1833 2324 Videlicet
1843 2288 1989 2335 Legatus
1998 2300 2076 2324 cum

1180 2336 1252 2371 aliis
1275 2338 1399 2381 septem
1414 2338 1584 2383 Episcopis
1598 2353 1609 2373 .·
1635 2337 1790 2384 Princeps
1801 2339 1893 2374 istius
1913 2339 2075 2386 Legatio-

1152 2415 1155 2421 .
1183 2388 1252 2421 nis.
1278 2386 1428 2431 Septimo
1449 2413 1460 2429 ,
1487 2389 1579 2432 quod
1602 2387 1820 2425 Chalcedone
1841 2390 1983 2426 existens
2002 2415 2015 2432 ,
2040 2391 2075 2425 δε

1184 2437 1598 2484 NestoriiRelegationem
1611 2439 1773 2481 audiens,
1799 2441 1941 2486 graviter
1962 2439 2076 2475 dolue-

1185 2487 1245 2521 rit:
1274 2487 1328 2523 Εὸ
1340 2489 1431 2532 quod
1445 2488 1511 2524 haec
1522 2490 1702 2536 Relegatio
1709 2491 1787 2526 esset
1802 2491 1891 2536 quasi
1902 2490 2075 2526 confirma-

1185 2538 1236 2573 tio
1247 2546 1413 2573 attentatae
1423 2539 1459 2573 iu
1474 2540 1569 2574 illum
1579 2540 1800 2577 innocentem
1813 2541 1997 2576 sententiae.
2025 2541 2074 2576 Et

1184 2587 1275 2632 quod
1292 2587 1367 2623 'haec
1392 2589 1508 2623 omnia
1529 2588 1696 2633 Ephesum
1726 2592 1768 2626 ad
1789 2593 1869 2627 suos
1892 2590 2070 2636 scripserit.

1184 2638 1335 2680 Ostavo,
1364 2637 1455 2683 quod
1468 2638 1684 2675 Chalcedone
1704 2651 1816 2677 coram
1828 2642 1984 2686 Principe
1997 2667 2009 2682 ‚
2035 2642 2074 2677 ac

1184 2688 1282 2733 pleno
1295 2689 1365 2732 ejus
1375 2690 1582 2725 Consistorio
1592 2691 1778 2735 frequenter
1797 2691 1952 2735 juraverit
1963 2691 2075 2735 Cyril-

1183 2739 1275 2779 lum,
1304 2739 1382 2773 licet
1402 2739 1695 2777 anathematizaret
1717 2742 1773 2776 sua
1784 2742 1961 2786 Capitula,
1991 2753 2073 2777 nun-

1185 2800 1286 2833 quam
1298 2789 1316 2823 ὲ
1330 2790 1361 2823 se
1374 2790 1599 2834 recipiendum
1611 2800 1647 2826 ut
1663 2792 1862 2836 Episcopum
1873 2817 1883 2834 ‚
1911 2790 1967 2825 sed
1977 2792 2074 2826 dum-

1182 2848 1273 2873 taxat
1293 2849 1330 2874 ut
1355 2839 1498 2876 Laicum
1519 2867 1527 2874 .
1553 2841 1607 2876 Εὸ
1627 2843 1719 2887 quod
1741 2843 1820 2876 esset
1841 2851 1911 2875 non
1932 2840 2071 2884 simplex

1182 2890 1384 2932 Haereticus‚
1410 2889 1464 2926 sed
1475 2890 1712 2927 Haeresiarcha.
1740 2889 1868 2932 Nono,
1894 2890 1986 2934 quod
1998 2891 2071 2935 post

1182 2939 1249 2974 haec
1261 2940 1377 2976 omnia
1401 2941 1568 2985 Cyrillum
1581 2967 1591 2983 ,
1619 2943 1654 2976 δε
1666 2939 1799 2985 quidem
1821 2952 1891 2976 non
1910 2941 2071 2985 poeniten-

1180 3000 1246 3024 tem
1257 2991 1299 3025 de
1309 2989 1474 3035 Capitulis
1486 3017 1497 3032 ‚
1523 2991 1623 3037 longe
1644 2992 1755 3026 minus
1767 2993 1835 3036 ipsa
1853 2990 2071 3027 anathemati·

1172 3051 1310 3076 tantem
1323 3065 1334 3082 ,
1360 3042 1527 3077 admiserit
1549 3052 1587 3076 ut
1604 3043 1770 3086 integrum
1782 3042 1984 3087 Episcopum
1997 3067 2009 3083 ,
2033 3042 2068 3078 δε

1179 3091 1235 3135 ipsi
1252 3091 1287 3127 in
1298 3091 1456 3127 omnibus
1472 3091 1889 3136 plenecommunicaverit.
1921 3092 2066 3128 Decimo

1178 3142 1341 3177 affirmant
1355 3143 1517 3187 Ioannem
1540 3143 1576 3176 in
1590 3140 1640 3176 his
1651 3144 1786 3186 patrasse
1797 3144 1884 3178 varia
1896 3143 2064 3178 facinora:

1178 3192 1306 3237 Nempe
1317 3192 1501 3236 Perjurium
1520 3217 1531 3233 ,
1559 3192 1772 3227 Attentatum
1793 3194 1881 3229 falsae
1890 3193 2065 3229 absolutio-

1177 3243 1227 3277 nis
1253 3267 1265 3284 ,
1291 3255 1330 3279 ac
1359 3241 1646 3278 perturbationem
1668 3245 1772 3279 totius
1798 3244 1948 3279 Ecclefiae
1968 3269 1977 3278 .
2008 3244 2065 3278 Et-

1170 3293 1267 3328 >enim
1276 3294 1446 3328 vinculum
1458 3317 1468 3334 ‚
1494 3291 1584 3338 quod
1594 3293 1689 3339 plena
1701 3295 1770 3339 ejus
1779 3294 1935 3338 synodus
1947 3294 2063 3339 injece-

1178 3352 1227 3379 rat
1237 3367 1249 3385 ,
1276 3344 1344 3388 ipse
1354 3344 1440 3379 solus
1450 3355 1519 3380 non
1531 3353 1659 3390 poterat
1668 3345 1795 3381 solvere
1806 3371 1814 3378 .

1227 3395 1385 3430 Omnino
1406 3395 1552 3433 notanda
1574 3395 1649 3431 sunt
1664 3396 1786 3433 verba:
1808 3399 1862 3430 'Et
1869 3394 2061 3477 filu-‘fmu-

1962 3454 2013 3478 um
