2320 3730
926 151 1410 197 Emsrorffi.

1916 172 2004 212 391

246 232 455 278 postmodum
476 243 533 268 eos
554 234 811 270 concumbentes
834 244 890 270 aut
901 236 1130 280 colloquentes
1196 233 1296 269 ambo
1313 231 1551 269 moechantium
1563 234 1719 271 sententia
1730 238 1930 282 judicentur.
1953 242 1985 276 Si
1999 242 2076 285 vero

247 287 399 327 repererit
421 307 432 323 ‚
470 295 537 318 rem
561 284 692 319 demum
723 286 764 320 ad
785 285 943 330 justitiam
967 286 1106 330 deducat
1126 309 1132 316 -

248 331 517 381 Qodfijustitia
541 346 617 369 eum
631 335 874 371 exordinaverit
889 361 900 377 ,
926 336 1082 380 deinceps
1098 335 1133 370 in

247 383 370 419 ceteris
380 384 560 420 foris-faecis
573 385 680 422 laicali
691 387 857 422 sententie
873 386 1038 431 subjaceat
1050 411 1058 419 .

561 487 737 529 capitulum
763 489 832 520 ΥΠ.

300 583 335 619 Si
346 585 443 621 Leno
465 595 522 620 aut
537 585 630 622 Lena
642 585 779 629 alicujus
790 597 926 623 uxorem
949 585 1054 621 verbis
1066 592 1139 619 cor-

251 643 398 678 rumpat,
423 636 458 670 &
470 635 625 675 moechari
638 636 761 678 faciat,
785 635 909 672 moechi
930 637 983 672 vel
1002 633 1137 671 moechae

246 683 411 731 judicium
425 685 536 724 subeat
549 711 557 719 .

550 788 727 829 Capitulum
752 791 837 821 Vnt.

301 885 334 920 Si
363 884 525 929 quispiam
551 886 681 922 adultus
708 885 912 922 Sodomitica
938 883 1085 930 nequitia
1106 884 1136 917 se

248 933 365 978 sponte
391 936 540 979 polluisse
567 937 719 981 probatus
745 937 842 974 fuerit
864 959 878 979 ‚
917 945 986 971 tam
1013 933 1136 970 faciens

249 995 350 1029 quam
363 985 490 1031 patiens
511 987 725 1024 comburatur
738 1011 746 1019 .

522 1112 526 1113 γ
565 1085 743 1128 Capitulum
767 1086 824 1118 IX.

301 1183 335 1219 Si
357 1183 467 1219 infans
485 1208 497 1225 ,
522 1192 580 1219 aut
600 1183 741 1229 quilibet
764 1186 935 1228 provectus
958 1185 1000 1220 ab
1024 1183 1136 1229 aliquo

249 1233 424 1269 Sodomita
452 1234 485 1268 vi
506 1235 766 1269 commaculatus
786 1236 882 1269 fuerit
906 1259 917 1276 ,
943 1236 978 1270 ἀ
1002 1235 1136 1269 interim

250 1284 429 1319 clamorem
450 1284 580 1326 fecerit,
608 1284 781 1321 Sodomita
808 1285 949 1320 flammis
971 1285 1117 1320 tradatur
1130 1310 1137 1317 .

247 1334 319 1382 Qi
333 1334 410 1369 vero
432 1346 499 1368 non
525 1335 639 1379 sponte
653 1336 833 1380 peccaverit
847 1360 858 1376 ‚
885 1334 1063 1370 secundum
1078 1334 1136 1369 Ec-

249 1384 350 1419 clefiae
371 1386 567 1421 sententiam
587 1387 765 1431 poeniteat,
788 1387 824 1423 ἃ
844 1386 1048 1432 legalitatem
1067 1395 1136 1421 non

248 1445 400 1472 amittat.

571 1538 743 1579 capitulum
770 1538 813 1570 X.

298 1633 333 1669 Si
346 1634 419 1676 quis
428 1633 675 1670 Sodomiticum
700 1635 803 1670 scelus
814 1637 846 1671 vi
873 1635 973 1670 semel
985 1636 1091 1679 passus
1103 1635 1138 1670 id

248 1683 404 1720 celaverit
420 1709 430 1725 ‚
455 1685 489 1721 δι
501 1685 532 1719 se
540 1681 650 1720 denu‘o
664 1685 824 1720 sordidari
846 1687 1022 1729 permiserit
1036 1710 1049 1727 ,
1077 1698 1137 1722 nee

250 1733 378 1778 justitiae
404 1733 580 1768 ostenderit
603 1759 613 1775 ,
651 1735 708 1769 ubi
746 1735 955 1779 postmodnm
982 1737 1138 1781 probatus

251 1784 349 1819 fuerit
361 1806 374 1825 ‚
399 1794 435 1821 ut
445 1785 618 1822 sodomita
630 1785 792 1830 judicetur
801 1811 811 1819 .

565 1888 744 1930 Capitulum
769 1889 827 1923 XI.

304 1985 424 2031 Siquis
434 1987 629 2029 Sodomita,
655 1998 831 2034 antequam
856 1989 1042 2030 accusetur,
1069 1989 1143 2023 refi-

252 2037 362 2080 puerit
388 2062 399 2078 ,
433 2039 467 2075 ἀ
489 2039 685 2082 poenitentia
716 2039 830 2074 dustus
850 2039 898 2073 illi
922 2038 1140 2073 abominabili

249 2084 408 2129 nequitiae
416 2087 486 2130 jure
499 2089 640 2132 jurando
651 2088 930 2123 abrenuntiaverit
943 2112 955 2128 ,
980 2089 1016 2122 in
1027 2088 1141 2122 Eccle-

245 2135 330 2172 siem
353 2138 549 2183 recipiatur,
577 2137 803 2173 &secundum
814 2137 994 2173 Canonum
1016 2139 1141 2172 senten-

253 2186 337 2220 tiam
361 2186 538 2229 judicetur.
568 2188 601 2220 Si
626 2198 735 2220 autem
747 2189 852 2220 rursus
876 2187 955 2220 inid
970 2186 1141 2226 inciderit,

253 2234 289 2269 ἀ
311 2234 456 2270 secundo
478 2235 636 2280 poenitere
657 2235 819 2275 voluerit,
846 2235 886 2269 ad
910 2236 1139 2278 poenitentiam

257 2283 391 2328 quidem
402 2286 595 2321 admittatur
603 2308 615 2325 ,
628 2285 681 2320 sed
691 2285 1004 2329 Hierosolymitano
1017 2285 1140 2330 Regno

255 2334 466 2370 eliminetur.

558 2435 731 2478 capindum
757 2438 830 2470 Χιι.

1199 285 1230 318 vi
1245 284 1286 319 ab
1298 296 1338 318 eo
1351 285 1496 328 oppressa
1519 284 1616 318 fuerit
1628 311 1638 326 ,
1668 289 1733 330 ipsa
1755 291 1885 332 quidem
1897 291 1993 335 culpa
2007 301 2076 327 non

1198 334 1362 370 tenebitur
1378 357 1390 375 ,
1418 334 1473 371 sed
1492 335 1669 370 Saracenas
1688 338 1955 376 eunuchizabitur
1968 366 1976 374 .

1496 436 1671 478 Capitulum
1698 438 1761 471 XV
1759 436 1783 470 Ι.

1248 534 1282 570 Si
1306 535 1483 571 Saracenus
1504 545 1561 570 aut
1581 537 1739 583 Saracena
1764 537 1967 584 Francigeno
1988 550 2079 577 more

1200 586 1232 619 se
1252 584 1414 627 induant,
1440 586 1647 621 infiscentur.

1485 687 1657 729 capitulum
1693 690 1726 722 X
1729 692 1758 722 V
1757 691 1798 721 11.

1250 784 1365 829 Siquis
1377 796 1475 820 unam
1498 785 1623 822 habens
1634 798 1771 825 uxorem
1782 812 1791 827 ,
1820 787 1918 823 aliam
1931 786 2083 832 superdu-

1202 837 1284 869 xerit
1298 859 1308 875 ,
1337 838 1436 879 usque
1457 837 1497 870 ad
1511 837 1648 879 primam
1675 838 1813 880 praediffi
1835 839 1911 873 anni
1926 838 2097 875 Dominio,

1201 896 1271 918 carn
1283 885 1548 932 Qadragefimae
1560 887 1647 921 diem
1661 887 1858 931 Presbytero
1874 889 1908 923 ὅ(
1921 890 2083 923 confr-ssus

1202 935 1379 977 poeniteat,
1401 936 1436 969 ὅ(
1455 937 1609 981 deinceps
1632 939 1810 974 secundum
1832 940 1978 974 Ecclefiae
1998 936 2084 972 Prae-

1201 995 1332 1028 ceptum
1346 985 1376 1017 se
1387 983 1506 1019 habeat
1515 1011 1526 1023 .,
1547 988 1580 1020 Si
1594 987 1671 1022 vero
1681 988 1726 1027 sid
1737 988 1890 1033 'amplius
1905 989 2085 1028 celaverit,

1202 1045 1250 1068 res
1261 1034 1330 1077 ejus
1342 1033 1578 1068 infiscabuntur
1589 1059 1599 1074 ‚
1609 1037 1644 1069 ὅ(
1657 1038 1724 1079 ipse
1735 1038 1866 1082 publice
1876 1040 2028 1075 frustatus
2040 1037 2083 1073 ab

1201 1082 1261 1119 hac
1289 1094 1371 1119 terra
1391 1083 1695 1120 excommunicetur
1706 1109 1714 1117 .

1476 1186 1652 1227 capitulum
1687 1186 1808 1219 xum.

1250 1283 1285 1319 Si
1298 1283 1371 1328 quis
1392 1285 1517 1319 nescius
1535 1284 1671 1320 alterius
1694 1295 1832 1320 uxorem
1848 1284 2001 1327 duxerit,
2028 1295 2086 1321 aut

1202 1334 1319 1369 mulier
1339 1334 1468 1370 alterius
1492 1334 1626 1381 conjugi
1655 1336 1761 1371 nescia
1788 1337 1930 1379 nupserit
1952 1360 1964 1377 ,
1989 1347 2089 1381 quem

1203 1385 1390 1430 ignorantia
1417 1385 1566 1422 defendit
1588 1410 1600 1427 ,
1626 1396 1779 1429 compare
1805 1385 1908 1428 ejesto
1931 1410 1943 1427 ,
1967 1387 2003 1422 in
2025 1386 2089 1422 had

1202 1447 1285 1471 terra
1298 1445 1462 1473 remaneat
1474 1460 1488 1479 ‚
1512 1435 1547 1470 ἀ
1559 1435 1707 1471 nubendi
1718 1437 1886 1473 licentiam
1899 1435 2035 1473 habeat.

1489 1537 1665 1579 Capitulum
1701 1539 1797 1573 XIX.

1252 1634 1371 1679 Siquis
1392 1636 1508 1673 volens
1531 1636 1684 1673 dimitere
1708 1637 1906 1681 conjugem,
1934 1635 1965 1671 se
1988 1635 2090 1673 aliam

1204 1685 1343 1729 habere,
1370 1697 1426 1722 aut
1448 1687 1523 1722 viva
1547 1692 1652 1722 uxore
1672 1689 1704 1721 se
1713 1698 1785 1722 eam
1810 1685 1936 1720 duxiue
1946 1687 2066 1722 dixerit
2081 1708 2093 1725 ,

1203 1747 1259 1771 aut
1277 1736 1387 1772 calido
1409 1738 1497 1772 ferro
1521 1735 1555 1770 id
1578 1737 1802 1776 demonstret,
1827 1745 1884 1772 aut
1906 1736 2029 1781 legales
2049 1743 2092 1770 t'e-

1203 1786 1286 1828 stes,
1310 1788 1369 1831 qui
1400 1787 1611 1831 jurejurando
1634 1786 1719 1821 illud
1731 1786 2091 1831 proeocomprobent,

1206 1837 1354 1872 Ecclefiz
1377 1836 1589 1882 Magistratui
1615 1843 1783 1880 praetentet
1804 1861 1812 1869 .
1841 1836 2093 1883 Qamcumque

1203 1897 1314 1922 autem
1338 1888 1373 1922 in
1386 1887 1489 1922 virilis
1511 1888 1605 1922 sexus
1615 1887 1772 1923 erratibus
1790 1888 1987 1923 sententiam
2000 1885 2094 1921 stabi-

1203 1938 1337 1973 livimus
1364 1962 1377 1980 ‚
1400 1938 1551 1975 eamdem
1591 1938 1627 1973 in
1654 1940 1732 1975 sexu
1759 1937 1918 1976 foemineo
1943 1938 2093 1977 eorfimaf

1203 1999 1277 2023 mus
1292 2010 1301 2021 .

1502 2089 1684 2129 capitulum
1711 2090 1788 2121 XX.

1255 2184 1451 2220 siclericus
1472 2186 1568 2220 causa
1591 2184 1790 2219 defentionis
1811 2196 1899 2221 arma
1909 2185 2065 2223 detulerit
2081 2214 2093 2230 ‚

1203 2234 1299 2277 culpa
1313 2244 1381 2267 non
1392 2244 1556 2269 teneatur.
1588 2234 1622 2268 Si
1634 2245 1744 2269 autem
1758 2234 1877 2270 militia
1889 2247 1946 2271 aut
1956 2238 2093 2280 alicujus

1204 2283 1398 2318 curialitatis
1422 2283 1517 2318 causa
1540 2295 1698 2320 coronam
1723 2283 1903 2327 dimiserit,
1932 2288 2029 2330 usque
2049 2288 2092 2322 ad

1204 2331 1390 2378 praedistum
1417 2334 1593 2368 terminum
1607 2335 1759 2369 Ecclefiae
1775 2336 1805 2369 id
1818 2339 1978 2371 conseilus
1999 2349 2093 2371 coro·

1205 2394 1283 2417 nam
1304 2383 1441 2423 reddat,
1467 2385 1500 2418 &
1523 2384 1676 2427 deinceps
1700 2385 1873 2419 secundnm
1897 2386 2091 2422 Patriarchae

1203 2432 1406 2478 Praeceptum
1420 2434 1452 2468 se
1470 2433 1586 2468 habeat
1600 2460 1607 2467 .
1634 2435 1667 2469 Si
1681 2445 1791 2468 autem
1812 2438 1952 2480 amplius
1966 2439 2090 2472 celave-

1134 2493 1137 2508 1
1203 2485 1266 2524 rit,
1291 2495 1350 2528 pro
1374 2484 1478 2529 Regis
1499 2485 1534 2521 δε
1553 2483 1745 2519 Patriarchae
1763 2487 1901 2521 consilio
1933 2489 1965 2522 se
1984 2488 2090 2523 conti-

296 2532 339 2569 tSi
352 2533 425 2578 quis
435 2546 512 2570 cum
523 2535 753 2572 consentiente
770 2533 828 2571 fibi
843 2535 1000 2571 Saracena
1021 2544 1143 2580 concu-

255 2583 358 2619 buiffe
382 2584 533 2628 probatus
555 2587 671 2628 fuerit,
697 2585 919 2622 ementuletur
943 2610 956 2628 ‚
982 2584 1040 2621 illa
1063 2584 1141 2620 vero

256 2635 336 2669 naso
354 2642 521 2671 truncetur
533 2661 542 2671 .

493 2779 496 2784 .
554 2737 730 2778 capitulum
753 2737 844 2770 xm.

292 2832 341 2880 *Si
362 2833 434 2878 quis
455 2833 648 2869 saracenam
669 2835 761 2873 suam
782 2833 815 2875 vi
838 2834 1047 2879 oppresserit,
1073 2834 1140 2880 ipsa

255 2883 391 2930 quidem
405 2883 606 2920 infiscabitur
616 2908 628 2925 ‚
651 2885 717 2931 ipse
728 2883 805 2921 ναό
816 2884 1087 2922 extestificabitur
1096 2910 1104 2918 .

556 2986 734 3029 Capitulum
759 2987 848 3025 ΚΜ

306 3084 340 3118 Si
352 3083 424 3126 quis
434 3083 632 3120 Saracenam·
645 3085 778 3121 alterius
790 3085 822 3121 vi
834 3074 838 3079 ¹
849 3085 906 3123 fibi
917 3087 1116 3134 supposuerit
1130 3109 1143 3127 ‚

254 3130 375 3175 fimilem
385 3134 579 3170 sententiam
591 3135 712 3171 subibit
728 3162 735 3168 .

561 3239 735 3279 Capitulum
760 3238 795 3270 X
795 3241 830 3271 V.

312 3333 348 3370 Si
365 3331 552 3372 Christiana
562 3335 723 3373 Saraceno
744 3337 862 3381 sponte
872 3336 1123 3374 commisceatur
1134 3362 1144 3379 ‚

1203 2543 1282 2569 neat
1294 2559 1301 2565 .

1487 2635 1663 2679 Capitulum
1691 2638 1724 2668 X
1727 2638 1759 2668 X
1761 2640 1786 2669 1.

1252 2732 1286 2768 Si
1297 2731 1487 2769 Monachus
1497 2745 1553 2770 aut
1565 2735 1739 2780 Regularis
1751 2734 1945 2771 Canonicus
1964 2736 2090 2780 aposta·

1202 2784 1284 2869 tagit
1294 2808 1306 2826 ,
1333 2794 1390 2819 aut
1401 2782 1442 2819 ad
1454 2785 1615 2822 Ordinem
1626 2794 1764 2821 recurrat
1774 2811 1785 2827 ,
1811 2797 1869 2821 aut
1891 2787 1932 2821 ad
1942 2786 2086 2823 Patriam

1202 2845 1236 2869 re
1259 2842 1311 2870 eat
1322 2858 1330 2866 .

1489 2935 1666 2978 Capitulum
1691 2937 1725 2969 Χ
1726 2937 1796 2968 ΧΠ

1252 3034 1466 3084 Qicumque
1485 3034 1626 3077 aliquem
1649 3035 1871 3082 accusaverit,
1896 3037 1930 3072 ὅ(
1949 3034 2085 3084 probare

1192 3086 1274 3121 'non
1286 3087 1448 3131 potuerit,
1476 3083 1584 3120 eidem
1598 3096 1699 3129 poenae
1711 3086 1890 3130 subjaceat.

1475 3187 1649 3228 Capitulum
1685 3187 1811 3221 XXIII.

1255 3286 1287 3320 Si
1299 3285 1372 3329 quis
1394 3285 1435 3319 de
1447 3285 1621 3320 latrocinio
1641 3288 1811 3322 couvi-stus
1832 3286 1930 3323 fuerit
1942 3312 1953 3328 ‚
1978 3288 2000 3320 fi
2022 3286 2087 3319 fur-

1205 3343 1277 3371 tum
1287 3335 1384 3372 fuerit
1398 3334 1479 3371 ultra
1491 3335 1522 3370 b.
1536 3345 1565 3383 3.
1580 3337 1732 3372 membris
1744 3340 1987 3375 comminuatur
2001 3360 2012 3376 ,
2023 3347 2086 3371 ma-

1965 3397 2011 3421 nu
2022 3409 2034 3427 ,
