2320 3730
630 193 960 259 Scironis,
989 214 1052 247 ετ
1085 197 1275 248 Nous
1310 212 1696 251 inustas-ras.

226 292 278 335 fla
294 303 332 327 σε
346 286 529 330 exemplaria
547 289 714 330 accepfflt,
739 297 831 330 eaque
851 298 916 321 cum
935 287 995 320 illis
1006 310 1019 329 ,
1043 295 1110 328 quae

226 342 327 388 secum
334 338 479 372 attulerat
496 362 507 378 ,
531 338 685 381 contultffet
696 362 706 378 ,
730 342 848 372 invenit
867 336 981 383 illacffe
997 335 1110 371 adulte-

230 399 325 430 rata,
346 394 490 430 petiitque
498 399 537 422 ex
546 387 652 429 libris,
676 393 729 432 qui
739 389 885 432 apudnos
894 396 983 420 erant
995 395 1110 427 ,exem-

228 441 284 483 pla
292 437 455 482 describere
465 463 476 479 ‚
501 448 535 473 ut
552 440 597 472 ad
605 437 812 472 Antiochenam
831 435 989 477 Ecclesiam
1013 433 1110 477 trans-

231 495 382 529 mitteret.
410 491 503 533 ‚Quod
522 490 556 523 6·
571 489 691 531 fabium
713 487 753 530 est
773 511 782 520 .
808 486 943 519 Sanetus
965 484 1111 527 Cyrillus

232 539 360 574 videtur
379 539 416 573 in
435 541 494 574 suo
509 537 550 573 ad
570 539 732 575 Acacium
742 534 912 579 Rescripto
934 533 1111 578 praeteriisse

230 589 323 624 hunc
333 590 374 624 de
385 589 494 625 Sancti
510 588 678 624 Athanasii
691 585 836 630 Epistola
856 584 1028 623 articulum
1041 607 1053 624 ,
1078 583 1112 616 δε

232 639 319 674 nihil
342 639 471 682 penitus
492 639 680 683 reposuisse.
707 637 803 672 Hinc
824 636 963 679 Joannes
975 632 1111 668 Patriar·

231 688 294 725 cha
314 688 409 725 illum
419 689 583 733 resumpsit
599 689 633 722 in
646 685 743 720 miffis
763 697 818 729 per
828 684 969 718 Paulum
984 683 1110 718 Emese-

230 751 314 777 num
328 739 456 773 litteris.
482 739 526 773 Et
545 748 622 775 tunc
632 736 777 780 Cyrillus
798 735 859 769 isia
876 733 1061 779 respondit.

253 792 258 796 ”
282 789 482 826 Vitiationis
503 789 613 822 seriem
635 788 773 831 exponit
793 786 829 819 in
851 786 952 829 prima
966 782 1108 828 Epistola

228 839 272 874 ad
284 839 465 876 Succeffum
478 837 703 880 Dio-Cesareae
713 836 747 870 in
759 835 876 870 Isauria
890 835 1108 879 Episcopum:

230 893 341 931 Neque
363 888 434 923 vero
456 887 533 920 illud
542 882 757 921 tua'saniiitas
768 892 881 930 ignoret
892 888 1000 919 Beatae
1009 894 1109 916 memo-

230 945 286 973 riae
297 941 418 974 Patrem
428 936 551 976 nostrum
571 935 758 977 Athanasium
770 960 781 976 ,
807 936 956 978 quondam
980 934 1106 970 Alexan-

229 989 350 1022 drinum
370 988 568 1030 Epifiopum,
594 997 658 1019 cum
678 994 734 1027 per
756 986 835 1017 idem
852 992 968 1027 tempus
982 982 1109 1025 quaestio-

230 1050 286 1072 nes
308 1038 454 1070 nonnullae
489 1044 676 1071 moverentur
697 1058 708 1073 ,
734 1033 895 1076 Epistolam
913 1032 1047 1079 scripsisse
1068 1033 1113 1065 ad

228 1087 401 1127 Epic‘letum
413 1083 630 1119 Corinthiorum
654 1082 831 1126 Episcopum
844 1109 854 1125 ,
881 1090 959 1120 omni
971 1083 1111 1117 rectorum

225 1136 397 1178 dogmatum
419 1134 570 1177 affatione
585 1135 724 1179 plenam,
753 1137 798 1166 Et
819 1138 888 1176 quia
908 1139 997 1166 etiam
1021 1144 1058 1166 ex
1075 1144 1111 1166 ea

227 1184 381 1225 Nestorius
392 1183 574 1227 arguebatur
587 1207 598 1223 ‚
623 1184 657 1217 (tt
666 1183 754 1218 reciae
761 1183 834 1227 fidei
845 1181 1013 1226 defensores
1026 1207 1036 1222 ,
1047 1193 1111 1215 cum

226 1245 293 1267 eam
315 1230 462 1278 legerent,
483 1233 698 1267 convincebant
719 1245 791 1272 eos,
819 1238 873 1274 qui
899 1232 1028 1272 Nestorii
1043 1230 1108 1274 sen-

227 1289 354 1318 tentiam
374 1283 647 1324 amplecffebantur,
672 1282 718 1314 illi
739 1281 985 1324 confutationibus
1010 1292 1049 1314 ex
1072 1292 1108 1314 ea

224 1335 356 1376 prolatis
378 1333 470 1375 vim,
498 1332 663 1366 machinati
679 1330 752 1374 sunt
755 1331 882 1377 facinus
895 1335 1106 1366 Haereticaim-

223 1389 340 1426 pietate
362 1383 553 1430 digniffimum
572 1407 579 1415 .
610 1382 816 1416 Adulter-atam
845 1392 975 1423 namque
994 1380 1109 1422 Episto-

226 1431 292 1467 lam
304 1432 480 1475 quibusdam
497 1429 662 1474 subtr-adlit
674 1454 686 1473 ‚
711 1432 859 1468 nonnullis
880 1430 1008 1472 aaljeelis
1018 1430 1116 1465 edide-

227 1491 301 1516 runt
313 1506 325 1522 ,
351 1477 396 1515 ut*
409 1483 459 1515 ille
480 1487 530 1514 vir
546 1480 762 1525 probatiffimus
780 1480 935 1523 consimilia
961 1480 1115 1521 Nestorio,

227 1530 347 1575 ejusque
366 1530 562 1567 Sellatoribus
581 1529 707 1575 sapuisse
718 1532 888 1568 videretur.
919 1535 1014 1574 Igitur
1025 1528 1116 1573 neces-

223 1580 432 1626 sariumfuit,
459 1592 495 1614 ne
505 1585 557 1623 qui
567 1580 628 1621 istic
637 1591 745 1622 quoque
761 1591 827 1617 eam
851 1580 1014 1621 Epistolam
1023 1591 1116 1613 corru-

224 1638 316 1674 ptam
335 1629 529 1672 proferrent,
556 1640 594 1664 ex
615 1630 720 1671 nostris
741 1630 958 1672 exemplaribus
968 1628 1115 1672 descripta

227 1689 293 1716 euae
312 1684 503 1717 Reverentiae
518 1685 612 1722 paria
631 1680 778 1721 destinare
795 1704 802 1712 .
828 1683 916 1713 Nam
932 1685 984 1714 vir
1005 1691 1115 1722 quoque

230 1729 458 1775 Religiofiffimus
467 1754 479 1770 ‚
505 1730 618 1766 Paulus
626 1728 837 1773 Emesenorum
847 1728 1029 1777 Episcopus,
1051 1731 1116 1764 Ale-

228 1782 395 1816 uandrmm
408 1785 534 1816 veniens
545 1804 556 1821 ,
582 1779 639 1814 bac
651 1781 687 1815 de
696 1791 729 1814 re
749 1786 824 1824 egit:
853 1783 885 1815 Ε
887 1789 901 1813 t
912 1783 977 1823 ejus
987 1779 1116 1822 Epistole

227 1831 405 1872 exemplar,
430 1831 513 1872 quod
529 1829 679 1870 babebat,
705 1829 917 1871 deprehensum
936 1830 975 1865 est
999 1830 1037 1862 ab
1049 1834 1116 1862 Hae-

229 1884 326 1913 voticis
331 1879 422 1922 fuiffe
432 1887 600 1920 corruptum
612 1890 647 1912 ac
659 1880 862 1921 depravatum
875 1903 881 1910 .
913 1883 1013 1921 1taque
1029 1886 1118 1920 popo·

228 1927 304 1971 scit,
328 1937 361 1962 ut
382 1939 419 1962 ex
442 1928 542 1969 nostris
553 1928 772 1971 exemplaribus
787 1927 937 1972 descripta
958 1934 1051 1971 paria
1062 1931 1118 1960 An-

229 1976 371 2013 tiochems
391 1980 598 2011 mitterentur.
626 1979 782 2022 Ejusdem
802 1978 986 2013 vitiationis
1008 1978 1119 2012 memi-

229 2027 283 2062 nit
303 2027 341 2061 in
364 2026 479 2063 litteris
503 2027 546 2061 ad
565 2027 719 2062 Faustum
740 2028 931 2063 Senatorem
954 2028 1119 2063 Trifolius

227 2076 400 2120 Presbyter
409 2077 567 2111 Romanae
578 2078 726 2111 Ecclefiae
737 2101 744 2108 .
774 2077 818 2110 Et
829 2077 864 2109 in
884 2074 1119 2111 Constantino-

228 2126 376 2170 politana
401 2125 595 2163 Collatione
609 2125 778 2169 Hypatius
791 2123 973 2170 Ephesinus
986 2124 1119 2168 Episco-

227 2187 290 2220 pus
309 2174 395 2212 dixit
416 2173 456 2210 ad
468 2176 659 2210 Severianos
673 2176 871 2219 Episcopos:
902 2177 968 2218 ‘Qui
979 2185 1044 2208 cum
1054 2179 1119 2210 Ne·

224 2225 312 2266 ssorio
327 2224 469 2268 sapiunt,
492 2223 688 2268 falsaverunt
712 2224 879 2266 Epistolam
904 2225 1008 2261 Saenffl
1028 2223 1118 2258 Atha-

227 2273 303 2315 nafii
314 2275 359 2307 ad
370 2274 539 2317 Epic‘letum
548 2298 560 2314 ,
580 2274 654 2317 ficut
667 2277 782 2308 Beatus
790 2276 916 2314 cyrillus
931 2297 942 2313 ,
958 2275 1053 2308 Beato
1058 2278 1090 2318 J
1093 2286 1120 2307 o-

228 2327 305 2358 anni
329 2323 519 2359 Antiochenae
541 2329 676 2358 civitatis
700 2322 846 2367 Episcopo
860 2323 995 2369 scribens
1023 2324 1119 2357 docuit

230 2385 285 2408 nos
298 2397 305 2404 .
332 2374 377 2408 Et
403 2372 482 2409 hinc
507 2373 697 2410 admiranda
708 2375 754 2408 est
768 2373 1120 2418 Acephalorumigno-

231 2422 338 2457 rantia
361 2431 419 2455 aut
439 2423 665 2464 impudentia,
690 2422 747 2464 qui
773 2422 1022 2465 Epistolamilla
1032 2422 1122 2455 dixe-

233 2479 312 2505 runt
332 2467 528 2513 displicuisse
549 2480 605 2505 aut
629 2471 724 2507 fuisse
743 2469 1120 2516 improbatamaSansto

233 2519 368 2563 Cyrillo
392 2544 399 2551 .
426 2520 621 2556 Nescierunt
641 2529 698 2554 aut
720 2520 897 2556 noluerunt
919 2520 1082 2565 integram
1102 2521 1120 2555 ὲ

234 2569 348 2604 vitiata
370 2568 550 2604 discernere
569 2593 577 2602 .
604 2568 672 2602 Eos
695 2569 730 2601 in
759 2570 817 2603 suo
838 2569 1013 2605 adversum
1046 2571 1121 2604 illos

233 2618 384 2663 Dialogo
407 2618 523 2658 docuit
542 2630 581 2653 ac
607 2617 723 2652 revicit
743 2616 921 2658 Rusticus,
948 2620 1122 2654 Diaconus

231 2667 395 2703 Romana:
415 2667 565 2705 Ecclesiae
577 2692 585 2701 .
613 2667 659 2703 Et
677 2667 757 2703 hinc
769 2666 859 2704 vides
870 2668 1030 2703 ratIonem
1042 2694 1052 2710 ‚
1078 2681 1118 2704 ex

232 2729 298 2762 qua
320 2717 506 2756 orientales
531 2717 684 2763 Episcopi
706 2742 718 2760 ,
743 2717 822 2754 ficet
853 2729 923 2753 non
956 2719 1120 2763 perfidiae,

232 2767 438 2805 Nestorianae
457 2778 568 2803 tamen
590 2769 730 2811 personae
749 2769 905 2805 Fautores
927 2793 938 2811 ,
965 2769 1116 2804 Sanctum

233 2817 401 2861 Cyrillum
427 2818 564 2852 urserint
585 2815 626 2853 ad
636 2817 858 2854 obediendum
881 2818 933 2853 isti
946 2818 1116 2863 Epistolae.

233 2867 280 2903 Et
292 2877 361 2902 non
371 2868 437 2902 fine
447 2869 551 2903 frustu
564 2869 707 2903 urserunt
717 2892 724 2902 .
750 2870 826 2904 Hae
844 2870 934 2904 euim
947 2870 1118 2905 occasione

234 2917 366 2952 fuerunt
378 2917 521 2953 instructi
536 2917 576 2953 de
588 2917 654 2953 hoc
666 2917 746 2953 vitio
757 2942 767 2960 ‚
795 2920 828 2955 &
839 2928 1031 2963 acceperunt
1043 2930 1116 2954 vera

235 2967 431 3010 exemplaria
443 2994 450 3001 .
478 2967 642 3014 Alioquin
664 2967 700 3003 δε
719 2967 817 3005 hodie
839 2981 900 3006 nos
912 2971 1046 3005 forsitan
1058 2970 1119 3004 hae·

236 3025 377 3051 feremus
387 3018 421 3052 δε
431 3018 658 3062 cespitaremus
678 3019 714 3055 in
732 3019 803 3056 luto
813 3020 903 3057 istius
913 3020 1115 3065 imposturae.

1892 222 1984 270 177

1402 406 1669 458 CAPUT
1704 409 1825 459 LIV.
1906 430 2046 476 —-142

1172 596 1343 666 Epistola
1371 597 1606 658 Alexandri,
1633 598 1792 647 Andreae
1806 636 1819 661 ,
1844 603 1903 646 (9⁴
1926 599 2051 649 Theo-

1242 666 1355 717 doreti
1379 703 1393 726 ‚
1427 665 1692 737 Epssoporum
1716 707 1730 731 ,
1766 671 1818 717 ad
1843 668 1982 719 Hella-

1312 735 1415 782 dium
1458 737 1604 803 Tharfi
1640 737 1867 809 Epifiopum
1892 777 1907 804 ‚

1416 805 1520 869 ficut
1548 807 1672 874 posuit
1720 813 1797 860 Ire.

1235 1024 1368 1061 Cientes
1384 1036 1541 1071 quantam
1563 1039 1674 1064 curam
1699 1053 1711 1071 ,
1736 1031 2055 1080 sollicitudinemque

1259 1086 1313 1110 tua
1324 1077 1480 1113 Sanctitas
1503 1078 1639 1120 habeat,
1668 1082 1878 1117 necessarium
1901 1084 2057 1121 duximus

1175 1125 1317 1161 indicare
1337 1152 1348 1168 ,
1374 1128 1451 1171 quia
1473 1129 1668 1165 intravimus
1697 1129 1914 1166 Antiochiam
1936 1144 2056 1167 convo-

1175 1177 1238 1210 cati
1260 1200 1272 1216 ,
1297 1175 1332 1209 &
1352 1178 1538 1213 invenimus
1563 1191 1618 1224 per
1643 1181 1803 1216 Divinam
1824 1182 1962 1226 gratiam
1986 1194 2057 1218 non

1176 1237 1247 1259 vera
1273 1228 1360 1267 esse,
1387 1239 1457 1275 quae
1468 1230 1596 1264 fuerant
1619 1230 1808 1267 diffamata:
1837 1232 1882 1267 Et
1907 1233 2060 1268 inimico-

1174 1286 1246 1309 rum
1259 1276 1401 1312 veritaris
1413 1279 1604 1322 superfluam
1618 1281 1864 1324 verbositatem,
1889 1283 1922 1318 &
1936 1283 2061 1319 araneis

1175 1324 1327 1360 similem.
1354 1327 1525 1363 Habentes
1537 1331 1636 1375 igitur
1647 1332 1687 1366 de
1699 1331 1771 1374 his,
1793 1345 1864 1377 quae
1879 1335 2061 1378 suntagen·

1175 1374 1216 1409 da
1226 1400 1237 1415 ,
1264 1375 1456 1413 Concilium
1467 1403 1479 1420 ,
1504 1380 1537 1416 &
1559 1383 1722 1417 intuentes
1735 1407 1746 1425 ,
1758 1384 1832 1428 quia
1846 1384 1931 1419 salva
1943 1386 2063 1431 pietate

1175 1425 1274 1459 etiarn
1286 1425 1328 1461 de
1339 1439 1418 1470 pace
1427 1442 1578 1473 oporteat
1588 1431 1733 1476 cogitare
1745 1458 1757 1475 ‚
1782 1434 1934 1477 quasdam
1945 1445 2062 1479 propo-

1176 1476 1307 1511 sitiones
1327 1478 1525 1521 direximus,
1551 1481 1583 1516 &
1596 1493 1700 1518 rerum
1719 1485 1963 1528 composuimus
1985 1494 2062 1518 mo-

1176 1525 1259 1567 dos,
1285 1538 1322 1561 ut
1342 1528 1363 1562 si
1376 1530 1508 1572 quidem
1521 1532 1714 1575 susceperint
1738 1544 1836 1568 unam
1850 1544 1959 1567 earum
1976 1558 1986 1574 ,
2013 1535 2063 1567 su-

1176 1576 1346 1619 scipiamus
1371 1590 1427 1613 eos
1453 1580 1489 1613 in
1514 1584 1813 1623 communionem,
1840 1595 1907 1617 non
1928 1583 2067 1616 consen-

1177 1627 1293 1661 tientes
1306 1627 1377 1668 his‚
1405 1640 1472 1672 quae
1550 1642 1596 1664 tra
1608 1632 1838 1668 sanaiffimum
1861 1631 2062 1675 Episcopum

1177 1674 1368 1711 Nestorium
1381 1678 1423 1711 ab
1433 1680 1478 1712 eis
1508 1682 1576 1713 'acta
1588 1681 1683 1721 sunt,
1712 1681 1765 1715 sed
1789 1682 1894 1724 ipsum
1907 1682 2063 1725 quidem,

1176 1725 1254 1760 ficut
1280 1725 1454 1763 habuimus
1476 1753 1487 1769 ‚
1516 1729 1709 1765 habeamus.
1744 1731 1841 1766 Alios
1869 1732 1945 1766 vero
1967 1757 1977 1772 ,
2004 1732 2064 1776 qui

1177 1777 1301 1811 nostras
1321 1777 1565 1822 propositiones
1590 1782 1784 1822 susceperint
1810 1806 1821 1821 ,
1854 1782 2063 1824 suscipiamus

1178 1825 1219 1861 ad
1230 1829 1502 1862 communionem
1513 1839 1573 1871 pro
1586 1829 1737 1864 Ecclefiae
1748 1841 1826 1872 pace
1839 1855 1846 1862 .
1872 1830 2062 1865 Direximus

1179 1876 1253 1908 vero
1273 1874 1515 1919 Propositiones
1538 1877 1618 1920 ipsas
1631 1901 1641 1917 ,
1666 1888 1703 1912 ut
1721 1882 1876 1923 agnoscat
1889 1880 2062 1925 Religiosi-

1179 1932 1226 1959 tas
1239 1933 1295 1958 tua
1307 1949 1318 1964 ,
1345 1926 1421 1970 quia
1442 1938 1510 1960 non
1531 1928 1737 1972 negleximus
1748 1930 1916 1973 Dogmata
1930 1930 2036 1964 nostra
2049 1954 2060 1971 ,

1179 1973 1233 2007 sed
1245 1984 1355 2008 curam
1365 1975 1502 2012 fecimus
1514 1988 1752 2020 competentem
1761 2002 1768 2009 .
1793 1978 1848 2012 Ut
1862 1980 1937 2012 vero
1947 1981 1982 2013 δε
1995 1978 2061 2013 hoc

1178 2033 1241 2057 tuae
1266 2023 1487 2067 Religiofitati
1517 2027 1727 2062 manifestum
1752 2028 1909 2062 faciamus
1933 2054 1945 2069 ,
1979 2029 2061 2064 scito

1179 2072 1327 2107 Domine
1350 2073 1425 2106 Deo
1447 2073 1654 2111 Amiciflime
1678 2101 1688 2116 ,
1715 2078 1791 2120 quia
1813 2089 1874 2112 nos
1898 2080 1999 2121 usque
2019 2077 2061 2113 ad

1178 2131 1317 2155 mortem
1328 2133 1387 2165 pro
1398 2122 1520 2167 pietate
1532 2126 1726 2170 persistimus
1737 2152 1748 2168 ‚
1775 2127 1980 2163 vindicantes
1989 2140 2061 2169 eos,

1178 2172 1235 2215 qui
1257 2171 1355 2205 nobis
1374 2174 1535 2207 commissi
1558 2177 1650 2214 sunt,
1677 2178 1817 2221 Greges.
1848 2178 1942 2212 Prius
1961 2191 2061 2223 quam

1179 2220 1294 2263 scripta
1316 2221 1361 2255 est
1376 2221 1542 2264 Epistola,
1574 2224 1697 2267 placuit
1710 2236 1745 2260 ut
1770 2238 1834 2260 una
1849 2228 1904 2260 sex
1915 2228 2062 2272 Proposi-

1179 2269 1308 2304 tionum
1319 2294 1330 2311 ,
1355 2282 1425 2314 quae
1438 2272 1636 2308 vivaciffima
1647 2275 1692 2310 est
1703 2300 1714 2316 ,
1731 2276 1981 2321 &Dogmatum
1992 2279 2061 2312 col-

1179 2319 1354 2354 lestionem
1368 2330 1458 2356 tenet
1471 2346 1483 2365 ‚
1508 2334 1741 2367 proponeretur
1762 2326 1808 2360 eis
1822 2338 1898 2361 cum
1911 2328 2060 2372 Epistola

1180 2368 1358 2403 Beatissimi
1384 2372 1418 2405 δε
1436 2373 1624 2407 Sanuiffimi
1645 2374 1839 2418 Athanasii,
1866 2378 2060 2413 Alexandri-

1180 2428 1299 2451 norum
1320 2418 1474 2454 Civitatis
1496 2421 1650 2466 Episcopi
1673 2448 1684 2463 ,
1711 2436 1780 2466 quae
1806 2428 1920 2469 scripta
1948 2428 1992 2461 est
2017 2428 2060 2463 ad

1181 2466 1416 2504 Sanc‘tiffimum
1438 2470 1624 2514 Epidierum
1649 2473 1805 2509 Corinthi
1827 2477 2025 2519 Episcopum
2044 2503 2057 2520 ‚

1181 2527 1280 2561 quam
1301 2528 1452 2561 putamus
1472 2518 1590 2556 habere
1602 2534 1692 2558 tuam
1706 2534 1837 2568 quoque
1852 2526 2060 2571 Religiofita-

1181 2577 1271 2607 tem,
1296 2578 1393 2610 quam
1413 2570 1559 2603 resistens
1576 2571 1773 2614 Apollinarii
1793 2576 1912 2608 Haerefi
1937 2577 2059 2621 scripsit

1181 2617 1399 2652 Sanaiffimus
1408 2619 1573 2662 praeditstus
1586 2620 1788 2666 Episcopus,
1816 2625 1941 2670 integre
1960 2626 2058 2670 atque

1180 2665 1336 2702 subtiliter
1349 2667 1576 2712 Apostolicam
1599 2671 1777 2707 doctrinam
1797 2686 1984 2719 exponens.
2012 2677 2058 2711 Et

1179 2716 1316 2761 incipit:
1344 2723 1440 2752 Rarus
1452 2731 1487 2753 ea
1498 2744 1509 2760 ,
1534 2732 1601 2764 quae
1611 2722 1738 2764 expofita
1745 2722 1817 2767 sunt
1828 2727 1848 2759 ci
1868 2725 1984 2760 sanein
1996 2729 2056 2762 Pa-

1179 2766 1274 2803 tribus
1286 2791 1298 2809 ‚
1323 2776 1374 2814 qui
1391 2773 1426 2804 N
1429 2775 1532 2804 icaeam
1543 2781 1741 2807 convenerunt
1751 2799 1758 2807 .

1365 2926 1852 2977 ScuoLroN.

1177 3066 1419 3154 IMperatoris
1439 3071 1624 3109 Theodosii
1646 3074 1730 3110 circa
1758 3075 1973 3112 Ecclesiarum
2001 3089 2053 3122 pa·

1248 3131 1319 3155 cem
1342 3123 1494 3159 voluntas
1512 3135 1549 3158 ac
1560 3124 1723 3166 Decreta,
1750 3126 2053 3170 Constantinopoli-

1177 3180 1252 3205 tana
1263 3170 1462 3208 Maximiani
1473 3173 1624 3218 Synodus
1636 3199 1647 3215 ,
1673 3175 1779 3210 Sanfli
1796 3177 2053 3213 CelestiniPou-

1176 3220 1272 3257 tificis
1294 3222 1472 3267 judicium,
1499 3223 1655 3258 Aristolai
1677 3224 1867 3262 Tribuniin
1878 3229 2050 3263 Orientem

1177 3269 1332 3308 adventus
1342 3299 1353 3316 ‚
1365 3273 1498 3318 Joannis
1517 3272 1719 3310 Antiocheni
1730 3288 1805 3313 cum
1816 3279 1962 3323 pauculis
1975 3278 2049 3320 Epi-

1180 3321 1279 3364 scopis
1299 3348 1310 3365 ,
1337 3324 1453 3367 partim
1473 3324 1558 3367 apud
1586 3324 1766 3361 Berrhaeam
1787 3353 1797 3369 ,
1824 3330 1940 3373 partim
1964 3325 2046 3369 apud

1179 3369 1390 3411 Antiochiam
1403 3398 1415 3416 ‚
1441 3374 1637 3413 secretoasta
1648 3376 1823 3422 synodus,
1844 3380 1971 3421 aliaque
1984 3375 2047 3409 huc

1936 3427 2000 3469 spe-
