2320 3730
574 201 872 255 Sc'norns,
914 212 975 242 ετ
1010 188 1201 239 Nous
1236 207 1626 241 urusrrmrzs.

190 290 294 323 Talem
315 283 499 322 adit-acibus
525 281 613 324 irrisa
624 283 757 316 columna
776 282 913 324 frullum
939 278 1064 317 edebat,

191 347 312 372 ramum
320 338 443 367 Divinae
453 339 620 378 cognitionis
631 335 751 366 radium
763 332 966 365 Barbarorum
985 339 1066 362 men-

193 389 270 422 tibus
279 384 457 426 infundebat
470 410 476 416 .
505 384 628 417 Eadem
641 383 764 416 Divina
777 380 987 416 Providentia
998 378 1064 413 alio

191 435 305 473 &aiio
329 445 493 479 tempore,
518 433 559 467 ad
570 433 652 467 alios
677 433 711 466 &
730 433 812 466 alios
832 432 962 465 effectus
974 453 985 469 ,
1012 439 1068 461 no·

192 486 242 524 bis
268 485 424 519 excitavit
445 484 604 526 regulares
623 483 756 516 ordines
772 481 878 516 Sansti
901 478 1069 516 Antonii,

192 534 386 574 Pachomii‚
414 534 524 568 Bafilii
541 558 552 574 ,
578 532 777 577 Augustini,
800 527 1068 567 Benedisti,Ro-

191 585 319 621 mualdi
331 610 342 625 ,
368 583 523 618 Bernardi
535 607 545 623 ‚
571 582 726 617 Norberti
738 579 934 618 ,Dominici
947 603 957 618 ,
969 577 1068 611 Fran-

192 635 270 669 cisci
280 657 292 677 2
316 646 353 668 ac
366 635 523 668 aliorum.
550 633 598 667 Ita
609 633 687 666 facit
700 630 873 665 Ecclefiam
894 630 956 663 effe
970 626 1070 671 Regi-

192 696 273 720 nam
284 684 560 718 circumamictam
571 681 794 716 varietatibus.

246 733 480 768 Theodoretus
491 734 560 778 post
574 731 657 766 varia
667 731 772 775 pergit
781 744 792 763 .-
820 733 887 774 Ego
898 738 997 763 autem
1006 730 1071 769 ejics

192 793 269 819 ante
287 783 351 818 baec
375 790 473 817 omnia
497 785 627 817 admiror
647 779 841 820 constantiam
862 805 868 811 .
896 783 954 813 Per
974 778 1068 812 noiies

194 839 277 868 enim
302 835 336 867 (Ὗ
354 836 419 868 dies
426 833 487 874 stat
506 838 539 865 in
563 835 691 865 omnium
713 833 810 864 oculis.
840 830 970 864 Foribus
992 833 1071 862 enim

196 883 334 923 ablatis,
360 888 490 924 murique
513 882 641 923 disjec‘la
660 889 750 923 parte
771 892 827 914 non
850 886 973 913 minima
989 904 1000 919 ‚
1025 889 1075 911 no-

196 944 273 967 vum
282 932 415 966 omnibus
441 934 475 966 Θ·
479 932 655 974 stupendum
661 931 858 974 speclaculum
873 934 1046 972 proponitur
1058 939 1070 960 .-

196 988 294 1018 ‚Nunc
303 984 423 1025 quidem
434 983 517 1025 longo
523 982 610 1021 stans
624 989 748 1022 tempore
765 1004 776 1019 ‚
803 990 880 1012 nunc
896 978 1021 1022 subinde
1042 975 1074 1019 se

196 1033 353 1071 inflec‘lms
363 1055 375 1071 ‚
400 1037 464 1064 Deo
472 1027 674 1063 adorationem
686 1029 806 1070 offire-ns
819 1053 825 1060 .
854 1033 893 1062 Ac
903 1030 991 1063 multi
1003 1026 1076 1071 sane*

199 1080 380 1120 adstantium
397 1080 586 1113 adorationes
607 1078 677 1119 istas
695 1087 886 1113 enumerant.
912 1080 1006 1112 Semel
1027 1088 1078 1111 au-

200 1137 260 1164 tem
270 1129 392 1171 quidam
402 1139 440 1162 ex
451 1134 490 1162 iis
501 1154 512 1171 ‚
539 1134 591 1172 qui
600 1140 708 1162 mecum
718 1138 809 1163 erant
819 1154 829 1170 ‚
856 1140 919 1162 cum
930 1129 1008 1162 mille
1021 1128 1079 1160 du-

197 1188 301 1214 centas
321 1179 523 1222 quadraginta
548 1188 675 1222 quatuor
686 1179 892 1222 enumerasset,
911 1178 1005 1222 sessus
1027 1186 1082 1219 po-

198 1229 260 1272 stea
270 1239 438 1264 enumerare
447 1229 555 1269 destitit
567 1255 574 1261 .
601 1231 719 1270 Semper
739 1238 839 1261 autem
861 1239 924 1261 cum
939 1227 974 1270 se
993 1228 1079 1260 incli⁴

199 1278 297 1312 nabat
308 1302 319 1318 ‚
344 1279 390 1311 ad
394 1279 503 1320 pedum
517 1277 607 1321 usque
618 1280 726 1321 digitos
730 1277 866 1319 frontem
878 1276 1062 1310 admovebat
1072 1299 1079 1306 .

197 1327 248 1363 Et
270 1327 341 1371 post
353 1328 500 1371 quaedam
513 1342 525 1361 .·
551 1332 587 1360 ln
594 1327 721 1370 publicis
731 1337 829 1361 autem
845 1324 1080 1370 solemnitatibus

201 1378 289 1412 aliud
305 1383 396 1411 etiam
416 1377 582 1416 constantia·
599 1376 745 1419 specimen
765 1377 899 1419 praebet.
929 1376 995 1418 Post
1006 1377 1079 1410 Solis

200 1433 283 1464 enim
292 1425 419 1469 occasum
430 1450 440 1467 ‚
467 1428 568 1469 quoad
575 1428 653 1460 idem
663 1424 764 1469 rursus
776 1428 819 1459 ad
829 1426 1008 1460 horizontem
1032 1437 1082 1459 ve-

200 1482 271 1511 niat
284 1478 463 1510 orientalem
473 1501 484 1516 ,
511 1476 649 1509 manibus
662 1482 695 1510 in
704 1478 803 1510 calum
814 1475 938 1517 extensis
941 1476 1004 1517 stat
1022 1483 1084 1509 tota

201 1526 309 1566 ποθι,
335 1536 386 1560 nec
400 1524 513 1568 sommo
523 1531 591 1568 capi
607 1524 642 1568 se
659 1525 782 1567 sinens,
808 1538 860 1560 nec
870 1526 967 1561 labore
985 1531 1084 1560 vinci.

200 1581 245 1611 In
254 1581 351 1610 tantis
373 1583 471 1609 autem
494 1575 640 1608 laboribus
666 1587 701 1608 ac
721 1581 896 1619 egregiorum
911 1577 1083 1618 facinorum

200 1626 404 1668 amplitudine
428 1627 462 1659 6
483 1627 686 1659 miraculorum
704 1624 881 1668 frequentia
895 1650 906 1666 ,
932 1635 1022 1659 tanta
1047 1624 1084 1665 est

204 1677 272 1717 ejus
281 1679 375 1709 animi
385 1676 543 1709 moderatio
553 1701 563 1717 ,
589 1674 657 1717 erc-fi
665 1681 794 1709 omnium
805 1676 953 1710 bominum
965 1677 1029 1719 effet
1041 1681 1085 1709 in-

204 1725 298 1768 fimus
310 1749 317 1756 .
345 1727 463 1759 Preter
473 1725 639 1766 modestiam
650 1728 719 1760 vero
732 1726 769 1766 est
795 1728 828 1760 &
850 1729 936 1760 adira
951 1726 1059 1768 facilis
1074 1751 1084 1768 ,

206 1777 244 1810 ό·
253 1772 384 1815 affabilis
398 1799 409 1815 ‚
435 1787 470 1809 ac
476 1775 586 1819 suavis
597 1801 607 1817 ,
633 1781 788 1819 unicuique
799 1789 897 1811 eorum
907 1776 1085 1820 respondens

205 1831 261 1868 qui
271 1827 448 1867 loquuntur,
469 1825 533 1866 five
545 1827 648 1868 epifi-x
672 1827 713 1868 fit
728 1851 738 1866 ,
758 1827 821 1868 sive
834 1829 984 1861 mendicus
995 1852 1005 1868 ‚
1026 1826 1090 1867 five

207 1873 375 1914 rusticanus
389 1899 396 1906 .
422 1876 574 1908 Doetrtnae
584 1887 692 1919 quoque
702 1878 812 1909 donum
823 1878 843 1908 ἃ
853 1877 968 1910 liberali
989 1880 1089 1910 Domi·

209 1935 250 1957 no
258 1928 368 1965 accepit
385 1937 396 1956 .·
419 1927 450 1956 E
453 1932 466 1956 t
476 1924 524 1957 bis
536 1927 665 1967 quotidie
676 1925 896 1960 exhortationes
908 1925 1020 1960 babens
1039 1937 1089 1959 au-

209 1974 359 2007 dientium
372 1985 458 2006 aures
467 1979 576 2017 irrigat
585 2000 596 2015 ,
614 1974 692 2017 scite*
703 1976 864 2009 admodum
874 1977 1012 2018 differem
1024 2001 1034 2017 ‚
1056 1978 1090 2011 o·

209 2026 322 2056 Divini
338 2026 358 2056 5
354 2028 468 2065 piritus
489 2025 662 2058 documenta
682 2024 824 2059 exbibens
839 2050 850 2065 ,
869 2025 1035 2067 jubensque
1058 2031 1090 2057 in

210 2074 316 2107 coelum
325 2071 462 2115 respicere
487 2075 522 2107 (τ’
532 2076 652 2108 evolare
661 2098 673 2114 ‚
698 2083 787 2115 atque
799 2076 819 2105 a
830 2082 910 2106 terra
922 2072 1069 2116 discedere
1079 2097 1089 2113 ,

203 2125 248 2156 ’ὁ
261 2133 381 2165 regnum
389 2123 467 2164 quod
474 2121 663 2165 exspoliatur
672 2127 846 2167 cogitatione
861 2122 982 2166 versare
997 2146 1005 2155 .
1031 2124 1091 2156 Sed

207 2173 247 2207 ό·
249 2173 438 2212 judicantem
454 2183 564 2214 quoque
586 2174 669 2206 illum
681 2175 784 2207 videre
794 2172 831 2212 est
843 2197 853 2213 ,
878 2171 1029 2216 ret‘lasque
1056 2174 1089 2207 (θ’

200 2221 300 2264 ‚iustas
309 2221 504 2262 proferentem
511 2219 679 2263 finientias
691 2247 698 2254 .
727 2223 905 2255 Sanc‘larum
932 2228 1022 2262 etiam
1033 2226 1090 2256 Ec-

206 2269 355 2312 clefiarum
360 2270 585 2311 providentiam
611 2283 668 2304 non
680 2273 824 2315 negligit,
851 2283 926 2305 nunc
948 2279 1090 2316 pugnans

208 2327 311 2356 contra
325 2320 480 2364 gentilium
492 2325 693 2363 impietatem,
723 2333 799 2355 nunc
804 2323 835 2364 J
837 2322 985 2356 udaeorum
1002 2322 1092 2364 fran-

205 2381 282 2414 gens
294 2374 504 2403 contumaciam
514 2394 525 2410 ,
552 2382 628 2404 nunc
639 2376 846 2405 Haereticorum
869 2372 975 2405 turbas
992 2372 1093 2413 profli-

206 2430 310 2462 gans,
334 2426 422 2459 atque
438 2420 589 2450 interdum
610 2421 656 2451 ad
678 2425 887 2460 Imperatorem
909 2422 945 2453 de
956 2420 1003 2452 bis
1027 2426 1096 2452 mit-

211 2478 280 2501 tens
291 2468 410 2500 litteras
422 2490 433 2506 ,
459 2468 607 2500 interdum
618 2467 760 2509 Praefides
778 2470 821 2501 ad
831 2472 978 2502 Divinum
990 2470 1095 2502 Zelum

210 2522 353 2551 excitans
367 2539 378 2555 ,
402 2513 480 2557 iplbs
505 2522 595 2549 etiam
621 2517 815 2558 Ecclefiarum
841 2518 973 2558 Pastores
998 2520 1096 2552 admo·

211 2578 310 2605 nens,
338 2574 373 2598 ut
383 2563 499 2607 ficorum
515 2568 645 2608 Gregum
674 2568 817 2605 majorem
839 2578 940 2600 curam
960 2578 1071 2611 gerant
1086 2594 1093 2601 .

209 2614 321 2652 Addit
333 2615 433 2648 etiam
443 2612 616 2657 prophetiae
634 2614 726 2650 dono
752 2616 786 2649 &
813 2616 905 2650 omni
918 2619 1094 2660 gratiarum

211 2675 332 2710 genere
344 2662 436 2698 fuiffe
447 2664 724 2708 opulentiffimum
736 2689 748 2705 ,
767 2665 802 2700 ὅ(
812 2665 982 2701 concludit
995 2680 1002 2699 z
1029 2670 1096 2701 Haec

202 2717 299 2758 *porro
311 2715 342 2747 eo
348 2712 451 2757 ftripfi
459 2738 470 2755 ‚
495 2723 528 2746 ut
538 2726 576 2748 ex
585 2724 675 2757 gutta
683 2716 824 2758 pluviam
835 2715 1011 2756 ostenderem
1020 2740 1030 2755 ,
1062 2720 1095 2752 (a

214 2766 281 2798 allis
304 2768 355 2806 qui
374 2763 437 2796 baec
457 2762 636 2805 leHurisunt
650 2789 661 2805 ,
686 2767 777 2810 digito
802 2767 898 2800 indice
913 2767 1094 2808 praeferrem

214 2814 311 2847 mellis
323 2813 503 2847 dulcedinem
520 2838 527 2845 .
555 2813 599 2847 Et
620 2814 750 2858 quidem
774 2815 1009 2851 Theodoretus
1029 2816 1095 2850 haec

213 2862 357 2906 scripsit,
382 2863 462 2896 dum
484 2863 619 2897 Simeon
645 2862 752 2899 adhuc
777 2867 919 2908 viveret,
946 2867 1095 2909 quotidie

211 2914 403 2947 crescensin
414 2911 588 2947 virtutibus
615 2924 652 2947 ac
664 2914 825 2950 miraculis
839 2942 846 2949 .

265 2962 318 2995 Ex
338 2961 389 2996 his
401 2962 509 3007 aliqua
529 2963 703 2998 docemur.
731 2965 865 3007 Primo,
893 2968 981 3011 quod
1004 2966 1094 3001 Ana-

212 3010 382 3045 ehoretica
403 3013 496 3055 super
508 3013 696 3049 columnam
712 3015 778 3050 vita
789 3016 830 3051 ab
855 3016 920 3053 hoc
941 3018 1094 3052 Simeone

215 3060 317 3095 ducat
339 3060 510 3096 exordium
531 3087 538 3094 .
567 3064 718 3099 Secundo
735 3088 746 3104 ‚
773 3067 861 3110 quod
884 3068 978 3103 istam
1007 3068 1094 3102 Ana·

218 3109 374 3144 chorefim
386 3121 454 3145 non
466 3111 668 3148 inchoaverit
680 3139 691 3155 ,
718 3115 775 3148 nisi
788 3116 858 3160 post
870 3118 1033 3162 expletam
1060 3119 1093 3151 &

217 3160 409 3203 acquisitam
432 3171 566 3195 ornnem
587 3164 813 3205 perfectionem
835 3167 908 3201 vitae
927 3168 1095 3209 coenobiti-

218 3223 262 3245 cae
273 3235 280 3242 .
306 3210 356 3244 lta
367 3208 456 3244 enim
468 3210 508 3244 de
520 3211 672 3247 adscensu
684 3213 724 3248 ad
742 3218 892 3259 quamvis
904 3217 1095 3253 Anachore-

218 3262 257 3294 fis
267 3261 405 3303 >speciem
419 3260 576 3294 mandant
584 3262 669 3296 Sacri
679 3264 848 3307 canones,
874 3266 1008 3302 Parrum
1019 3269 1094 3302 San-

218 3310 343 3344 aiones
354 3334 365 3349 ‚
383 3310 416 3343 &
428 3310 566 3353 antiquae
576 3312 819 3349 Monachorum
831 3317 983 3362 Regulae.
1011 3318 1094 3352 Ter.

216 3361 291 3403 tio,
319 3360 408 3402 quod
423 3360 481 3394 ista
502 3361 675 3397 novitasin
691 3364 749 3397 suo
772 3365 907 3402 exordio
919 3370 1037 3404 multas
1062 3369 1095 3402 &

314 3413 344 3443 C
346 3407 422 3451 brist.
437 3414 516 3455 Lupi
528 3415 626 3455 Opera
638 3416 672 3446 T.
680 3415 744 3447 VH.

1845 219 1859 248 1
1872 217 1902 264 7
1913 221 1930 249 1

1129 286 1241 320 graves
1261 277 1531 314 contradictiones
1558 291 1595 313 ac
1615 278 1827 317 detractiones
1852 284 2006 321 sustinuess

1131 328 1189 360 rit.
1220 328 1263 362 Et
1285 340 1351 363 non
1374 331 1481 374 potuit
1496 341 1562 365 non
1577 329 1743 363 sustinere.
1771 331 1859 366 Nam
1885 337 2005 371 &San-

1131 378 1198 410 ‹Sius
1221 379 1418 414 Dominicus
1450 380 1605 415 loricatus
1630 404 1640 421 ,
1666 378 1745 412 dum
1772 380 1888 416 suimet
1912 385 2006 427 ipsius

1131 428 1256 470 propria
1268 440 1367 464 manu
1380 430 1634 475 flagellationem
1647 429 1797 469 induxit,
1818 430 1880 464 fuit
1893 433 2008 469 iisdem

1132 476 1313 512 obnoxius.
1343 480 1386 513 Et
1404 481 1482 514 dum
1496 482 1629 514 Sanetus
1641 480 1862 520 Dominicus‚
1889 481 2011 516 &San-

1133 528 1199 560 stus
1220 529 1408 564 Franciscus
1430 531 1630 575 Religiosam
1658 529 1904 568 mendicitatem
1926 556 1937 571 ‚
1963 541 2010 565 at·

1133 587 1194 617 que
1206 578 1249 611 ita
1260 580 1487 614 omnimodam
1501 579 1769 615 monasteriorum
1789 590 2011 624 paupertatem

1134 625 1331 663 inchoarunt
1343 654 1353 669 ,
1380 629 1398 662 a
1409 630 1559 675 malignis
1571 630 1790 673 quorumdam
1800 629 1923 675 linguis
1946 631 2017 664 fue-

1134 684 1204 708 rant
1224 677 1307 711 adeo
1330 681 1460 721 percussi
1481 705 1491 720 ,
1517 690 1554 714 ut
1575 681 1676 724 aliqui
1698 691 1767 714 non
1790 681 2014 714 erubescerent

1135 724 1219 768 apud
1231 727 1384 760 Sanctum
1396 728 1624 772 Engilbertum
1637 730 1873 765 coloniensem
1895 728 2017 764 Archi-

1137 774 1331 818 Episcopum
1345 777 1471 810 effutire
1483 802 1494 818 ,
1524 781 1611 821 quod
1632 781 1686 823 ipsi
1698 781 1798 815 essent
1818 781 1871 814 isti
1883 790 2020 824 praecur-

1136 825 1219 873 sores
1242 823 1465 866 Antichristi,
1494 837 1574 870 quos
1595 831 1740 870 praedixit
1764 830 1877 865 Sancta
1901 830 2017 864 Hilde-

1136 873 1243 919 gardis
1267 901 1273 908 .
1301 875 1429 910 Verum
1454 875 1504 909 uti
1529 877 1696 911 Loricatus
1722 880 1920 915 Dominicus
1942 881 2021 914 San.

1137 927 1222 959 stum
1234 924 1366 960 Petrum
1379 926 1535 975 Damiani
1549 950 1560 966 ,
1587 925 1631 960 ita
1660 927 1792 962 Simeon
1805 930 1937 974 Stylites
1960 928 2020 964 Pa-

1138 986 1270 1009 tronum
1297 987 1335 1010 ae
1349 975 1591 1010 Encomiastem
1612 976 1735 1019 accepit
1747 975 1998 1014 Theodoretum
2013 1004 2022 1012 .

1141 1025 1182 1060 Et
1194 1024 1270 1060 hinc
1282 1026 1413 1060 forsitan
1424 1026 1533 1060 evenit
1545 1038 1559 1067 ,¹
1586 1026 1676 1068 quod
1687 1037 1801 1060 omnes
1812 1027 1869 1060 suo
1881 1029 2024 1062 ministe-

1141 1076 1189 1109 rio
1214 1084 1270 1109 aut
1283 1075 1433 1120 exemplo
1445 1077 1615 1110 conversos
1628 1099 1639 1116 ,
1666 1073 1815 1109 infideles
1837 1088 1875 1110 ac
1894 1077 2026 1118 fideles,

1141 1126 1354 1169 baptizandos
1381 1136 1436 1160 aut
1458 1123 1700 1161 benedicendos
1719 1124 1760 1159 ad
1772 1124 2029 1159 Theodoretum

1143 1177 1284 1210 mitteret
1293 1202 1300 1208 .
1330 1177 1375 1210 Et
1386 1176 1585 1220 quandoque
1596 1184 1686 1210 tanta
1698 1176 1824 1209 accesfit
1836 1174 2030 1214 multitudo,

1144 1236 1179 1259 ut
1200 1226 1241 1259 ab
1266 1227 1332 1269 ipsa
1348 1226 1565 1270 undequaque
1588 1227 1782 1269 compressus
1796 1224 2032 1261 Theodoretus

1143 1276 1240 1309 fuerit
1267 1275 1365 1309 ferme
1391 1279 1554 1320 oppressus
1580 1289 1618 1311 ac
1645 1276 1828 1311 extinctus.
1874 1274 2033 1322 Qarto,

1145 1325 1232 1369 quod
1245 1324 1399 1360 columna
1418 1325 1618 1369 pedetentim
1643 1327 1799 1361 creverit.
1829 1326 1938 1360 Prima
1965 1333 2034 1359 erat

1146 1376 1197 1409 sex
1220 1374 1392 1410 dumtaxat
1415 1375 1622 1411 cubitorum:
1650 1376 1807 1410 Excrevit
1829 1376 1965 1410 tandem
1988 1374 2038 1408 us³

1145 1437 1207 1470 que
1222 1425 1262 1459 ad
1277 1426 1331 1459 sex
1358 1427 1393 1460 δε
1416 1426 1573 1471 triginta.
1600 1426 1756 1474 Qinffi,
1782 1426 1870 1468 quod
1884 1425 2037 1460 videatur

1145 1475 1238 1510 fuisse
1250 1487 1292 1510 ex
1303 1474 1411 1510 trabe.
1439 1477 1518 1511 Hoc
1542 1477 1676 1511 suadent
1690 1475 1804 1510 verba:
1832 1477 1922 1508 Caedi
1939 1475 2035 1516 juffit.

1147 1524 1247 1560 Sexto
1260 1550 1270 1566 ,
1280 1526 1368 1569 quod
1381 1524 1486 1570 primo
1498 1538 1627 1560 murum
1638 1526 1862 1560 includentem
1878 1523 2038 1564 habuerit,

1147 1588 1185 1610 ac-
1197 1577 1231 1610 in
1245 1576 1314 1619 ipso
1328 1586 1454 1620 portam
1466 1601 1474 1609 .
1502 1576 1600 1611 Illum
1613 1576 1734 1619 dejecit
1746 1575 1928 1610 multitudo
1946 1584 2035 1607 acee-

1155 1625 1305 1660 dentium
1317 1652 1324 1659 .

1197 1676 1355 1712 Notanda
1369 1678 1443 1712 sunt
1456 1678 1489 1712 &
1501 1676 1568 1712 haec
1579 1676 1787 1711 Theodoreti
1801 1675 1842 1710 de
1855 1674 2040 1716 nescioquo

1147 1727 1275 1763 curioso
1301 1726 1389 1761 fideli
1413 1728 1532 1762 verba:
1561 1731 1592 1760 Is
1614 1729 1658 1760 ad
1668 1738 1805 1760 cacumen
1829 1726 1904 1759 illud
1914 1735 1976 1758 cum
1989 1724 2043 1755 aa·

1144 1777 1322 1822 scendiffet‚
1350 1779 1406 1812 ἀπ’.
1431 1776 1535 1824 Qod
1560 1777 1660 1811 etiam
1672 1777 1827 1810 Domnus
1851 1772 2042 1809 Patriarcha

1152 1827 1380 1862 Antiochenus
1389 1826 1431 1860 eo
1448 1827 1669 1866 adscenderit,
1696 1837 1733 1859 ac
1756 1825 1826 1858 istic
1838 1823 2044 1858 Sacrificium

1150 1875 1324 1914 obtulerit,
1350 1876 1458 1910 statim
1471 1876 1640 1910 audiemus
1663 1874 1706 1908 ab
1718 1874 1949 1918 Epiphanienfi
1962 1874 2044 1906 Eva-

1153 1927 1247 1972 grio.
1275 1926 1388 1961 Etiam
1411 1925 1530 1959 Daniel
1561 1925 1695 1968 Stylites
1716 1924 1778 1958 fuit
1800 1925 1841 1958 eo
1865 1923 2042 1961 admissus,

1152 1976 1269 2010 &istic
1291 1975 1524 2009 benedistusin
1547 1975 1761 2018 discipulum.
1790 1974 1838 2008 Ita
1852 1973 1974 2006 habent
1986 1971 2046 2005 hu-

1153 2026 1202 2067 jus
1215 2026 1296 2058 Aeta
1314 2024 1399 2066 apud
1414 2025 1628 2058 Laurentium
1651 2023 1798 2057 Surium.
1828 2022 1952 2056 Eadem
1965 2022 2046 2055 affir-

1155 2073 1419 2108 mantcolumnae
1440 2085 1506 2107 non
1521 2073 1614 2107 fuiffe
1635 2083 1810 2107 annexam·
1825 2072 1940 2107 scalam
1954 2097 1964 2112 ,
1991 2070 2048 2104 sed.

1154 2135 1212 2167 pro
1225 2122 1496 2158 adscendentibus
1519 2124 1614 2157 fuiss‘e
1635 2123 1801 2157 admotam
1815 2148 1822 2155 .
1851 2123 1952 2170 Qod
1965 2121 2048 2156 item

1154 2171 1299 2218 Magnus
1322 2171 1564 2207 Coenobiarcha
1589 2173 1797 2208 Theodosius
1822 2175 1921 2207 fuerit
1933 2171 2050 2206 admis-

1157 2225 1227 2263 sus,
1254 2221 1409 2256 habemus
1429 2223 1463 2255 in
1487 2223 1553 2264 ejus
1577 2222 1664 2255 vita.
1692 2225 1850 2256 Attamen
1873 2223 1914 2256 de
1935 2223 2046 2258 nescio

1158 2284 1224 2316 quo
1236 2270 1321 2314 apud
1343 2272 1499 2315 petrosam
1511 2269 1667 2305 Arabiam
1681 2272 1799 2315 Stylita
1821 2272 1929 2306 scribit
1940 2273 1975 2305 in
1986 2272 2046 2315 spi-

1158 2322 1265 2356 rituali
1288 2322 1386 2356 Prato
1409 2322 1548 2365 Joannes
1570 2321 1724 2357 Moscus:
1752 2326 1827 2355 Fuit
1847 2324 1960 2360 stylites
1981 2327 2047 2365 qui-

1160 2374 1230 2404 dam
1242 2396 1251 2410 ,
1277 2373 1322 2404 ad
1331 2382 1418 2412 quem
1429 2383 1549 2413 omnes,
1575 2372 1818 2413 quiveniebant,
1833 2372 1960 2414 inferius
1964 2371 2048 2411 stan-
2067 2358 2144 2397 0³9⁸
2164 2368 2231 2397 ¹²9¹

1161 2430 1203 2453 tes
1227 2419 1416 2462 loquebantur
1437 2445 1448 2461 ‚
1474 2424 1505 2453 eo
1530 2423 1613 2462 quod
1627 2433 1685 2454 non
1704 2421 1824 2455 haberet
1841 2422 1956 2465 s‘calam
1979 2448 1985 2454 .
2013 2426 2047 2456 Si

1162 2470 1282 2512 quando
1293 2474 1383 2513 igitur
1395 2471 1512 2512 dix-tyset
1519 2472 1563 2503 illi
1567 2470 1671 2511 frater
1680 2496 1691 2512 ,
1719 2473 1786 2504 Volo
1797 2471 1852 2505 tibi
1865 2473 1956 2506 dicere
1966 2478 2045 2514 cogi-

1161 2525 1300 2553 tationem
1316 2544 1327 2560 ,
1353 2519 1470 2552 dicebat
1495 2520 1598 2563 &ipse
1611 2522 1669 2554 leni
1681 2533 1767 2554 voce:
1794 2525 1868 2555 Veni
1878 2524 1922 2555 ad
1926 2524 2045 2565 gradus

1160 2571 1311 2603 columnae.
1338 2570 1461 2610 ibatque
1482 2568 1544 2610 ipse
1566 2571 1609 2602 ad
1631 2572 1724 2603 aliam
1746 2571 1886 2605 columnae
1903 2580 2042 2614 partem,

1159 2621 1246 2653 &ita
1269 2619 1461 2660 loquebantur
1485 2622 1585 2652 mutuo
1612 2632 1619 2651 z
1646 2620 1751 2659 stylita
1774 2623 1893 2664 quidem
1907 2620 2044 2664 superius

1153 2669 1271 2710 stante,
1289 2669 1394 2711 fratre
1415 2677 1513 2702 autem
1532 2668 1677 2711 inferius.
1706 2669 1763 2703 An
1786 2670 1844 2704 ista
1856 2673 1951 2706 fuerit
1961 2683 2046 2707 con«

1159 2721 1246 2754 sueta
1268 2745 1278 2760 ‚
1306 2730 1347 2753 an
1368 2718 1535 2764 singularis
1558 2720 1663 2754 forma
1685 2719 1846 2765 culumnae
1866 2746 1877 2761 ,
1904 2722 2043 2766 ignoro.

1159 2769 1263 2804 Porro
1288 2778 1417 2812 propter
1429 2768 1502 2803 vitae
1512 2769 1708 2805 necessitates
1720 2771 1838 2813 Stylita
1850 2770 1988 2806 habebat
2000 2773 2046 2806 fa-

1160 2820 1286 2853 mulum
1299 2844 1306 2850 .
1334 2819 1429 2858 Hinc
1441 2819 1476 2853 in
1491 2820 1521 2853 S.
1533 2820 1629 2854 Lucae
1643 2821 1784 2864 Junioris
1797 2820 2044 2865 Thaumaturgi

1159 2870 1193 2903 &
1204 2866 1421 2904 Anachoretae
1431 2869 1522 2904 Actis
1533 2869 1689 2904 habemus
1700 2896 1709 2910 ‚
1724 2869 1811 2914 quod
1825 2871 1843 2903 a
1857 2871 1964 2905 nescio
1976 2881 2043 2914 quo

1159 2919 1245 2963 apud
1259 2918 1392 2962 Achajae
1404 2918 1514 2954 Patras
1527 2920 1715 2954 Zemenenfi
1727 2920 1844 2962 Stylita
1856 2921 1952 2954 fuerit
1964 2921 2046 2955 invi-

1162 2978 1246 3003 tatus
1257 2967 1310 3012 sub
1331 2968 1392 3012 ipso
1414 2981 1518 3013 agere,
1543 2982 1577 3004 ac
1597 2969 1721 3010 ministri
1741 2970 1859 3010 officium
1874 2969 2042 3014 suscipere;

1159 3020 1193 3053 &
1213 3019 1300 3060 quod
1323 3019 1372 3053 illi
1398 3019 1627 3054 ministraverit
1655 3044 1662 3051 .
1688 3019 1826 3054 Exstant
1848 3020 1931 3056 Asta
1954 3021 2041 3066 apud
2058 3003 2219 3074 ffinssss‘g:

1159 3069 1367 3104 Franciscum
1381 3069 1549 3104 Combefis
1561 3095 1568 3102 .
1978 3069 1980 3071 ’
2058 3080 2216 3118 gentefima

1209 3118 1319 3154 Etiam
1342 3120 1447 3154 noster
1472 3119 1604 3155 Simeon
1621 3118 1738 3154 habuit
1761 3120 1980 3166 discipulum,
2003 3133 2041 3157 ac
2058 3122 2205 3160 septuage-

1160 3169 1192 3202 in
1205 3169 1366 3204 columnae
1374 3169 1512 3204 statione
1523 3171 1731 3205 successorem
1742 3172 1771 3205 S.
1784 3172 1959 3206 Danielem
1969 3174 2043 3216 Sty»
2060 3160 2215 3193 fim³¹²⁰¹¹³·

1159 3218 1270 3253 litem.-
1297 3219 1465 3263 Apparens
1485 3219 1530 3253 est
1554 3244 1565 3260 ,
1591 3220 1679 3264 quod
1702 3221 1852 3256 Simeoni
1878 3222 1978 3266 usque
2000 3222 2041 3256 ad

1161 3279 1297 3304 mortem
1309 3270 1553 3304 ministraverit.
1581 3270 1683 3318 Qod
1698 3282 1752 3314 per
1763 3271 1975 3317 quadraginta
1988 3285 2043 3306 an-

1162 3331 1220 3353 nos
1239 3320 1274 3353 in
1296 3320 1450 3354 columna
1472 3319 1593 3354 steterit
1617 3320 1748 3355 Simeon
1768 3347 1779 3363 ‚
1807 3323 1842 3357 &
1863 3334 1905 3357 ex
1921 3323 1986 3365 ipsa
2007 3322 2039 3356 S.

1161 3368 1366 3406 Genofevam
1377 3394 1388 3411 ‚
1415 3368 1473 3405 fibi
1483 3371 1501 3404 a
1512 3370 1631 3415 Spiritu
1645 3372 1762 3408 Sansto
1774 3373 1943 3408 revelatam
1954 3394 1965 3409 ²
1986 3381 2041 3414 Ρῦτ

1607 3419 1636 3454 P
1684 3433 1707 3460 2
1907 3419 1993 3455 Met-
