2320 3730
376 164 476 212 262
704 153 1055 199 ,VARIORUM
1092 149 1347 197 PATRUM
1381 147 1710 207 Emsrom,

303 250 342 274 ac
363 238 502 284 grandes
526 238 645 274 fructus
658 237 770 273 fecerit
783 238 816 272 in
829 237 888 271 ista
902 235 1042 269 Ecclesia
1055 258 1063 266 .
1090 232 1201 278 Qin-

304 289 354 329 to,
364 287 454 331 quod
469 287 618 324 Andreas
631 289 800 332 speraverit
815 287 879 321 haec
892 281 1089 318 attendenda
1102 281 1120 315 a
1135 281 1198 314 Di-

304 339 380 372 vina
391 337 578 380 Clementia
591 364 603 384 ‚
630 337 767 383 ideoque
791 338 825 378 ὅς
851 332 1080 374 Alexandrum
1105 342 1198 375 opor-

302 387 381 422 tune
402 387 609 424 liberandum
632 389 673 423 ab
694 385 759 421 h'oc
775 387 809 418 in
824 382 1052 426 sempiternam
1063 381 1197 415 damna·

301 437 427 472 tionem
447 439 625 483 praecipitio
640 463 646 470 .
676 433 794 475 Sexto,
807 433 897 477 quod
912 444 988 466 cum
1012 442 1132 476 magno
1159 432 1197 465 ti·
1923 453 1939 468 A*
1971 466 1977 472 ¹

301 498 393 523 more
416 501 454 524 ac
481 499 620 524 tremore
632 485 806 521 debeamus
822 483 947 527 operari
960 482 1103 516 nostram
1115 481 1197 515 salu·
1332 481 1376 515 Er
1384 480 1469 516 hanc
1481 482 1653 526 epistolam
1664 480 1854 518 Alexander
1862 482 1945 519 adeo
1954 486 2138 524 manifest„

301 546 391 581 tem,
417 539 497 581 dum
521 547 611 572 tanta
636 535 828 579 Christianae
851 533 985 576 Iustitiae
998 531 1141 573 Lumina
1152 532 1196 566 vi·
1295 558 1302 566 .
1354 533 1445 566 suam
1464 533 1701 577 pertinaciam,
1726 543 1764 568 ut
1784 533 1872 568 dicat
1894 535 1929 568 se
1943 535 2006 571 esse
2023 547 2138 578 ovem,

299 589 413 624 demur
423 587 590 631 eclipsari,
617 585 722 621 immo
744 586 779 619 δε
793 583 970 623 excecari,
998 583 1033 617 ὃς
1055 593 1143 617 ruere
1160 583 1194 616 in
1256 593 1328 625 quse
1348 583 1434 616 nolit
1453 607 1465 624 ,
1493 583 1568 618 licet
1593 583 1719 628 perdita
1741 608 1753 625 ,
1779 584 1876 628 quaeri
1897 593 1954 619 aut
1982 584 2139 624 inveniri.

1446 332 1951 386 Senot-1024.
2115 298 2134 357 ’ἶ

298 639 475 683 reprobum
509 638 635 678 sensum
664 662 669 669 .

299 701 372 730 pon
389 689 486 723 fuerit
497 699 609 732 pravus
635 685 756 720 homo.-
784 681 917 735 Utpote
938 683 994 736 qui
1023 683 1116 717 omni
1141 694 1193 718 co-

299 747 378 776 natu
397 735 522 773 studea't
545 739 638 781 suurn
660 734 913 781 Metropolitam
924 734 966 775 ad
991 743 1137 775 mentem
1149 745 1194 768 re⁴

298 788 427 823 ducere.
573 787 577 791 '
772 784 784 792 ”

512 1125 785 1174 CAPUT
837 1126 961 1171 CIV.

1038 1138 1182 1180 ...192

286 1314 458 1390 Epssolct
509 1313 725 1364 Alexandri
786 1310 965 1382 Episcopi
1002 1350 1016 1374 ,
1067 1332 1182 1380 quam

316 1404 318 1410 ⁸
354 1384 543 1458 refirz'pfit
556 1385 734 1449 Andreae,
764 1383 918 1452 culpans
946 1398 1052 1445 eam,
1089 1383 1185 1450 quod

353 1457 447 1507 dum
481 1455 626 1509 restam
649 1454 772 1519 fidem
802 1453 1013 1521 praedicant
1033 1489 1046 1515 2
1084 1472 1183 1500 com-

354 1529 538 1572 municem
574 1541 699 1571 tamen
734 1522 905 1588 Cyrz'llo,
940 1521 1040 1570 nullo
1074 1523 1182 1571 modo

291 1658 294 1662 ὴ
353 1593 530 1660 νεσεᾶςηζὶ
564 1595 615 1656 ab
643 1591 790 1663 haejrefi,

383 1789 497 1822 Ratias
517 1787 652 1832 quidem
679 1797 743 1823 tuae
764 1788 988 1824 admonitioni
1010 1799 1076 1833 ago
1092 1812 1103 1828 ,
1129 1797 1179 1820 ve-

409 1838 512 1873 nienti
533 1849 574 1872 ex
599 1840 715 1873 affectu
734 1839 990 1881 benevolentiae3
1018 1848 1054 1871 ut
1068 1847 1179 1871 autem

280 1899 354 1922 non
382 1890 523 1923 multam
555 1887 707 1923 chartam
739 1897 870 1933 propter
903 1900 966 1923 nos
992 1887 1179 1931 expendas,

281 1939 411 1981 quiesce
423 1939 531 1981 quaeso
546 1951 566 1977 ,·
583 1939 601 1970 a
618 1938 763 1972 Monitis
775 1963 783 1970 .
810 1935 902 1971 Nam
912 1941 990 1980 quia
1013 1938 1179 1981 &impius

282 1987 433 2028 Cyrillus
455 1986 626 2020 haereticus
646 1987 694 2020 est
707 2011 718 2026 ‚
744 1987 844 2031 &qui
856 1989 886 2022 ei
901 2011 913 2027 ,
939 1988 1022 2021 ficut
1033 1986 1153 2030 scripsit
1167 2011 1178 2026 ‚

281 2035 376 2070 illam
400 2035 580 2069 chartulam
596 2036 800 2069 ‘obtulerunt
813 2060 824 2076 ,
850 2036 1091 2078 Cooperatores
1103 2036 1176 2068 faeti

282 2087 357 2119 sunt
371 2111 382 2127 ,
407 2085 577 2130 magisque
589 2083 763 2135 Principes
772 2083 969 2129 perditionis
990 2092 1105 2118 contra
1117 2086 1178 2118 Or·
1245 2087 1248 2090 '

282 2137 471 2171 thodoxam
496 2133 594 2169 fidem
607 2148 623 2175 ,·
645 2134 707 2168 scit
718 2146 833 2168 amans
843 2135 958 2169 Deum
977 2134 1088 2168 anima
1100 2143 1175 2168 rua.

283 2188 373 2221 Nam
394 2187 476 2218 &ca
491 2208 502 2222 ,
529 2194 599 2225 que
615 2182 780 2225 pertinent
791 2184 834 2217 ad
846 2183 1088 2217 Sanffiffimum
1102 2183 1179 2226 Epi-

281 2238 419 2278 scopum
446 2229 828 2273 Nestorium=‚-?qualiter
846 2230 1090 2275 disposuerint,
1117 2231 1180 2265 suis

283 2282 459 2320 animabus
491 2282 696 2326 nequaquam
733 2290 899 2326 parcentes
920 2305 931 2321 ,
958 2281 1179 2322 omittantur,

284 2336 352 2370 Dei
377 2333 508 2379 Judicio
523 2332 731 2367 referenda.
754 2332 884 2366 'Forsan
907 2329 982 2364 vero
1005 2331 1111 2366 &ille
1132 2331 1179 2365 in·

283 2383 445 2430 justitiam
457 2384 640 2423 committit
654 2408 666 2424 ‚
695 2381 1029 2426 quiReligiofitatem
1043 2382 1178 2415 vestram

281 2437 375 2472 velut
401 2436 584 2470 irritantem
608 2435 740 2469 accusat
763 2458 771 2466 .
810 2431 901 2466 Nam
926 2432 959 2466 δε
988 2429 1180 2466 Orthodoxi

284 2488 360 2523 estis
371 2513 381 2528 ,
407 2487 442 2521 &
459 2487 579 2520 reikam
589 2485 688 2520 fidem
703 2481 885 2529 praedicaris
899 2506 910 2522 ,
935 2482 969 2516 &
983 2481 1059 2516 estis
1072 2493 1180 2526 opera-

284 2538 312 2572 ti
343 2535 572 2571 confusionem
594 2559 607 2577 ‚
645 2535 679 2569 &
709 2530 934 2574 *dispensative
962 2531 1182 2567 orthodoxia:

286 2587 430 2621 haerefim
443 2586 618 2621 miscuistis
629 2609 637 2616 .
667 2580 775 2615 Unde
787 2581 913 2624 quiesce
927 2605 937 2620 ,
959 2583 1064 2623 quaeso
1077 2605 1087 2620 ,
1113 2593 1181 2616 mo-

285 2649 364 2672 nere
377 2648 458 2671 nos:
487 2636 561 2669 Nec
572 2632 665 2679 vobis·
682 2632 770 2664 enim
784 2655 794 2670 ‚
824 2630 900 2665 Deo
920 2641 973 2664 me
994 2633 1181 2666 confortan-

286 2697 320 2722 te
339 2711 349 2727 ‚
375 2697 437 2719 nec
449 2685 583 2727 Cyrillo
600 2676 845 2722 ⁴criinmunico,
870 2681 940 2714 noh
965 2679 1180 2715 anathemati-

288 2733 559 2772 zantievidenter
573 2731 657 2765 hanc
680 2731 844 2771 haeresim,
872 2742 979 2775 neque
998 2731 1179 2765 communi-

290 2785 442 2822 cantibus
452 2784 499 2818 ei.
526 2781 602 2816 Vos
611 2792 722 2816 autem
735 2780 825 2824 quod
845 2781 886 2814 ad
904 2792 960 2814 vos
981 2781 1100 2815 attinet
1122 2793 1181 2825 pe·-

290 2835 418 2881 registis
435 2858 446 2874 ‚
472 2831 643 2869 festinastis
667 2856 679 2873 ,
706 2829 888 2865 cucurristis
906 2853 917 2869 ,
945 2831 1055 2866 Ovem
1079 2830 1181 2874 perdi-

291 2898 361 2922 tam
375 2878 560 2928 requisistis.
588 2880 672 2916 Non
695 2880 764 2915 vult
775 2879 842 2923 ipsa
869 2880 1035 2921 inveniri,
1060 2881 1101 2914 de
1112 2882 1181 2915 reli-

293 2949 362 2981 quo
382 2934 540 2979 quiescite
553 2958 560 2966 .
588 2932 715 2966 Coram
726 2929 861 2965 terribili
875 2931 965 2965 enim
987 2931 1045 2965 illo
1057 2930 1181 2967 Tribu-

294 2986 362 3026 nali
377 2986 490 3031 utique
501 2981 685 3021 videbimus
705 2979 850 3016 invicem
862 3003 872 3012 .
926 2988 936 3002 ⁷

566 3183 636 3313 {⁶⁹33
567 3067 573 3116 ”’

706 631 854 678 Septimo
881 657 894 678 ,ι
919 632 1010 677 quod
1046 631 1194 672 Andreas
1257 631 1432 673 Affirmat,
1458 633 1548 675 quod
1569 645 1631 669 nec
1662 633 1792 677 Cyrillo
1808 657 1820 674 ,
1846 634 1905 668 nifi
1926 633 2140 672 anathemat-i-

1253 683 1339 716 zanti
1352 684 1406 717 sua
1417 683 1568 728 Capitula
1578 709 1590 726 ,
1617 695 1678 721 nec
1688 684 1765 719 ullis
1773 685 1802 719 ei
1818 685 2139 726 communicantibus

1253 733 1332 767 velit
1345 735 1591 770 communicare
1602 759 1614 776 ,
1639 735 1782 779 ideoque
1800 745 1862 769 nec
1874 735 2140 778 JoanniPatriar-

1251 782 1340 822 chae,
1360 795 1420 818 nec
1434 783 1674 826 Theodoreto,
1701 797 1763 820 nec
1781 785 1839 829 ipfi
1862 786 1962 820 etiam
1976 785 2135 822 Andreas.

1252 831 1356 867 Addit
1369 832 1463 876 hujus
1475 836 1534 869 suae
1543 835 1730 878 pertinaciae
1739 836 1870 871 causam
1881 847 1950 870 non
1960 837 2025 870 efle
2039 835 2138 870 *dam-

1251 883 1419 918 nationem
1442 885 1613 920 Nestorii.
1641 885 1743 920 Hanc
1775 886 1865 920 enim
1889 910 1902 926 ‚
1927 886 2137 928 quantumvis

1250 932 1484 975 injustiffimam
1505 959 1516 975 ‚
1543 936 1607 970 esse
1629 945 1740 969 tamen
1772 946 1840 971 rem
1860 934 2071 977 humanam,
2097 948 2136 971 ac

1249 982 1327 1018 ideo
1338 984 1568 1029 dispensatorie
1593 985 1682 1028 poffe
1691 986 1841 1020 reservari
1854 985 1984 1020 Divino
1993 985 2132 1029 judicio.

1225 1077 1227 1083 Ι
1248 1034 1319 1067 Suae
1339 1035 1507 1079 *sententiae
1527 1036 1656 1070 causam
1676 1035 1817 1071 affirmat
1828 1035 1892 1069 effe
1902 1034 2050 1070 haeretica
2069 1036 2137 1080 Cy.

1247 1083 1314 1116 rilli
1327 1084 1502 1126 Capitula,
1527 1084 1663 1118 acillius
1676 1086 1876 1127 pertinacem
1894 1085 1930 1119 in
1951 1085 2026 1129 ipsis
2041 1084 2136 1121 haere-

1246 1132 1302 1168 (im
1313 1157 1320 1165 .
1349 1132 1443 1168 Hinc
1453 1133 1624 1167 concludit
1647 1134 1795 1169 cumino
1809 1146 1876 1168 non
1888 1135 1978 1177 poffe
1987 1146 2136 1171 commu-

1248 1183 1384 1217 nionem
1408 1183 1503 1223 fieri,
1529 1181 1582 1216 sed
1605 1183 1708 1217 solam
1719 1184 1968 1222 confufionem‚
1991 1195 2063 1228 quae
2073 1189 2136 1226 Or·

1246 1230 1439 1267 thodoxiam
1462 1233 1595 1269 misceat
1619 1244 1695 1267 curn
1719 1233 1844 1269 haerefi.
1871 1232 1972 1268 Hanc
1992 1245 2062 1269 non
2071 1237 2136 1271 effe

1246 1283 1544 1326 dispensationem,
1570 1282 1624 1318 sed
1650 1283 1875 1332 proditionem
1885 1282 1984 1325 fidei,
2010 1295 2049 1320 ac
2059 1279 2135 1331 pra*

1248 1342 1479 1371 varicationem
1492 1358 1500 1371 ¹

1490 1640 1756 1692 CAPUT
1793 1611 1907 1691 c'vq
1965 1614 2129 1706 7--193'

1242 1831 1437 1904 Epistola,
1476 1832 1649 1898 inquit,
1683 1829 1845 1900 ejufilem
1858 1866 1872 1891 ‚
1896 1848 2014 1898 quam
2025 1829 2130 1898 scm}

1346 1902 1422 1972 pfit
1461 1902 1514 1948 ad
1547 1908 1735 1956 joannem
1761 1903 2032 1964 Germanicia,
2126 1904 2132 1918 '

1446 1975 1509 2038 qui
1531 1970 1710 2037 similiter
1744 1991 1826 2020 eum
1855 1988 1928 2040 pro

1507 2058 1602 2108 pace
1637 2057 1867 2108 roga-verat.

1324 2232 1361 2266 T
1396 2232 1479 2267 olim
1516 2233 1623 2268 vestro
1657 2241 1863 2279 congregato
1887 2233 2129 2269 Conventuniu

1324 2301 1327 2304 ᾗ
1347 2282 1531 2327 Zeugmate
1545 2308 1558 2325 ,
1583 2283 1618 2318 id
1642 2285 1711 2324 est,
1747 2285 1823 2318 Deo
1843 2283 2127 2319 Amiciffimorum

1245 2331 1484 2376 Episcoporum
1506 2342 1604 2377 atque
1629 2332 1799 2367 Pastorum
1819 2358 1831 2375 ,
1856 2333 1897 2368 ad
1917 2332 2127 2378 querendam

1244 2382 1494 2427 salvandamque
1513 2384 1650 2424 Ovem,
1673 2394 1744 2426 quae
1765 2385 1922 2427 perierat,
1947 2384 2128 2418 &omnem

1244 2432 1420 2468 Pastoralis·
1449 2433 1634 2476 disciplinae
1678 2432 1818 2476 speciem
1859 2430 2128 2473 ostendentibus,

1243 2482 1323 2517 dum
1348 2493 1413 2527 ego
1426 2493 1495 2516 non
1507 2484 1631 2527 possem
1642 2482 1684 2517 ad
1697 2481 2062 2525 altitudinempraestirae
2071 2492 2129 2516 vo·

1243 2532 1293 2566 bis
1304 2531 1440 2566 scientiae
1449 2533 1616 2575 pervenire
1627 2556 1639 2572 ,
1663 2533 1700 2566 ἀ
1711 2532 1868 2576 inspicere
1876 2531 2053 2576 penetralia
2063 2541 2131 2574 poe·

1244 2581 1658 2624 nitentiaeabominationis
1671 2582 1885 2625 AEgyptiacae
1894 2606 1904 2622 ‚
1931 2579 2043 2615 multis
2053 2580 2127 2614 aliis

1242 2633 1326 2666 inter
1342 2629 1407 2664 haec
1419 2630 1519 2664 motis
1531 2653 1542 2670 ‚
1568 2639 1604 2663 ut
1615 2631 1853 2673 propositiones
1863 2629 1979 2664 vestras
1989 2628 2127 2664 minime

1241 2690 1383 2725 repetam
1404 2678 1673 2724 &poenitudines
1695 2704 1706 2721 ‚
1732 2679 1935 2725 cognovistis
1951 2678 2042 2723 quod
2065 2677 2128 2713 ad-

1240 2732 1342 2775 jaceat
1367 2728 1451 2764 mihi
1472 2754 1484 2770 ,
1509 2738 1710 2771 cooperante
1730 2731 1806 2765 Deo
1826 2755 1838 2770 ‚
1874 2730 1987 2774 quir&
2011 2730 2125 2764 lumen

1243 2781 1382 2816 scientiae
1402 2779 1498 2814 nobis
1517 2778 1606 2812 1²ectae
1628 2777 1706 2813 fidei
1730 2779 1833 2813 donat
1846 2804 1857 2821 ,
1883 2789 2019 2814 omnem
2038 2780 2126 2824 piam

1242 2829 1545 2867 condescensionem
1566 2829 1707 2872 recipere
1722 2852 1734 2869 ,
1759 2829 1941 2874 &impiam
1964 2829 2125 2873 dispensa·

1243 2883 1368 2923 tionem
1388 2881 1552 2925 refugere,
1579 2890 1651 2923 quae
1663 2881 1702 2915 fit
1724 2878 1783 2914 sub
1792 2880 1881 2924 pacis
1892 2878 2051 2913 obtentu.
2079 2879 2124 2914 Et

1243 2943 1332 2967 nunc
1350 2940 1458 2965 autern
1482 2929 1701 2965 nihilominus
1721 2929 1863 2965 eandem
1884 2938 2035 2964 tenemus
2056 2929 2126 2963 sen·

1242 2983 1396 3017 tentiam.
1429 2979 1576 3014 Intentio
1595 2980 1686 3014 enirn
1696 2977 1778 3014 mihi
1790 2978 1836 3014 est
1849 3003 1861 3020 ,
1887 2989 1923 3014 ut
1942 2977 2063 3023 ubique
2075 2979 2126 3013 in-

1242 3031 1429 3068 concussam
1440 3030 1674 3066 conscientiam
1684 3030 1822 3069 servem,
1847 3029 1934 3064 &ab
1956 3028 2127 3063 omnihae-

1243 3082 1342 3118 retica
1365 3080 1530 3114 mixtione
1553 3080 1727 3115 discretam
1748 3078 1925 3114 terribilem
1946 3078 2126 3123 Mysterio-

1244 3144 1316 3168 rum
1344 3130 1544 3166 Divinorum
1564 3131 1597 3165 ὅτ.
1614 3130 1810 3165 Coelestium
1834 3129 2126 3165 communionem.

1243 3183 1277 3219 Si
1290 3190 1397 3216 autem
1420 3178 1523 3220 mihi,
1548 3180 1639 3225 quod
1652 3180 1731 3215 abfit
1748 3183 1960 3225 (praeceptum
1982 3188 2124 3221 namque

1243 3232 1399 3268 habemus
1412 3230 1652 3273 Dominicum,
1676 3238 1874 3269 moremus,
1901 3243 1944 3265 ne
1967 3230 2122 3264 intremus

1238 3284 1277 3333 'in
1300 3281 1541 3322 tentationem)
1566 3293 1607 3316 ex
1630 3279 1793 3325 Imperiali
1812 3281 1996 3316 neceffitate
2015 3277 2121 3322 jubea-

1239 3336 1295 3368 'tur
1313 3356 1324 3374 ,
1355 3341 1391 3367 ut
1414 3341 1470 3367 aut
1486 3331 1580 3378 impii
1600 3331 1690 3368 illius
1711 3331 1983 3367 communionem
2003 3325 2121 3411 {Imple-

2039 3386 2072 3411 ar
