2320 3730
606 214 915 267 Saeuotns,
961 225 1024 257 ET
1060 206 1250 257 Nous
1283 205 1673 255 ILLUSTRAT'AE.

218 396 457 444 Jutfiducialiter
481 399 570 437 dixi,
595 399 675 439 quod
698 397 862 431 Theodorus
881 398 1000 438 quidem
1021 392 1094 437 blas-

213 446 354 492 phemam
365 445 468 480 habuit
479 449 613 491 lingnam
622 450 656 481 Θ·
664 450 810 480 calamum
819 446 1038 486 ministrantem
1047 449 1075 478 ei
1084 455 1093 485 ;

198 494 383 531 ''mivautem
400 491 640 546 fuerune’wtius
664 497 853 530 orthodoxia
877 493 1035 534 Doctores,
1061 496 1095 527 Θ

215 545 431 591 splenduerunt
440 554 472 579 in
481 536 548 581 eas*p
555 548 599 582 Et
610 550 644 581 in
657 549 719 582 alia
729 547 769 580 ad
780 545 921 579 eundem
934 543 1093 578 Acacium

214 597 366 641 Epistola
390 610 397 630 :
434 599 599 631 Orientales
616 596 797 640 scripserunt
819 596 864 627 ad
882 606 927 628 me
948 621 959 636 ‚
985 595 1064 638 quod
1072 591 1100 634 fi

214 652 369 691 contigerit
390 647 642 681 anathematizari
664 659 700 681 ea
716 671 728 686 ,
754 657 820 688 quae
837 643 909 688 sunt
933 645 1094 684 Theodori,

214 702 370 741 perveniet
380 703 460 730 omni
469 701 552 731 modo
564 699 678 731 macula
686 702 777 730 etiam
789 696 833 728 ad
840 695 964 728 Sandios
987 698 1095 728 Patres

212 747 345 788 mstros,
372 747 561 788 Athanasium
580 750 660 788 dieo,
688 748 722 781 δ’
747 746 912 788 Bafilium‚
939 747 973 779 &
992 748 1095 788 Grego

214 803 300 838 rios,
327 797 583 840 &Theophilum
612 799 794 831 &caeteros.
823 801 909 829 Nam
918 794 1097 840 scripserunt

215 849 252 882 o·
264 847 320 889 ipsi
327 850 469 890 quaedam
478 845 667 890 consonantia
677 854 721 881 eis
741 872 751 888 ,
775 859 842 890 quae
851 845 922 890 sunt
932 846 1073 879 Theodori
1088 869 1094 875 .

211 897 331 934 Exstat
343 897 487 940 Epistola
499 898 534 931 in
545 898 661 942 quinta
682 896 874 932 Collatione
885 897 993 940 quinti
1006 895 1094 928 Con-

214 946 285 983 cilii
294 972 301 978 .
314 966 316 968 -
330 946 373 980 Et
386 946 469 981 Asta
483 947 662 990 Synodalia
672 948 703 982 ei
714 947 882 991 praefigunt
899 946 985 980 hanc
997 945 1099 978 adno-

214 997 398 1032 tationem:
425 999 552 1035 cyrillus
569 998 694 1031 eandem
714 995 829 1039 scripsit
849 998 897 1029 ad
914 995 1095 1029 Theodotum

215 1051 335 1084 Ancsrae
345 1069 357 1085 ,
383 1048 419 1079 6·
436 1048 483 1077 ad
500 1049 639 1078 Firmum
650 1044 799 1088 Caesareae
811 1047 1012 1088 Cappadocia·
1022 1048 1052 1077 E
1051 1050 1098 1086 pi-

210 1095 345 1138 scopum.
372 1093 422 1127 Hi
440 1093 531 1128 enim
544 1106 608 1130 tres
619 1095 724 1138 ipsum
736 1093 772 1130 in
787 1095 947 1139 Ephesina
960 1095 1100 1138 Synodo

210 1143 470 1178 constantissime
492 1145 706 1187 adjuverant.
737 1145 780 1179 Et
791 1143 973 1180 istiusmodi
986 1145 1101 1179 litteris

210 1195 365 1229 accensus
379 1192 523 1228 Aeacius
533 1194 624 1236 fecit,
635 1195 726 1239 quod
736 1193 833 1229 habet
846 1196 934 1239 prior
943 1195 984 1229 ad
997 1196 1101 1238 ipsum

212 1244 382 1288 Epistola:
412 1244 527 1288 Perlegi
546 1245 713 1286 Epistolam
734 1254 795 1278 tuae
806 1245 987 1277 sanfflitatis
999 1267 1009 1283 ‚
1032 1242 1102 1285 scri-

210 1302 301 1336 ptam
321 1295 368 1327 ad
383 1295 660 1333 Reverendiffimum
679 1292 860 1337 Episcopum
873 1292 1034 1327 Antiochiae
1039 1296 1072 1337 J
1074 1304 1099 1325 o·

213 1353 347 1385 ornnem,
369 1345 510 1385 plurimae
517 1345 639 1386 plenam
649 1344 858 1385 confidentiae,
877 1344 1006 1386 fimul&
1022 1355 1100 1375 amo-

214 1398 261 1427 ris
274 1396 349 1427 Det.
376 1393 458 1428 Haec
478 1392 567 1426 enim
592 1393 887 1428 turbavcommovit
914 1394 1099 1428 universam

215 1442 366 1478 Orientis
390 1442 585 1476 Ecclesiam.
613 1443 726 1488 Pergit
747 1444 915 1487 Cyrillus:
942 1443 1051 1486 Scripsi
1056 1454 1105 1476 ve-

216 1496 251 1527 ro
271 1494 306 1527 Θ·
324 1503 376 1535 ego
400 1493 477 1527 tales
488 1492 659 1535 Epistola,
683 1492 742 1536 sed
752 1517 764 1533 ‚
789 1503 823 1528 ut
834 1496 954 1529 videtur
966 1518 977 1536 ,
998 1495 1106 1537 pejora

216 1548 362 1577 vincunt.

240 1615 242 1618 -
265 1592 378 1627 Etiam
401 1593 539 1629 meliora
560 1602 749 1637 creverunt,
777 1595 945 1637 potentius
957 1597 991 1629 se
1003 1605 1105 1629 arma-

214 1652 314 1683 runt,
342 1654 380 1678 ac
400 1645 534 1679 tandem
555 1645 719 1679 vicerunt.
750 1645 884 1680 Etenim
895 1654 976 1680 tunc
988 1644 1107 1679 Arme-

215 1693 303 1734 niae,
330 1691 467 1729 Persidis
489 1719 500 1736 ,
525 1705 564 1729 ac
584 1695 722 1729 aliarum
746 1695 906 1730 Gentium
929 1695 1107 1739 Episcopi,

216 1741 236 1777 a
255 1743 376 1786 Cyrilli
395 1768 407 1784 ,
434 1743 575 1784 Aeacii,
602 1743 800 1787 Theodoti,
826 1757 864 1780 ac
887 1746 992 1780 Firmi
1013 1745 1106 1779 Astis

216 1793 375 1834 excitati,
403 1794 443 1829 ad
464 1796 617 1830 Sanctum
639 1795 795 1830 Proclum
818 1808 856 1830 ac
869 1796 1106 1839 Imperatorem

216 1842 450 1878 Theodosium
473 1845 663 1888 legaverunt
692 1846 874 1889 Episcopos
899 1869 911 1885 ,
938 1844 1106 1884 Clericos,

217 1903 257 1927 ac
281 1892 470 1927 Monachos
491 1905 567 1927 cum
582 1892 719 1934 libello,
745 1894 894 1928 exstante
912 1893 1000 1937 apud
1013 1892 1108 1937 quin·

218 1952 288 1976 tam
323 1939 550 1977 Collationem
576 1945 697 1987 quintae
735 1944 862 1987 Synodi
884 1968 892 1976 .
931 1944 1111 1978 Affirmant

217 1990 439 2026 Theodorum
450 1993 545 2026 fuisse
555 1992 702 2027 bominem
714 1993 991 2035 Diabolicaeformae
1003 2017 1015 2034 ,
1039 1993 1111 2036 ejus

217 2042 364 2076 facinora
386 2029 575 2086 exponunt,
605 2043 773 2088 praesertim
799 2043 1021 2085 blasphemam
1041 2042 1109 2084 ejus

217 2093 416 2126 concionem
434 2119 446 2135 ‚
472 2104 537 2136 qua
558 2091 767 2126 Antiocheni
790 2091 902 2125 offenfi
936 2091 1109 2125 voluerant

217 2142 326 2186 ipsum
344 2141 486 2185 lapidare
499 2166 510 2182 ,
535 2143 569 2176 &
587 2154 688 2187 quarn
710 2142 798 2186 ipse,
825 2153 866 2176 ne
888 2141 1087 2185 lapidaretur
1100 2165 1111 2181 ,

218 2192 414 2226 solemniter
435 2194 630 2226 recantavit.
661 2192 772 2235 Hujus
793 2192 1029 2226 recantationis
1046 2201 1112 2225 me·

218 2241 320 2277 minit
339 2241 376 2274 in
398 2240 514 2275 litteris
536 2241 578 2276 ad
602 2242 794 2276 Nestorium
808 2242 909 2275 etiam
924 2240 1112 2276 Patriarcha

220 2291 387 2333 Ioannes,
414 2301 490 2324 eum
512 2302 554 2325 ex
578 2293 705 2334 pectore
727 2290 904 2326 adhortans
930 2291 971 2325 ad
984 2291 1113 2325 imitan-

219 2339 302 2374 dum
326 2365 332 2371 .
361 2341 491 2374 Praefati
514 2343 678 2376 affirmant
710 2340 944 2381 Antiochenos
969 2353 1008 2375 ac
1030 2341 1112 2375 alios

221 2390 408 2424 Orientales
428 2393 490 2424 effe
516 2391 600 2424 adeo
623 2391 785 2425 versatiles
799 2416 810 2431 ,
835 2401 873 2424 ut
897 2391 996 2424 istum
1008 2367 1128 2433 ipsum!

222 2437 480 2476 haerefiarcham,
511 2438 576 2478 jam
591 2450 660 2471 non
673 2437 833 2480 lapidibus
846 2439 1005 2472 invadant
1022 2461 1033 2477 ,
1060 2432 1129 2470 sed¹

224 2487 443 2530 magnificent
463 2486 612 2530 gloriosis
635 2486 935 2521 exclamationibus
955 2501 965 2520 :
994 2454 1130 2529 Crescat¹

224 2536 304 2580 fides
317 2536 459 2570 Theodori
474 2538 538 2568 .ss·c
547 2538 696 2569 credimus
707 2536 796 2577 ,ficut
808 2537 975 2570 Theodorus
989 2561 996 2568 .
1023 2517 1130 2604 Qial

226 2586 345 2629 nempe
366 2586 554 2619 exclamant
576 2585 718 2628 Populi,
746 2586 825 2619 ficut
846 2586 968 2620 docent
985 2586 1116 2628 Episco-

225 2636 281 2680 pi.
313 2635 356 2668 Et
368 2634 503 2669 tandem
516 2635 747 2669 concludunt:
774 2633 933 2677 Miseratus
961 2638 1044 2668 Deus
1057 2638 1117 2668 Ec·

226 2684 323 2727 clefias
331 2685 493 2727 suscitavit
505 2685 602 2718 multa
616 2694 720 2719 contra
733 2684 914 2718 Theodorum
926 2709 937 2725 ,
963 2690 997 2718 in
1007 2685 1114 2728 quibus

227 2738 263 2770 Θ
276 2747 329 2768 nos
340 2734 463 2780 humiles
475 2734 619 2775 constituti
644 2733 994 2777 nr'bilpraetermr‘fimus,
1024 2734 1115 2778 usque

227 2787 273 2817 ad
293 2794 417 2818 mortem
435 2793 491 2826 pro
501 2791 631 2818 veritate
642 2793 789 2819 certantes
803 2811 813 2827 ,
834 2783 908 2827 ficut
920 2786 954 2819 Θ
966 2790 999 2817 in
1013 2784 1114 2824 nostris

227 2844 331 2868 contra
353 2834 532 2868 Theodorum
555 2836 590 2868 Θ·
600 2836 718 2876 Scripta
732 2837 798 2876 eJ’us
810 2835 918 2869 libellis
932 2835 978 2868 ad
988 2835 1114 2868 Alexan-

227 2886 349 2918 drinum
372 2884 614 2930 Religiofiffimum
639 2884 818 2927 Episcopum
840 2887 1001 2926 diximus,
1027 2886 1062 2919 ὁ*
1081 2890 1115 2918 in

227 2934 276 2968 bis
286 2946 355 2977 quae
378 2936 427 2976 ad,
444 2934 572 2976 vestram
590 2935 787 2969 Sanffltatem
810 2937 935 2970 dicimus
948 2962 955 2968 .
983 2938 1116 2977 Etpeti-

229 2996 296 3018 mus
309 3009 319 3023 ,
344 2984 499 3027 gostquam
515 2984 560 3025 isti
575 2984 697 3027 perlei‘li
699 2983 818 3026 fuerint
828 3011 839 3027 ,
866 2986 901 3020 (tt
909 2987 979 3031 illos
986 2987 1115 3030 perlege-

229 3043 261 3065 re
275 3057 284 3072 ‚
312 3041 456 3074 quatenus
475 3035 535 3078 fiat
559 3040 660 3068 unitas
676 3035 773 3075 vestra
786 3045 889 3070 contra
910 3035 1091 3070 Theodorum
1105 3060 1115 3076 ,

230 3080 420 3126 &sacrilega
440 3086 585 3126 Capitula
596 3086 629 3119 Θ·
643 3085 783 3130 dogmata
795 3089 861 3128 ejus
872 3111 884 3128 ,
916 3088 951 3120 e·
959 3091 1055 3120 eorum
1066 3092 1115 3129 qui

226 3130 336 3173 similia
351 3131 478 3175 sapiunt
500 3135 554 3168 vel
572 3137 691 3169 docent:
716 3138 763 3169 Et
777 3135 849 3176 ficut
862 3140 989 3170 Domino
997 3138 1115 3179 placuit

232 3183 373 3215 damnari
394 3183 508 3224 manife
531 3186 546 3217 ἃ
582 3186 616 3218 ὢ*
637 3191 812 3220 nominatim
845 3193 876 3220 in
913 3185 1033 3230 Epheso
1075 3187 1114 3220 ab

231 3230 398 3274 universali
435 3235 543 3272 synodo
558 3233 730 3279 sacrilegum
750 3236 917 3278 Nestorium
951 3262 963 3278 ,
999 3235 1038 3278 fic
1058 3245 1116 3279 per

231 3291 288 3315 vos
315 3288 405 3315 etiam
440 3293 531 3335 antea
566 3285 794 3319 condemnatum
822 3286 885 3328 fine
922 3292 1036 3321 nomine
1067 3287 1115 3331 sa·

230 3334 373 3376 erilegum
397 3338 429 3366 in
455 3339 547 3367 varia
570 3340 725 3376 impietate
746 3336 927 3370 Theodorum
942 3343 1118 3371 nominatim

228 3384 416 3421 condemnari
434 3407 444 3422 ,
469 3385 503 3418 (a
522 3396 569 3418 eos
586 3391 638 3428 qui
656 3383 816 3427 secundum
840 3388 1033 3431 impiiffimam
1055 3391 1117 3430 eius

290 3457 295 3470 2
330 3432 639 3479 chrisi.LupiOpera
663 3438 766 3471 ZVH.

216 301 312 335 *Diua
323 294 495 340 Acatftntur
509 319 517 327 .
543 295 623 340 ,ραιε
633 303 712 331 enim
731 298 839 331 locutus
861 297 897 338 est
908 295 1091 334 Theodorus,

217 349 373 389 cadens&
395 348 440 379 illi
453 371 460 377 .
487 349 552 390 Ego
576 350 644 380 vero
650 346 811 390 scribentes
823 346 876 387 ista
887 358 944 380 non
950 345 1093 389 sustinui,

1161 291 1376 335 Expositionem
1401 291 1542 326 hactenus
1562 297 1594 324 in
1614 294 1693 331 syria
1709 294 2031 340 &Ciliciasapiunt&

1157 345 1277 377 docent.
1305 342 1500 378 Constanter
1523 344 1684 377 affirmant
1706 344 1934 387 Capitulorum
1959 358 2035 383 ana-

1157 392 1266 427 thema
1283 404 1487 438 nequaquam
1499 395 1640 428 sufficere
1651 408 1663 426 :
1691 392 1746 427 Ad
1758 396 1962 436 praesentibus
1972 407 2038 432 tur·

1159 443 1206 476 bis
1227 444 1372 478 dandum
1398 445 1497 478 finem
1531 445 1660 488 penitus
1691 444 1811 487 requiri
1834 467 1845 483 ‚
1871 455 1906 478 ut
1934 447 2035 482 etiam

1155 492 1330 528 Theodori
1344 497 1475 539 persona
1486 494 1603 529 diserte
1623 492 1933 530 anathematizetur.
1960 495 2038 530 Dis-

1158 546 1392 586 pensatoriam‚
1421 556 1489 587 quae
1511 543 1679 589 Ephefinae
1701 544 1839 589 Synodo
1851 556 1973 587 nuper,
1999 556 2037 580 ac

1157 593 1255 627 etiam
1279 595 1413 637 Cyrillo
1431 596 1466 629 &
1489 595 1608 630 Proclo
1631 594 1697 631 huc
1721 596 1868 639 usquein
1878 593 2039 629 Theodo-

1158 655 1229 676 rum
1251 644 1394 687 placuit,
1413 644 1550 690 gratiam
1573 658 1661 681 nunc
1682 647 1745 680 effe
1765 645 1924 685 noxiam,
1952 644 2040 678 ideo-

1157 703 1219 734 que
1230 694 1482 736 abrumpendam
1492 720 1503 735 ‚
1530 697 1564 730 ὅ(
1574 697 1765 741 sacrilegum
1777 694 1947 730 hominem
1958 695 2041 733 effe,

1158 743 1197 776 ad
1220 742 1317 776 instar
1338 743 1509 784 Nestorii,
1532 746 1680 791 expresso
1702 747 1840 780 nomine
1866 744 2042 789 projicien-

1158 793 1257 826 dum.
1284 792 1462 825 Praesertim
1485 795 1562 835 quia
1587 797 1653 838 ejus
1677 796 1828 841 sacrilega
1840 794 2015 838 Expofitio
2029 818 2042 834 ,

1160 845 1214 877 seu
1224 841 1421 885 Symbolum
1439 840 1547 876 adhue
1567 843 1789 888 frequentatur
1799 846 1884 890 apud
1898 843 2042 889 Syros&

1159 893 1282 927 Cilices
1293 918 1300 924 .

1208 943 1343 988 Qintae
1353 942 1482 986 synodi
1505 941 1587 977 Asta
1600 942 1747 979 libellum
1759 946 1895 982 recitant
1908 970 1919 988 ‚
1945 946 1980 980 &
1992 944 2048 980 ad-

1158 994 1317 1037 jungunt:
1347 994 1488 1027 Porretia
1510 992 1582 1035 sunt
1605 1003 1707 1028 autem
1727 996 1761 1029 (5
1787 1000 1881 1035 impia
1903 996 2047 1038 Capitula

1160 1055 1196 1078 ex
1206 1042 1353 1077 Theodori
1363 1043 1509 1077 codicibus
1517 1044 1636 1077 santiae
1664 1049 1813 1077 memoriae
1825 1046 1927 1077 Proclo
1937 1046 1975 1078 ab
1991 1049 2050 1080 Ar-

1162 1099 1266 1127 meniis
1286 1119 1297 1135 ,
1325 1105 1447 1136 quorum
1471 1094 1566 1127 multa
1589 1098 1622 1127 in
1649 1095 1721 1127 ante?
1740 1094 1813 1126 latis
1841 1098 2051 1129 continentur.

1166 1143 1211 1176 Ad
1225 1143 1302 1176 tales
1314 1149 1405 1187 igitur
1415 1144 1525 1179 libellos
1546 1148 1748 1178 Armeniorum
1760 1141 1919 1186 rescribens
1932 1144 2050 1177 santtae

1164 1199 1312 1227 memoriae
1334 1195 1455 1227 Procius
1467 1218 1478 1235 ‚
1505 1201 1585 1228 inter
1605 1195 1671 1233 alio
1691 1196 1832 1240 dogmata
1854 1194 1892 1227 de
1907 1189 2072 1226 Theodoro'

1164 1255 1200 1276 ac
1224 1241 1288 1284 ejus
1311 1249 1463 1286 impietate
1485 1246 1576 1278 dicit.
1607 1244 1787 1280 Affirmant
1802 1242 1844 1279 ad
1855 1243 1954 1277 istum
1965 1241 2056 1277 libel-

1165 1293 1235 1327 lum
1254 1295 1417 1328 emanasse
1439 1294 1609 1329 laudatum
1628 1295 1746 1330 Sansti
1759 1294 1870 1329 Procli
1883 1294 2036 1328 Tomum
2048 1318 2055 1325 .

1165 1342 1356 1380 Labuntur.
1378 1343 1514 1379 Etenim
1525 1345 1615 1378 illius
1626 1344 1733 1381 Tomi
1747 1345 1905 1380 obtentor
1928 1343 2059 1378 libellus

1167 1394 1230 1427 fuit
1247 1394 1359 1428 missus
1378 1393 1398 1427 a
1418 1394 1495 1429 solis
1522 1395 1670 1430 secundae
1691 1395 1858 1431 Armeniae
1869 1393 2062 1438 Episcopi&

1167 1444 1201 1478 &
1226 1454 1281 1487 per
1301 1443 1389 1479 solos
1399 1442 1483 1479 duos
1506 1444 1719 1488 Presbyteros
1729 1446 1911 1481 Leontium
1923 1455 1961 1478 ac
1972 1442 2061 1477 Abe-

1167 1494 1252 1528 rium
1275 1518 1286 1534 ,
1313 1493 1347 1527 &
1370 1494 1487 1529 detulit
1514 1496 1651 1530 unicum
1679 1495 1853 1530 Theodori
1884 1494 2060 1534 volumen;

1167 1553 1201 1578 at
1213 1542 1288 1578 vero
1299 1542 1356 1578 hic
1371 1545 1524 1590 legantur
1546 1546 1654 1589 plures
1662 1571 1674 1588 ,
1699 1545 1733 1580 &
1745 1545 1764 1580 a
1784 1544 1931 1589 pluribus
1943 1541 2063 1578 Genti-

1168 1594 1229 1628 bus
1253 1594 1376 1629 Clerici
1395 1620 1408 1636 ,
1434 1595 1594 1637 fimulque
1618 1595 1771 1639 Episcopi
1806 1595 1840 1627 &
1875 1591 2060 1627 Monachi.

1168 1643 1301 1678 Deinde
1311 1644 1400 1687 prior
1411 1644 1554 1690 Legatio
1566 1656 1604 1678 ac
1626 1642 1822 1688 supplicatio
1833 1642 1897 1677 fuit
1908 1641 2062 1676 omnium

1169 1693 1273 1737 prima
1297 1693 1452 1737 advorsus
1484 1690 1728 1736 Theodorum3
1754 1702 1788 1728 at
1810 1690 1890 1727 vero
1903 1690 1971 1726 haec
1981 1693 2065 1726 faeta.

1167 1743 1212 1779 est
1230 1743 1301 1788 post
1325 1744 1433 1778 varios
1452 1743 1603 1784 libellos,
1629 1743 1701 1787 post
1715 1743 1801 1778 varia
1812 1744 1914 1786 usque
1925 1742 1966 1776 ad
1980 1752 2064 1775 mor-

1169 1804 1237 1828 tem
1259 1794 1457 1828 certamina.
1484 1792 1633 1828 Proinde
1655 1792 1724 1827 haec
1747 1794 1892 1836 Legatio
1914 1792 1960 1824 est
1981 1790 2066 1831 ista,

1171 1842 1213 1876 de
1233 1853 1297 1885 qua
1323 1845 1431 1886 pergit
1446 1842 1621 1876 Liberatus
1635 1843 1826 1876 Diacouus:
1858 1840 1925 1880 Post
1939 1840 2001 1873 baec
2010 1851 2066 1873 au-

1170 1899 1250 1931 tem,
1270 1890 1408 1932 occafione
1429 1898 1551 1933 accepta
1563 1915 1575 1931 ,
1597 1889 1794 1933 sim-exerunt
1818 1892 1946 1933 quidam
1959 1893 2067 1935 Mona-

1170 1940 1219 1974 cbi
1239 1940 1278 1974 ab
1301 1944 1443 1975 Armenia
1457 1965 1468 1980 ‚
1495 1942 1678 1982 Apollinaris
1703 1941 1865 1975 sellatores
1888 1964 1900 1979 ,
1926 1941 1984 1974 duo
2013 1941 2066 1974 vel

1171 1999 1232 2024 tres
1255 2014 1268 2031 ,
1287 1990 1363 2032 ficut
1382 1990 1477 2032 refert
1493 1994 1638 2034 Joannes
1661 1990 1858 2023 Antiochensis
1875 1994 1908 2022 in
1929 1989 2066 2031 Epistola

1165 2039 1225 2082 sua
1237 2063 1248 2080 ‚
1271 2047 1431 2080 portantes
1442 2048 1585 2080 excerpta
1601 2042 1747 2081 Capitula
1756 2042 1768 2080 ',
1793 2048 1828 2072 ut
1838 2038 1977 2073 dicebant
1988 2063 2000 2079 ,
2026 2038 2065 2073 de

1170 2088 1258 2122 libris
1279 2087 1425 2122 Tkodori
1448 2113 1459 2128 ‚
1485 2089 1539 2122 vel
1556 2090 1684 2123 aliorum
1715 2089 1890 2124 Sanctorum
1912 2091 2067 2130 Parrum,

1171 2144 1223 2182 qui
1247 2144 1280 2171 in
1291 2138 1342 2172 illo
1353 2146 1483 2181 tempore
1496 2163 1508 2179 ,
1529 2138 1601 2180 ficut
1617 2141 1753 2173 diximus
1763 2165 1774 2182 ,
1801 2149 1902 2174 contra
1914 2139 2068 2182 Apollina-

1171 2200 1235 2223 rem
1248 2187 1452 2231 scripserant:
1480 2191 1525 2221 Et
1547 2195 1703 2223 intrantes
1729 2194 1856 2233 Regiam
1888 2194 2068 2229 civitatem,

1173 2240 1207 2272 <a
1228 2241 1385 2272 multorum
1405 2236 1599 2280 sordidantes
1626 2240 1765 2272 auditum
1784 2263 1797 2279 ,
1822 2239 1993 2272 calliditate
2008 2238 2067 2281 sua

1173 2293 1273 2322 omnia
1293 2287 1516 2330 perturbabant
1542 2314 1549 2320 .
1577 2288 1697 2321 Deinde
1730 2293 1943 2322 circumeuntes
1975 2293 2068 2322 totius

1173 2342 1306 2373 Orientis
1319 2342 1461 2372 civitates
1476 2363 1486 2379 ‚
1511 2339 1545 2372 ὦ*
1556 2336 1698 2380 universa
1710 2337 1885 2379 Monasteria
1895 2363 1906 2379 ,
1917 2339 2069 2372 damnan-

1173 2387 1215 2418 da
1226 2387 1276 2428 effe
1287 2398 1352 2419 cum
1367 2387 1542 2419 authoribus
1554 2387 1727 2426 clamabant
1739 2411 1750 2428 ,
1774 2387 1947 2432 accusantes·
1956 2400 1992 2422 ea
2004 2392 2068 2421 Ne-

1168 2433 1296 2474 storiano
1303 2433 1391 2477 sensu
1403 2435 1455 2477 esse
1465 2434 1628 2477 conscripta
1638 2461 1645 2468 .
1676 2437 1823 2470 Dicebant
1834 2461 1841 2468 .
1869 2441 1956 2481 ,Quia
1962 2436 1988 2478 fi
1995 2441 2070 2471 ΝΡ.

1167 2484 1275 2524 storius
1281 2483 1360 2525 juste
1371 2486 1536 2518 damnatus
1547 2484 1585 2524 est
1596 2509 1607 2524 ,
1621 2485 1804 2520 damnentur
1815 2488 1848 2520 Θ
1858 2486 1911 2525 ista
1923 2497 1988 2520 cum
1999 2485 2064 2529 suis

1178 2533 1354 2567 authoribus
1367 2558 1374 2565 .
1402 2536 1447 2566 Ει
1467 2534 1693 2578 baec‘agebant‚
1714 2536 1839 2577 firmare
1849 2538 1982 2570 volentes
2004 2547 2040 2569 ea
2056 2559 2068 2575 ,

1175 2595 1241 2627 quae
1265 2583 1443 2625 Apollinaris
1457 2582 1555 2625 sunt,
1581 2590 1634 2626 qui
1642 2593 1699 2626 per
1709 2596 1803 2619 unam
1826 2594 1967 2621 naturam
1978 2584 2068 2619 Chri»¹

1169 2633 1245 2674 stum
1257 2633 1340 2666 nobis
1363 2630 1655 2675 consubstantialem,
1679 2632 1830 2678 exposuit?
1858 2639 2068 2680 ,Quiquorum-
2082 2656 2196 2697 Cap-¹0

1178 2685 1251 2717 dam
1272 2690 1389 2718 utentes
1398 2689 1563 2724 patrocinio
1579 2684 1769 2724 ,.terrebant
1795 2691 1887 2718 m'mis
1915 2689 2064 2726 elericos,
2196 2678 2209 2693 ²

1176 2735 1303 2777 Populos
1316 2758 1326 2773 ,
1352 2734 1387 2766 (a
1399 2732 1557 2767 Monacbos
1570 2757 1582 2774 ,
1607 2740 1659 2776 qui
1674 2740 1776 2768 vitam
1782 2730 1976 2779 seblabantur
1988 2742 2066 2781 quie-

1175 2793 1258 2818 tam.
1286 2782 1401 2817 Palam
1425 2784 1554 2828 respicit
1578 2786 1767 2827 praesentem
1789 2786 1939 2821 libellum
1958 2809 1966 2819 .
1993 2787 2065 2831 lpse

1175 2836 1265 2869 enim
1278 2833 1394 2868 diserte
1414 2834 1554 2869 affirmat
1575 2833 1751 2870 Theodori
1780 2836 1934 2879 Capitula
1957 2860 1969 2876 ,
1994 2847 2065 2880 qua:

1175 2884 1242 2927 ejus
1250 2884 1449 2920 Defensores
1463 2884 1620 2920 volebant
1632 2884 1786 2931 ambigua
1800 2910 1812 2926 ,
1838 2886 1873 2919 δε
1896 2886 1930 2919 in
1942 2886 2065 2921 restam

1177 2936 1305 2969 sensum
1328 2935 1524 2979 exponenda
1536 2960 1548 2977 ,
1574 2938 1637 2970 effe
1648 2937 1829 2979 conscripta
1841 2936 1931 2970 sensu
1943 2934 2065 2971 Nesto·

1176 2985 1291 3026 riano,
1318 2985 1460 3030 ideoque
1485 2985 1578 3030 petiit
1599 2984 1819 3020 Theodorum
1839 2983 2010 3020 manifeste
2024 2996 2062 3020 ae

1177 3035 1375 3071 nominatim
1394 3034 1680 3077 anathematizari,
1710 3037 1759 3070 uti
1785 3035 1870 3080 apud
1895 3032 2061 3080 Ephesum

1176 3084 1464 3121 anathematizatus
1483 3087 1546 3121 fuit
1566 3085 1740 3120 Nestorius
1752 3108 1761 3118 .

1227 3136 1332 3171 Porro
1354 3136 1525 3172 Liberatus
1552 3137 1615 3170 fuit
1638 3134 1788 3179 pertinax
1798 3135 2061 3184 quintaeSynodi

1180 3186 1411 3228 Adversarius,
1438 3199 1476 3222 ac
1497 3186 1660 3220 Defensor
1681 3188 1782 3222 trium
1808 3187 2040 3232 Capitulorum
2053 3211 2060 3219 .

1181 3238 1271 3272 Hinc
1293 3236 1439 3273 humano
1460 3237 1515 3271 die
1537 3247 1776 3282 praeoccupatus
1788 3237 1936 3283 quaedam
1956 3246 2059 3272 errat.

1180 3287 1290 3323 Primo
1313 3313 1324 3329 ‚
1350 3288 1440 3332 quod
1463 3285 1521 3320 ista
1545 3287 1699 3331 Capitula
1720 3290 1845 3324 fuerint
1865 3299 1934 3323 non
1960 3288 2060 3321 solius

1182 3337 1379 3378 Theodori,
1405 3337 1458 3371 sed
1480 3336 1515 3370 δε
1534 3336 1674 3373 aliorum
1697 3338 1889 3374 Sanctorum
1903 3339 2057 3375 Parrum»

1183 3388 1238 3431 qui
1258 3388 1320 3428 isto
1352 3399 1497 3433 tempore
1522 3387 1712 3433 scripserant
1742 3399 1857 3433 contra
1890 3385 2061 3439 Apollina-

1595 3439 1632 3474 N
1687 3450 1706 3488 3
1902 3443 1987 3469 num
1999 3457 2008 3467 0
