2320 3730
353 164 455 212 256

276 334 393 376 illique
406 332 590 375 adjuntlam
607 331 722 377 Ephesi
734 332 903 375 epistolam
928 329 1020 363 fuisse
1031 338 1164 370 compo·

276 384 368 418 sitam
381 382 397 419 ὲ
409 382 627 419 Theodoreto
642 406 650 415 .
681 383 760 415 Huc
774 382 872 422 usque
885 378 918 412 id
930 378 1162 422 ignoravimus.

277 434 430 470 Affirmat
444 445 510 467 non
526 444 658 467 ornnem
673 431 763 463 istam
777 428 946 472 epistolam
959 453 969 469 ‚
996 428 1049 462 sed
1061 428 1162 462 solam

272 493 316 517 ex
338 482 405 531 ipsa
419 484 608 518 exstrastam
639 479 714 513 fidei
726 479 963 524 profeffioneml
975 478 1067 512 fuisse
1078 478 1164 512 dela—

274 542 342 568 tam
363 533 513 575 Cyrillo:
543 530 729 565 Exordium
754 530 787 564 ὃς
811 529 910 562 finem
933 529 1025 563 fuiffe
1046 539 1164 572 praeter-

273 583 382 619 miffa.
411 584 454 618 Et
472 593 560 626 putat
572 579 661 626 quod
678 579 827 624 pessime.
857 580 918 613 Ista
929 579 1018 617 enim
1030 579 1161 617 damna-

276 633 359 671 bant
381 633 500 676 Cyrilli
536 631 845 671 anathematismos,
872 628 1011 674 ideoque
1040 627 1159 669 horum

272 684 490 726 praetermiffio
503 683 547 716 est
560 680 728 716 manifesta
742 680 874 717 illorum
899 680 1130 724 comprobatio
1150 704 1157 711 .

241 759 243 762 ,
269 733 364 770 Hinc
392 734 436 767 ait
448 733 614 776 Cyrillum
642 731 714 765 fore
737 731 772 766 in
800 732 864 772 suis
877 731 1042 774 Capitulis
1063 730 1157 778 plene

590 781 701 829 Qare
727 782 898 820 concludit
922 782 954 816 se
975 793 1045 818 non
1068 781 1157 825 posse
1222 792 1346 843 Idem

266 842 319 866 aut
336 832 473 875 Ioannis
501 840 556 865 aut
567 832 686 874 Cytilli
701 832 929 875 pacificatoriis
953 832 1067 867 litteris
1087 830 1158 865 sub.

266 881 423 922 scribere.
452 881 542 921 Nam
554 882 610 925 qui
624 881 816 923 subscribere
832 883 940 917 noluit
954 908 964 923 ,
991 883 1071 916 dum
1083 882 1154 916 ade·

263 942 311 965 rat
329 932 561 975 Capitulorum
575 933 745 973 damnatio
759 957 771 973 ‚
795 932 966 979 quomodo
977 931 1039 968 hac
1051 932 1154 973 subla-

269 783 533 817 confirmandum
556 805 563 812 .

265 990 297 1020 ta
316 982 412 1032 poffit
434 993 570 1023 manum
583 985 775 1028 apponere?

442 1291 726 1353 ‚CAPUT
762 1293 955 1348 XCVII,
1002 1294 1142 1356 ÷÷185

373 1483 543 1552 Epssola
590 1482 816 1537 Theod07‘etz'
848 1518 862 1542 ,
915 1500 1030 1548 quam

486 1552 673 1621 rt‘scripfit
727 1551 929 1621 Episwpo'

575 1622 809 1678 Alexandro,
863 1626 865 1628 ’

342 1811 467 1856 Ulpavi
488 1813 600 1857 &ipse
609 1810 706 1856 hujus
717 1813 762 1847 rei
775 1814 870 1848 causa
883 1812 1025 1850 Paulum
1039 1824 1046 1843 :
1073 1809 1142 1849 Fal-

364 1864 395 1896 sa
406 1863 451 1898 est
464 1887 471 1895 .
504 1864 547 1897 Et
558 1874 673 1898 eorum
686 1875 812 1901 memor
823 1863 892 1896 sum
906 1886 917 1903 ,
944 1873 1014 1906 quae
1027 1858 1142 1904 Ephesi

247 1913 479 1958 contigerunt.
508 1914 600 1948 Novi
624 1912 784 1947 subtiliter
811 1910 963 1953 causamj
987 1922 1142 1954 tanquam

248 1963 272 1997 si
285 1962 385 1996 hodie
398 1966 480 1997 fasta
494 1964 549 1996 fit.
578 1964 623 2001 Et
633 1973 790 2006 tanquam
807 1974 919 1996 coram
941 1961 1014 2006 ipfis
1027 1962 1143 1995 verita·

248 2020 317 2048 tem
330 2012 371 2045 fic
384 2012 482 2052 dico,
512 2013 589 2055 quia
608 2023 686 2046 mox
699 2022 736 2046 ut
758 2011 825 2055 legi
839 2010 1103 2055 redargutionem
1123 2011 1141 2043 a

251 2072 286 2096 te
311 2061 429 2096 fastam
450 2087 460 2103 ,
487 2060 579 2096 dolui
604 2063 718 2098 animo
741 2084 752 2100 ‚
779 2060 884 2093 sciens
909 2059 1140 2097 discretionem

250 2113 439 2148 Sanstitatis
451 2121 514 2146 tuae
524 2136 531 2144 .
558 2110 715 2155 Mihique
728 2107 821 2147 valde
834 2108 1002 2152 displicuit
1011 2133 1023 2150 ,
1051 2107 1141 2150 quod

252 2162 426 2201 Mediator
438 2162 528 2205 ejus,
553 2172 622 2205 quae
645 2161 785 2201 dicitur,
810 2160 899 2201 pacis
912 2160 1040 2199 fastus,
1064 2158 1140 2207 quia

252 2213 356 2247 sciens
366 2207 647 2255 perturbationem
659 2233 672 2249 ‚
696 2220 766 2252 quae
779 2207 896 2250 Ephesi
907 2209 990 2245 faeta
999 2209 1046 2241 est
1058 2231 1070 2248 ‚
1095 2217 1142 2243 at·

254 2273 317 2306 que
330 2261 512 2296 molestiam
527 2284 538 2300 ,
565 2257 627 2298 hac
638 2258 742 2303 magis
755 2256 977 2301 propositione
989 2258 1064 2290 usus
1073 2256 1119 2290 est
1128 2280 1140 2297 ,

254 2314 369 2348 &non
385 2312 451 2346 illis
474 2311 567 2352 aliis,
593 2308 712 2352 quaein
735 2304 919 2342 Antiochia
942 2308 1031 2342 fastae
1050 2306 1141 2340 sunt.

255 2364 333 2408 Ego
347 2360 425 2397 vero
438 2371 569 2406 propter
579 2358 694 2394 omnia
705 2357 917 2393 necessarium
927 2357 1066 2392 arbitror
1078 2381 1089 2398 ,
1106 2366 1142 2390 ut

255 2413 456 2455 ubicumque
467 2411 558 2456 jubes
569 2435 580 2451 ,
605 2408 842 2447 conveniamus
853 2432 860 2440 .
888 2406 949 2443 Sed
975 2409 1009 2442 &
1028 2407 1144 2444 Domi-

254 2475 317 2499 nus
331 2475 422 2498 meus
433 2464 509 2501 Deo
521 2461 748 2500 Amiciffimus
781 2459 963 2502 Episcopus
976 2458 1125 2493 Andreas
1136 2481 1144 2490 .

257 2514 293 2549 Si
303 2513 379 2549 vero
391 2524 453 2548 tuae
466 2512 621 2557 placuerit
633 2510 801 2547 Sanstitati
814 2533 825 2550 ,
849 2519 886 2543 ut
899 2510 933 2544 ὃς
944 2509 1002 2545 alii
1014 2509 1146 2552 Episco-

256 2565 293 2608 pi
303 2564 441 2600 veniant
457 2562 666 2607 Hierapolim
678 2584 690 2600 ,
717 2559 820 2594 autin
832 2558 1014 2602 Zeugmate
1038 2569 1147 2601 quate·

257 2614 322 2649 nus
333 2616 471 2660 paritet,
497 2622 606 2648 utrum
623 2611 645 2646 si
656 2608 735 2657 quid
747 2605 915 2652 agendum
936 2609 972 2642 fit
993 2607 1146 2643 delibere-

258 2662 342 2704 mus
360 2668 372 2707 (
386 2673 456 2697 non
480 2663 571 2696 enim
583 2671 678 2705 parva
688 2659 781 2692 causa
805 2659 969 2699 versatur,
997 2658 1050 2693 sed
1064 2661 1146 2703 prin-

258 2713 452 2759 cipaliffima
482 2711 637 2750 omnium
658 2716 670 2751 )
706 2707 842 2743 scribere
867 2709 968 2752 igitur
992 2707 1147 2754 dignetur

260 2762 423 2801 Sanctitas
433 2772 489 2800 tua
502 2759 654 2806 praedi-sto
665 2759 741 2793 Deo
754 2757 962 2793 Amiciffimo
979 2759 1146 2803 Episcopo

261 2813 459 2852 &Domino
472 2810 631 2850 Andreae:
660 2810 704 2843 Et
730 2808 753 2841 fi
776 2808 958 2850 promiserit
979 2810 1011 2846 se
1021 2809 1147 2844 adfutu-

261 2877 336 2902 rum
355 2890 366 2906 ,
391 2861 548 2907 dignetur
567 2860 725 2897 ,Sanctitas
747 2865 804 2890 tua
824 2858 1006 2902 significate
1030 2859 1113 2897 mihi
1135 2884 1149 2905 2

263 2913 331 2961 quo
343 2913 473 2952 veniam
486 2936 498 2954 ‚
522 2911 557 2949 &
581 2907 745 2949 continuo
755 2906 869 2946 adero!

265 3036 372 3084 Haec
407 3032 601 3101 Epistola
635 3068 649 3092 ,
696 3031 729 3082 fi
776 3047 875 3082 vera
908 3030 1148 3091 credatur,

334 3121 424 3152 non
459 3100 762 3156 inexcusabilis
797 3101 906 3152 mihi
940 3101 1114 3153 videtur
1136 3139 1150 3153 .

338 3175 493 3225 Potuit
527 3175 645 3222 enim
681 3189 770 3223 non
791 3172 850 3223 ob
875 3173 963 3222 hoc
998 3174 1040 3223 ei
1066 3171 1151 3221 dis-

337 3242 502 3309 plicere
552 3243 712 3290 Paulus
763 3241 995 3294 Emesenus
1045 3245 1150 3311 Epi-

338 3308 490 3382 scopus
525 3346 538 3376 ,
573 3314 678 3383 quia
712 3314 832 3381 quali
866 3331 958 3367 nonn
987 3330 1148 3366 conve-

702 150 1036 197 vAaronuM
1072 149 1698 211 Pmnunffimsrom,

277 236 338 270 &c
365 234 427 268 Per
452 233 618 267 novellam
645 232 816 278 epistolam
843 232 1002 275 intelligit
1029 227 1165 272 Joannis

279 284 533 329 pacificatoriam
546 307 557 324 ,
571 284 605 318 ὅ(
621 283 712 320 addit
725 283 816 318 istam
827 283 903 316 fidei
920 280 1166 323 professionem,-

1295 230 1488 279 nientem
1533 231 1637 283 fidei
1670 232 1915 285 -Catholicae
1956 251 2110 302 pacem

1298 297 1451 349 fecerit
1486 336 1500 360 ,
1550 298 1621 352 sed
1665 305 1770 368 quia
1821 322 1909 355 non
1962 309 2023 355 ita
2060 323 2109 356 ut

1295 369 1600 419 infirmioribus
1637 370 1876 423 consuleret
1909 379 2109 425 Orientis

1295 439 1524 508 Episcopis
1562 477 1573 488 .
1615 445 1674 490 Et
1712 440 1831 495 certe
1871 443 1978 508 ipsas
2013 451 2108 495 uni-

1292 513 1407 561 tivas
1442 511 1657 580 Epistolas
1683 514 1799 566 circa
1834 512 1961 566 fidem
1999 535 2102 584 pau-

1292 581 1338 631 Ῑὸ
1374 582 1476 632 ante
1513 581 1764 637 laudaverat
1789 620 1802 632 .
1851 583 1994 633 Immo
2029 601 2107 640 nee

1295 668 1489 721 unquam
1526 653 1701 706 laudare
1738 654 1885 708 defiit-

1383 799 1563 850 Irenaeus
1599 799 1661 851 ait
1673 833 1685 851 .

1406 988 1905 1038 Scirot1oN.

1293 1129 1467 1165 Raecedens
1503 1130 1685 1165 Alexandri
1733 1133 1870 1176 epistola
1919 1135 2102 1173 commovit

1315 1179 1525 1215 Theodoreti
1558 1182 1707 1215 animum
1734 1206 1742 1214 .
1778 1183 1968 1226 Respondet
1995 1185 2101 1228 plura.

1216 1228 1353 1272 Primo,
1379 1229 1467 1276 quod
1480 1231 1603 1269 Paulus
1621 1233 1800 1272 Emesenus
1809 1232 1893 1270 male
1903 1234 2022 1279 egerit.
2049 1232 2106 1269 U-

1216 1281 1305 1324 tique
1328 1281 1369 1318 ad
1391 1281 1556 1325 Cyrillum
1576 1282 1781 1327 deportando
1792 1283 1897 1323 solam
1908 1282 2102 1328 Ephefinam

1215 1331 1292 1370 fidei
1315 1331 1544 1375 professionem
1565 1332 1632 1371 fine
1662 1331 1810 1376 adjuncta
1830 1333 1965 1378 epistola
1989 1346 1998 1366 ε
2023 1334 2103 1369 Sine

1213 1381 1280 1427 ejus
1289 1382 1428 1420 exordio
1449 1383 1576 1425 &fine,
1601 1394 1670 1428 quae
1681 1383 1882 1421 damnabant
1906 1383 2028 1430 cyrilli
2037 1382 2107 1418 Ca*

1216 1432 1330 1473 pirula.
1362 1431 1535 1473 Secundo,
1562 1433 1652 1478 quod
1671 1444 1739 1468 non
1760 1432 1929 1470 venialiter
1940 1433 2102 1478 peccarit,

1214 1481 1264 1516 sed
1284 1481 1488 1526 gravisfime:
1515 1483 1621 1530 Qod
1639 1484 1840 1521 commiserit
1863 1482 1989 1522 crimen
2008 1482 2099 1521 fnlfi.

1213 1531 1355 1569 Duobus
1365 1532 1493 1570 modis.
1523 1530 1694 1571 Portando
1706 1534 1892 1571 mutilatam
1905 1533 2103 1577 epistolam,

1212 1581 1246 1615 &
1267 1581 1460 1619 affirmando
1472 1581 1571 1624 ipsam
1583 1583 1646 1617 effe
1663 1584 1766 1619 totius
1777 1583 1960 1619 Orientalvis
1971 1581 2101 1618 Dm

1213 1631 1339 1671 ceseos.
1367 1631 1411 1669 Et
1431 1631 1566 1676 quidem
1587 1631 1720 1676 Epheso
1743 1633 1896 1677 scriptam
1921 1628 2103 1670 adprime!-

1213 1693 1304 1725 pem.
1332 1682 1511 1720 Haecenim
1527 1683 1643 1723 omnia
1655 1681 1779 1720 Paulus
1796 1679 2103 1726 accusaturimprot·

1211 1732 1279 1766 fiffe
1299 1731 1452 1774 Cyrillo.
1480 1730 1716 1766 Theodoretus
1735 1731 1835 1766 tertio
1859 1731 1943 1767 dicit
1961 1740 2101 1773 eorunm

1211 1793 1279 1825 quae
1300 1781 1417 1825 Ephesi
1439 1782 1511 1816 sunt
1525 1782 1606 1818 facta
1627 1780 1779 1819 adversus
1788 1781 1957 1826 epistolam
1968 1782 2026 1817 fibi
2035 1783 2101 1817 effe

1212 1841 1375 1870 recentem
1396 1832 1611 1873 memoriam,
1638 1830 1781 1875 ideoque
1800 1834 1834 1868 se
1852 1832 1983 1873 dolere,
2006 1832 2100 1877 quod

1211 1892 1287 1917 ante
1297 1881 1383 1926 pacis
1409 1881 1679 1926 subscriptionem
1695 1882 1820 1921 attente
1840 1882 1882 1918 ad
1893 1882 1950 1917 illa
1972 1889 2100 1921 nonm-

1211 1933 1357 1971 flexerit.
1386 1933 1435 1968 Et
1450 1932 1591 1968 Paulum
1615 1933 1814 1969 Emesenum
1835 1932 1948 1971 denuo
1966 1933 2099 1977 culpan

1210 1982 1300 2026 quod
1313 1983 1406 2018 istam
1418 1981 1614 2027 Ephesumn
1637 1983 1916 2027 perturbationem
1935 1990 1978 2020 ae
1998 1983 2101 2018 mole&

1209 2033 1303 2067 stiam
1325 2033 1450 2072 sciens,
1477 2033 1609 2075 Cyrillo
1628 2034 1723 2070 istam
1735 2034 1963 2077 professionem
1973 2031 2100 2069 obtul&

1208 2080 1273 2120 rit,
1297 2080 1331 2113 ἀ
1354 2091 1423 2113 non
1443 2080 1500 2113 illa
1513 2092 1583 2123 quae
1602 2082 1685 2114 facta
1711 2083 1758 2117 est
1769 2082 1980 2117 Antiochiae.
2009 2078 2100 2117 Uti-⁴.

1210 2140 1272 2171 que
1295 2128 1366 2174 post
1389 2128 1524 2173 Joannis
1549 2129 1689 2167 reditum
1705 2141 1749 2166 ex
1767 2130 1929 2174 Ephelina
1939 2131 2097 2176 Synodo.

1208 2179 1313 2214 Tunc
1336 2178 1510 2217 enimille
1531 2180 1612 2214 fecit
1632 2179 1824 2216 Antiochia
1843 2181 2038 2227 Synodum,
2062 2181 2099 2216 δε

1210 2228 1322 2263 denuo
1344 2228 1515 2263 damnavit
1531 2228 1707 2273 Capitula.
1730 2227 1784 2265 Ex
1806 2228 1870 2265 hac
1888 2230 2024 2275 epistola
2049 2230 2101 2267 di*

1211 2279 1350 2320 scimus,
1376 2276 1465 2322 quod
1487 2278 1589 2314 etiam
1617 2289 1740 2313 novam
1759 2278 1836 2318 fidei
1867 2280 2098 2324 professionem

1210 2328 1368 2364 emiserit.
1395 2327 1500 2375 Qiod
1510 2329 1653 2376 Joannes
1671 2328 1843 2375 plusquam
1853 2330 2097 2377 quinquaginta

1211 2378 1378 2423 synodica
1399 2378 1510 2414 fecerit
1532 2378 1682 2417 adversus
1702 2378 1761 2416 ista
1781 2380 1956 2424 Capitulis,
1981 2379 2099 2416 Theo-

1211 2429 1342 2464 doretus
1360 2429 1499 2466 affirmat
1522 2429 1558 2463 in
1577 2428 1693 2464 litteris
1718 2428 1760 2464 ad
1780 2429 1850 2473 ejus
1875 2428 2098 2467 successorem

1210 2481 1404 2514 Domuum.
1431 2479 1495 2515 Ista
1506 2479 1655 2523 profeffio
1677 2478 1756 2516 latet
1767 2489 1824 2515 aut
1834 2480 1952 2523 periit.
1979 2478 2097 2514 Theo-

1212 2531 1345 2565 doretus
1355 2529 1488 2567 tandem
1499 2529 1690 2567 Alexandro
1701 2529 1815 2564 suadet
1826 2553 1837 2571 ,
1858 2539 1895 2565 ut
1906 2529 1947 2564 ad
1970 2526 2038 2564 haec
2047 2527 2096 2564 di-

1211 2580 1379 2620 scutienda
1391 2578 1515 2614 indicat
1526 2578 1698 2622 Synodum
1709 2579 1771 2613 suae
1788 2579 1987 2616 Provinciae.
2013 2577 2096 2614 Sub·

1213 2641 1303 2667 nexae
1327 2628 1570 2666 subnotationis
1589 2625 1708 2666 author
1726 2640 1797 2667 non
1818 2630 1998 2676 penetravit
2020 2629 2094 2666 fan·

1212 2681 1292 2721 dum
1302 2679 1462 2728 epistolar.

1397 2983 1482 3133 ἒ
1822 2981 1908 3132 ἓ

1960 3378 2039 3417 CA-
