2320 3730
601 150 911 201 Scz-10L113‚
958 161 1020 194 ετ
1057 144 1251 192 Νοτιε
1290 154 1688 192 inustum-ze.

208 236 304 279 aar(
316 230 419 272 modo
438 230 543 275 enims
551 231 649 268 nobis
669 257 681 273 ,
706 242 743 268 ut
763 233 945 268 exercitatis
968 232 1002 266 in
1022 230 1095 266 aliis

208 286 309 320 causis
319 309 332 326 ,
355 282 464 318 facilia
476 282 627 318 videntur
638 283 782 320 universa
797 285 810 326 )
822 293 877 318 aut
898 283 1010 318 decern
1022 281 1094 315 mil-

209 335 255 370 lia
265 342 383 371 mortes
395 333 559 377 excipiam
570 358 582 376 ,
609 334 686 372 Deo
699 346 753 370 me
775 335 901 371 &tunc
924 331 1036 367 denuo
1047 343 1096 366 ro-

210 385 347 421 borante
367 409 379 425 ,
403 384 543 419 noscetis
563 383 652 429 quod
684 396 744 420 vos
771 385 813 420 ad
836 381 1093 429 persuadendum

207 433 305 469 nobis
326 434 392 468 sitis
413 434 535 470 infirmi
552 459 564 476 ,
590 435 645 470 sed
659 446 721 470 nos
736 434 896 479 proclives
920 443 988 466 non
1001 433 1096 465 fimus

207 483 249 519 ad
258 483 479 527 perdendum,
506 484 597 530 quod
606 486 791 529 accepimus
801 484 820 517 ὲ
832 483 987 518 Domino
1001 480 1096 515 Chri-

207 533 278 575 ΒΟ,
306 534 522 578 Depositum.
549 534 652 578 Cujus
663 534 775 579 procul
797 532 903 569 dubio
926 530 1097 567 &restitu-

206 583 335 620 tionem
346 584 558 632 deposcemur
579 584 622 620 ab
633 595 675 621 eo
688 610 697 619 .

396 741 900 785 Senomon.

208 882 390 971 HAEc
399 884 536 929 epistola
547 896 608 920 nos
619 884 718 920 docet
730 883 820 928 plura
830 908 837 916 .
867 878 997 922 Primo,
1008 877 1096 924 ‘1¹¹0d

343 934 590 980 zeugmatensis
610 933 763 978 Synodus
775 932 916 967 omnino
934 941 1097 965 convene-

202 986 249 1021 rit
258 1011 266 1017 .
293 984 455 1027 Secundo,
468 984 557 1028 quod
566 984 608 1019 ab
621 984 754 1019 Andrea
764 993 802 1016 ac
813 980 1033 1016 Theodoreto
1045 990 1096 1024 po·

203 1035 323 1072 stulata
340 1034 438 1067 suerit
455 1033 498 1067 ad
521 1031 739 1067 reducendam
751 1032 883 1072 Ovem,
909 1042 978 1075 quae
999 1031 1098 1075 perie-

203 1093 273 1118 rat.
299 1082 434 1126 Utique
453 1081 706 1126 Metropolitam
741 1081 990 1117 Alexandrum.
1015 1080 1097 1114 Ter-

202 1130 279 1174 tio,
305 1132 686 1178 quodipsequamquam
711 1131 887 1175 plurimum
909 1130 1096 1176 tergiversa-

202 1193 277 1224 tus,
303 1181 439 1219 tandem
455 1183 675 1226 comparuerit
704 1181 745 1216 ad
771 1181 965 1226 synodum.
992 1180 1096 1226 Qar-

204 1231 243 1267 ιὸ
274 1254 286 1270 ,
309 1232 400 1277 quod
423 1243 541 1268 ornnes
565 1233 720 1279 Episcopi
756 1242 894 1267 omnem
930 1230 1096 1267 charitatis

202 1281 347 1325 :speciem
376 1281 579 1317 ostenderint
606 1282 647 1317 ad
673 1283 780 1326 ipsum
807 1280 1031 1318 instruendum
1057 1292 1095 1315 ac

202 1330 430 1367 reducendum
462 1358 469 1365 .
510 1330 643 1381 Qinto
668 1357 680 1374 ,
716 1331 806 1377 quod
832 1332 890 1376 ipsi
916 1330 1095 1376 persuaderi

203 1393 276 1416 :non
288 1383 430 1424 potuerit
449 1383 569 1428 Cyrilli
582 1383 778 1426 poenitentia
791 1407 803 1423 ,
828 1382 970 1427 ideoque
981 1393 1041 1417 nec
1053 1381 1097 1415 le—

203 1430 366 1477 gitimitas
386 1432 475 1476 pacis
494 1457 502 1467 .
529 1432 631 1469 Sexto
655 1456 667 1473 ‚
692 1432 783 1474 quod
807 1430 876 1467 haec
895 1443 964 1466 non
983 1431 1023 1467 fit
1043 1430 1094 1475 pia

202 1481 462 1522 condescensio,
490 1482 544 1518 sed
572 1483 673 1526 impia
695 1482 858 1526 diffipatio
882 1481 1095 1518 &confufi0..

202 1530 354 1575 Septimo
364 1531 515 1567 asseverat
527 1534 558 1566 se
566 1533 676 1575 potius
686 1532 779 1566 mille
791 1541 912 1567 mortes
932 1532 1096 1574 amplexu-

201 1591 300 1620 rum,
325 1592 425 1624 quam
442 1580 537 1615 istam
558 1591 687 1624 pacem.
714 1582 809 1614 Hinc
829 1591 923 1625 rogat
936 1579 992 1615 fibi
1005 1579 1096 1614 dein-

201 1639 279 1673 ceps
297 1629 316 1663 a
340 1629 433 1664 nullo
454 1630 523 1665 fieri
540 1630 744 1665 molestiam.
770 1633 898 1666 Omnes
924 1629 1094 1665 foreinfir-

202 1691 279 1716 mos
300 1679 342 1714 ad
364 1681 458 1715 istam
481 1681 734 1726 persuasionem.
765 1681 807 1715 Se
828 1682 899 1715 fore
910 1681 1042 1715 firmum
1053 1680 1094 1715 ad

202 1730 389 1764 custodiam
409 1730 589 1774 Deposui,
613 1730 655 1765 de
683 1741 751 1774 quo
774 1730 815 1765 ad
850 1729 1095 1771 Timotheum,

200 1779 354 1823 adeoque
375 1781 410 1814 &
430 1780 471 1816 ad
494 1791 610 1815 omnes
632 1780 813 1824 Episcopus
826 1781 947 1824 scripsit
959 1782 1094 1815 Sanstus

199 1829 347 1866 Paulus:
374 1829 540 1872 Depositum
557 1829 666 1871 custodi
678 1855 685 1862 .
713 1829 816 1865 Porro
825 1831 968 1873 Ioannes
983 1828 1039 1864 hic
1051 1829 1096 1863 vi-

202 1879 300 1914 detur
308 1889 423 1923 pacem
436 1879 532 1923 plene
543 1880 702 1914 admisisse
714 1904 726 1920 ,
752 1879 901 1924 adeoque
918 1880 953 1914 &
963 1879 1097 1914 damna-

201 1929 332 1964 tionem
344 1929 511 1964 Nestorii.
540 1930 629 1964 Nam
642 1929 818 1973 postmodo
828 1930 936 1964 adfuit
960 1927 1096 1965 Chalce-

201 1978 341 2014 donensi
354 1980 512 2016 Concilio
522 2003 533 2019 ,
557 1981 591 2014 δε
603 1979 729 2015 nullam
750 1979 880 2025 penitus
889 1980 955 2015 fuit
967 1982 1096 2015 exactus

201 2029 432 2073 professionem
459 2055 467 2063 .
495 2029 641 2065 Proinde
676 2030 850 2067 Nestorius
873 2052 885 2069 ‚
921 2031 1094 2064 nativitate

201 2079 477 2114 Germanicienfis
491 2092 509 2119 ¹,
535 2080 601 2114 fuit
624 2079 791 2113 derelictus
808 2079 828 2112 ὲ
849 2079 914 2112 suis
936 2078 1093 2113 Civibus.

201 2128 395 2174 Zeugmatis
418 2129 598 2174 Episcopus
618 2128 747 2165 videtur
768 2139 850 2164 tunc
871 2128 965 2164 fuisse
995 2128 1096 2164 Evol-

201 2179 292 2221 tius,
317 2180 371 2213 seu
391 2179 564 2220 Evortius‚
592 2180 650 2223 qui
673 2189 751 2213 cum
774 2179 900 2222 Ioanne
909 2179 974 2215 fuit
991 2179 1093 2215 etiam

202 2227 442 2264 Chalcedone.

426 2531 679 2581 CAPUT
713 2536 837 2582 CVI.
929 2552 1094 2601 --194

204 2723 407 2795 Epistola,
442 2723 614 2791 inquit,
650 2722 807 2772 Andreae
841 2723 895 2771 ad
933 2731 1092 2783 Oecono-

272 2814 351 2843 mos
386 2799 467 2843 Deo
511 2790 742 2860 Amiciffimi
775 2792 956 2864 Epifiopi
990 2794 1082 2844 Ale-

272 2863 418 2914 xandri
451 2901 465 2927 ,
510 2862 609 2931 quod
644 2869 973 2914 communicaverit
1008 2870 1091 2916 An-

271 2933 467 3000 tiochenis,
502 2940 562 2998 <93
582 2932 729 3003 reliquis
763 2938 925 2986 omnibus
944 2973 958 2986 .

200 3126 203 3131 '
299 3124 399 3162 Udio
409 3125 499 3170 quod
509 3123 603 3161 valde
612 3125 765 3163 irascatur
784 3128 1001 3167 Sanfflffimus
1013 3129 1087 3173 Epi·

325 3177 462 3221 scopus,
487 3176 522 3210 δε
533 3187 588 3220 per
598 3178 703 3214 multa
713 3179 785 3214 loca
795 3191 910 3217 contra
934 3193 996 3217 nos
1010 3181 1086 3225 Epi·

202 3227 304 3262 stolas
319 3225 464 3273 dirigat,
488 3227 577 3270 quasi
598 3227 775 3265 viderimus
793 3230 1082 3277 Religiosiffimum

202 3276 407 3322 Episcopum
418 3276 626 3314 Rabbulam.
653 3277 756 3325 Qod
777 3281 910 3326 quidem
929 3282 1082 3318 nondum

201 3327 369 3376 contigit.
395 3327 501 3377 Qod
521 3329 546 3364 fl
565 3328 766 3367 &evenisset
787 3354 800 3374 ,
825 3332 934 3369 nescio
955 3334 979 3370 fi
1004 3330 1084 3380 quid

1867 159 1963 209 263

1157 238 1336 264 commune
1349 227 1561 262 commissum
1570 228 1609 261 fit
1619 250 1630 266 ‚
1654 228 1912 280 undeindignari
1924 233 2044 270 debue-

1155 280 1197 316 rit
1215 304 1223 312 .
1251 279 1324 328 Qi
1344 277 1435 312 enim
1451 277 1550 314 semel
1570 280 1814 316 communicavi
1837 284 2042 320 Sanctiffimo

1159 330 1322 374 Episcopo
1333 327 1475 375 Ioanni,
1497 338 1676 373 pacemque
1687 331 1856 372 amplexus
1879 336 1948 370 sum
1961 359 1972 376 ,
1998 335 2043 371 ab

1156 380 1224 424 ejus
1256 378 1492 414 communione
1510 402 1521 418 ,
1556 378 1591 413 &
1612 377 1784 425 colloquio
1806 402 1818 418 ‚
1850 384 2042 429 aspectuque

1157 429 1314 472 repulsus,
1339 429 1521 475 repulsurus
1532 429 1602 463 sum
1621 428 1655 463 δε
1667 426 1754 463 hanc
1774 429 1936 466 ultionem
1956 434 2041 471 mihi

1158 480 1328 524 imponere
1342 478 1498 521 majorem
1513 504 1521 513 .
1546 478 1622 514 Nec
1642 479 1665 513 fi
1688 479 1807 523 impie,
1826 481 1917 523 quod
1939 481 2043 525 absit,

1158 530 1313 575 egissem,
1339 529 1422 565 mihi
1449 530 1621 574 imponere
1640 529 1805 565 valuiffet.
1833 530 1967 577 Qippe
1984 534 2043 576 qui

1158 580 1192 614 &
1204 580 1319 623 Judaeis
1334 580 1577 627 colloquitur&
1588 579 1730 626 Paganis
1748 604 1759 622 ,
1786 580 1823 615 in
1843 581 2043 624 praesentiam

1161 629 1305 665 nostram
1327 630 1437 665 venire
1457 642 1528 667 non
1551 630 1683 675 pertulit
1705 655 1717 672 ,
1743 630 1820 674 quia
1839 630 2045 668 Saniiiffimo

1162 679 1325 723 Episcopo
1346 681 1466 725 Joanni
1484 680 1824 725 communicavimus,
1850 692 1951 726 quem
1972 681 2049 718 dixi

1161 727 1399 764 Orthodoxum
1408 754 1417 763 .
1443 731 1589 766 Forsitan
1601 729 1678 769 vero
1700 732 1735 766 δε
1747 743 1803 777 per
1811 731 1958 780 singulos
1971 732 2048 777 Epi-

1161 779 1277 823 scopos
1295 779 1494 824 expetendus
1506 782 1577 817 sum
1598 781 1736 826 singulas
1748 781 1906 819 ultiones.
1940 782 2047 826 Igitur

1162 840 1204 863 ne
1224 829 1347 873 semper
1368 829 1498 865 noviter
1520 830 1724 873 perturbetur
1742 855 1755 877 ,
1775 843 1852 870 ecce
1874 830 1984 878 aperte
1999 831 2049 867 di-

1160 890 1221 920 co,
1246 880 1326 914 sicut
1345 880 1379 914 ὅ(
1402 879 1486 915 olim
1508 878 1635 924 scripsi,
1660 883 1736 923 quia
1758 883 1793 917 ὃς
1806 882 1981 928 postquam
2003 881 2048 918 al·

1160 929 1226 964 lata
1236 929 1283 963 est
1296 929 1412 964 ultima
1428 929 1576 973 Epistola
1597 941 1640 964 ex
1653 930 1829 975 AEgypto,
1857 932 1943 968 clare
1963 943 2046 968 con-

1160 979 1268 1014 tinens
1288 978 1496 1016 Orthodoxae
1518 979 1596 1013 fidei
1619 980 1790 1024 Dogmata
1811 1002 1823 1021 ‚
1847 993 1911 1025 ego
1935 983 2048 1017 &am-

1160 1028 1282 1073 plector
1304 1041 1419 1076 pacem
1432 1053 1444 1070 ‚
1468 1028 1674 1066 &omnibus
1695 1029 1819 1073 ubique
1836 1032 2048 1067 Sanstiffimis

1161 1079 1332 1126 Episcopis
1342 1079 1575 1116 communico:
1604 1079 1649 1113 Et
1660 1078 1864 1117 Sanctiffimo
1883 1080 2050 1125 Episcopo

1160 1130 1279 1171 Sixto,
1304 1131 1338 1165 ὅ(
1367 1129 1528 1174 Cyrillo‚
1554 1128 1838 1171 &Maximinum
1862 1129 1898 1165 δε
1917 1129 2052 1164 Rabbu-

1160 1180 1222 1220 lae,
1248 1179 1521 1220 &Melitinensi,
1546 1180 1581 1214 &
1606 1178 1763 1216 omnibus
1787 1178 1961 1221 Ponticis,
1987 1179 2053 1216 &a

1160 1230 1255 1264 nullo
1276 1230 1423 1265 discissus
1438 1231 1532 1271 sum,
1560 1227 1639 1267 dum
1656 1229 1745 1274 apud
1767 1241 1824 1267 eos
1843 1229 2053 1265 omnesobti-

1159 1287 1259 1314 neant
1280 1280 1452 1326 Dogmata
1475 1279 1622 1315 veritatis
1645 1305 1657 1322 ,
1680 1281 1715 1315 δε
1735 1280 1847 1318 unitio
1869 1289 1967 1324 atque
1987 1290 2052 1323 pax

1160 1328 1310 1365 Ecclesiae
1334 1330 1376 1365 ad
1389 1330 1530 1375 gloriam
1545 1330 1612 1367 Dei
1625 1331 1804 1375 pertineat.
1832 1330 1878 1367 Et
1887 1331 2052 1366 confiteor

1158 1381 1349 1417 Dominum
1363 1380 1532 1417 Christum
1549 1381 1662 1417 Deum
1672 1382 1735 1417 esse
1744 1390 1842 1423 atque
1853 1379 2026 1416 hominem
2038 1404 2052 1421 ,

1159 1430 1240 1465 duas
1253 1440 1406 1472 naturas,
1433 1442 1535 1469 unam
1546 1430 1744 1474 Personam,
1771 1429 1911 1468 humilia
1932 1430 2053 1466 &sub-

1158 1479 1250 1515 limia
1267 1480 1309 1516 de
1321 1492 1362 1515 eo
1372 1481 1509 1516 Divinis
1520 1481 1692 1525 Scripturis
1714 1482 1833 1518 inserta
1847 1494 1858 1516 .·
1885 1481 1969 1516 Haec
1979 1481 2052 1525 qui-

1158 1529 1281 1565 demut
1301 1529 1342 1564 de
1354 1529 1509 1572 homine,
1537 1531 1593 1566 illa
1605 1529 1683 1566 vero
1705 1539 1742 1566 ut
1752 1530 1794 1565 de
1815 1532 1912 1570 Deo,
1937 1531 2054 1565 incon-

1158 1580 1227 1617 fusa
1238 1580 1367 1615 unitate
1379 1580 1554 1615 obtinente
1566 1604 1578 1621 ,
1602 1581 1638 1615 &
1649 1591 1719 1614 uno
1744 1579 1906 1614 existente
1917 1602 1930 1620 ,
1955 1589 1992 1613 ut
2004 1578 2053 1613 di-

1158 1630 1219 1670 xi,
1246 1629 1401 1664 Domino
1425 1630 1461 1665 &
1473 1628 1608 1665 Christo
1620 1653 1628 1662 .
1657 1630 1692 1664 Si
1699 1639 1779 1674 ergo
1793 1629 1864 1663 vult
1875 1628 1918 1663 de
1933 1638 2052 1664 caetero

1157 1679 1225 1727 ipse
1245 1689 1282 1714 ut
1291 1679 1487 1716 Catholieus
1506 1690 1595 1716 scum
1613 1677 1803 1714 Catholicis
1826 1678 1976 1723 amplesti
1998 1690 2054 1723 pa·

1157 1740 1230 1765 cem
1243 1753 1255 1769 ,
1277 1729 1658 1767 &liberareascandaiis
1680 1730 1913 1775 naufragantes
1935 1739 1993 1773 per
2002 1729 2052 1766 di-

1158 1780 1299 1814 scordias
1320 1780 1354 1814 &
1374 1780 1608 1817 contentiones
1631 1779 1756 1817 nostras
1778 1803 1791 1820 ‚
1815 1779 1916 1815 saciet
1941 1779 2024 1814 bene
2035 1792 2052 1822 ‚-

1157 1829 1181 1863 fi
1204 1839 1317 1864 autem
1337 1840 1407 1864 non
1431 1830 1502 1864 vult
1524 1853 1537 1870 ,
1563 1841 1629 1875 ego
1651 1821 1786 1875 quidem
1809 1828 2049 1871 contristabor,

1158 1879 1247 1924 quod
1258 1880 1304 1914 ita
1315 1878 1488 1923 dispositus
1506 1879 1545 1914 sit
1561 1891 1569 1911 :
1597 1879 1704 1925 Judex
1729 1876 1806 1914 vero
1818 1879 1913 1915 Deus
1924 1878 1971 1915 est
1981 1890 2052 1915 om·

1158 1930 1271 1964 nium.
1300 1929 1424 1964 Nullus
1442 1940 1523 1974 ergo
1546 1929 1632 1964 mihi
1653 1929 1696 1963 de
1719 1939 1835 1963 caetero
1857 1929 2051 1973 quaestiones

1158 1981 1314 2024 importet
1323 2003 1331 2012 .
1358 1979 1456 2016 Clare
1467 1979 1558 2014 enim
1569 1978 1764 2015 sententiam
1783 1988 1891 2012 meam
1903 1978 1922 2011 a
1934 1978 2054 2022 princi·

1156 2029 1213 2071 pio
1223 2028 1332 2071 aperui
1351 2029 1387 2061 ἀ
1398 2039 1489 2062 nunc
1499 2027 1586 2063 nihil
1596 2029 1677 2062 novi
1687 2027 1864 2063 deliberavi
1875 2053 1887 2070 ,
1914 2027 1970 2064 sed
1981 2039 2051 2074 quae

1156 2077 1425 2118 abinitiotenui‚
1452 2088 1533 2112 mox
1554 2087 1591 2112 ut
1602 2078 1710 2113 allatae
1730 2079 1805 2113 sunt
1829 2078 1957 2113 litterae.
1987 2078 2050 2115 At-

1157 2139 1222 2173 que
1238 2128 1367 2163 utinam
1380 2126 1530 2172 poslibile
1550 2127 1636 2163 mihi
1650 2128 1748 2169 esset,
1776 2138 1813 2164 ut
1824 2140 1962 2171 omnes,
1987 2130 2047 2174 qui

1155 2189 1227 2213 non
1259 2178 1473 2212 consentiunt
1490 2201 1502 2217 ‚
1540 2177 1778 2220 conjungerem
1803 2178 2047 2223 adunaremque

1158 2226 1326 2261 Ecclesrae:
1353 2225 1507 2266 Essetque
1527 2224 1644 2259 miliia
1657 2227 1735 2260 Deo
1753 2225 1878 2262 donata
1899 2227 2046 2264 efficacia

1156 2274 1224 2311 haec
1237 2299 1248 2315 ,
1273 2285 1338 2319 qua
1352 2285 1405 2308 me
1414 2274 1586 2310 arbitrarer
1609 2276 1792 2311 maximum
1813 2276 1854 2313 ad
1874 2286 1990 2314 aeterna
2001 2290 2046 2315 re·

1156 2325 1267 2372 perisse
1277 2323 1457 2361 remedium
1470 2324 1534 2360 five
1546 2325 1699 2361 solatium
1709 2350 1717 2360 .

1347 2479 1841 2528 SCHOLION.

1263 2623 1332 2658 AEc
1351 2623 1488 2669 epistola
1508 2623 1554 2659 est
1576 2624 1690 2670 magni
1723 2625 1877 2670 ponderis
1898 2651 1905 2659 .
1931 2629 2043 2664 Docet

1285 2674 1389 2709 varia.
1417 2674 1649 2720 Primo‚qu0d
1662 2675 1831 2718 Andreas,
1860 2676 1940 2712 dum
1951 2687 2044 2714 extra

1151 2724 1364 2760 Provinciam
1386 2724 1467 2766 ivit,
1493 2724 1638 2760 omnino
1658 2725 1755 2761 iverit
1771 2726 1813 2762 ad
1824 2725 2040 2763 Osrhoenos:

1150 2773 1206 2809 Ad
1228 2774 1501 2819 componendos,
1525 2786 1610 2818 quos
1632 2776 1745 2811 abillo
1757 2775 1944 2812 distraxerat
1955 2777 2042 2811 Rab-

1151 2823 1242 2859 bulas
1268 2825 1505 2868 Metropolim,
1529 2825 1620 2861 Cleri
1631 2838 1668 2861 ac
1679 2826 1799 2870 Populi
1812 2827 1958 2862 animos.
1985 2827 2039 2862 Se-

1148 2873 1284 2918 cundo,
1309 2874 1398 2920 quod
1425 2874 1614 2913 Alexander
1634 2876 1809 2919 suspicatus
1823 2876 2037 2921 fueritipsum

1149 2925 1248 2969 egisse
1267 2937 1345 2961 cum
1372 2925 1550 2967 Rabbula,
1576 2926 1791 2969 composuisse
1813 2937 1926 2972 pacem
1951 2951 1963 2967 ,
1989 2939 2037 2962 re-

1147 2973 1239 3011 diiffe
1259 2975 1294 3012 in
1315 2976 1453 3023 gratiam
1476 2977 1559 3012 acin
1572 2976 1865 3012 communionem.
1892 2976 1946 3011 Ex
1967 2988 2036 3021 quo

1147 3025 1302 3062 discimus
1326 3027 1444 3070 tertio,
1468 3024 1558 3070 quod
1570 3025 1760 3063 Alexander
1769 3038 1838 3063 non
1851 3026 1951 3063 solius
1966 3026 2036 3063 Ne-

1146 3076 1236 3111 storii
1257 3102 1268 3118 ,
1292 3077 1348 3112 sed
1372 3089 1445 3114 acer
1465 3077 1616 3112 defensor
1637 3077 1736 3113 fuerit
1759 3078 1860 3112 etiam
1879 3077 2034 3122 Mopsue-

1146 3126 1265 3163 stienfis
1284 3127 1480 3163 Theodori.
1507 3124 1660 3175 Qarto,
1685 3126 1776 3172 quod
1788 3126 1938 3165 Andreas
1950 3138 2032 3163 tunc

1144 3177 1330 3213 Rabbulam
1351 3189 1420 3213 non
1442 3177 1579 3219 viderit,
1605 3187 1750 3215 attamen
1763 3189 1834 3213 non
1847 3178 2033 3215 fueritalie·

1144 3239 1205 3263 nus
1228 3227 1248 3263 ὲ
1274 3229 1439 3265 redeundo
1463 3227 1499 3262 in
1525 3228 1592 3272 ejus
1616 3228 1799 3267 amicitiam
1822 3254 1831 3263 .
1872 3227 2031 3276 Quinto,

1142 3278 1233 3327 quod
1253 3278 1443 3315 Alexander
1454 3277 1644 3321 Andream,
1668 3279 1714 3314 oh
1737 3278 1904 3315 admissam
1916 3289 2030 3323 pacem

1141 3341 1180 3364 ac
1202 3337 1360 3367 retentam
1377 3329 1514 3374 Ioannis
1532 3327 1724 3366 Patriarchae
1755 3330 2027 3383 communionem

1905 3386 1977 3423 reje-
