2320 3730
263 248 425 292 scopum,
452 246 560 283 unum
572 242 735 281 videlieet
751 256 796 284 οιι
809 244 977 289 praecipuis
988 242 1164 275 Romanae·

260 297 413 332 Ecclefiae
439 296 616 338 membris,
642 296 682 330 ad
706 296 890 331 Galliarum
913 302 1018 337 partes
1037 291 1148 335 dirigi-

259 358 353 387 mus,
380 347 437 390 qui
461 346 681 381 chariffimum
700 348 735 380 &
757 343 936 389 gloriosum
964 342 1072 375 filium
1091 353 1146 374 no·

260 396 361 433 strum
376 397 539 441 Regem,
552 395 643 431 &te
654 397 779 438 ipsum,
806 403 904 435 atque
931 392 1016 425 alios
1035 392 1147 425 fratres

257 447 387 483 nostros
407 448 439 481 ὃς
451 449 538 482 filios
553 448 661 480 vifitet
677 468 687 484 ‚
713 455 751 477 ac
762 441 802 476 de
827 441 912 476 statu
925 441 1039 476 nostro
1049 441 1146 475 faciat

259 498 414 532 certiores
425 523 432 531 .
460 498 494 532 Si
506 508 567 540 qua
580 496 678 529 etiarn
697 494 730 527 in
744 493 887 537 partibus
899 492 972 536 ipfis
983 492 1146 536 corrigen-

257 547 300 582 da
319 548 373 581 vel
394 545 618 584 confirmanda
631 544 754 578 suerint
767 568 777 583 ‚
805 544 923 576 Sancto
946 551 1146 585 cooperante

258 597 382 641 Spiritu
398 622 408 637 ,
418 598 488 629 vice
502 594 607 629 nostra
619 594 763 638 corrigat
774 593 808 627 &
820 593 995 627 confirmet
1009 617 1016 624 .
1035 593 1145 636 lpsurn

257 648 361 692 igitur
373 645 557 680 Dilestioni
572 655 635 678 tuae
656 644 897 678 committimus
910 668 920 684 ,
950 654 1013 677 tuae
1024 642 1145 686 potiffi-

256 699 349 732 mum
376 695 593 738 Experientiae
615 695 906 733 commendamus,
932 703 1087 738 rogantes
1108 703 1144 726 ut

255 759 332 782 eum
354 759 411 790 pro
424 746 517 779 Beati
532 745 621 779 Petri
640 746 818 779 reverentia
845 745 877 778 &
890 743 1066 778 dilestione
1088 754 1146 778 no-

253 797 338 831 flr'a
330 809 362 829 in
377 794 533 834 omnibus
547 819 558 836 ,
580 806 655 844 quae
668 804 819 839 oportere
830 794 1055 853 cognoveris,
1083 793 1144 827 ad-

250 847 342 894 juves
367 846 400 879 &
424 846 598 880 sustentes.
628 846 701 879 Nec
724 846 829 880 solum
851 846 880 879 ei
905 843 1052 879 officiose
1075 843 1143 877 assi·

252 897 339 937 stas,
366 895 420 930 sed
443 897 585 931 &causae
611 907 723 930 curam
745 897 811 940 ipse
830 896 1029 940 suscipiens,
1056 894 1143 928 labo·

251 947 373 981 riosum
399 958 457 990 pro
482 945 580 981 nobis
606 947 839 981 sollicitudinis
865 957 951 979 onus
973 944 1064 980 collo
1085 954 1143 978 tuo

250 998 422 1040 imponere
436 1008 503 1031 non
518 999 659 1042 graveris
675 1022 686 1037 ,
712 998 815 1031 sciens
831 997 907 1040 quia
921 1005 983 1030 nos
997 1006 1059 1029 tuae
1069 994 1143 1029 cha·

250 1048 358 1083 sitatis
383 1047 552 1092 obsequiis
581 1058 752 1089 nunquam
776 1047 952 1089 experieris
979 1048 1139 1089 ingratos.

251 1097 544 1142 obtemperantem
570 1097 715 1129 Monitis
746 1096 866 1128 nostris
889 1096 1141 1128 Fraternitatem

251 1158 341 1182 tuam
358 1147 526 1181 Dominus
538 1146 728 1178 conservare
742 1144 896 1188 dignetur
917 1144 1122 1178 incolumem
1134 1167 1141 1175 .

250 1198 379 1234 Datum
391 1196 477 1240 apud
488 1195 643 1230 sanetum
655 1193 789 1229 Petrum
802 1219 813 1236 ‚
839 1193 996 1230 Kalendis
1008 1194 1091 1228 Maii
1109 1219 1117 1228 .

333 1411 884 1463 EPISTOLA
955 1413 1056 1461 VII.

380 1613 546 1647 uquarum
570 1603 790 1638 amicitiarum
813 1604 914 1648 gratia
941 1602 1140 1641 incitamur,

272 1662 285 1687 t
331 1653 552 1688 esiderabilem
576 1654 671 1688 nobis
687 1654 829 1697 personae
848 1664 911 1687 tuae
940 1652 1141 1696 prazsentiam

245 1703 304 1737 tali
314 1704 481 1738 vifitemus
494 1704 624 1749 Legato
634 1729 644 1745 ,
673 1704 731 1748 qui
745 1704 810 1737 Dei
830 1704 862 1737 &
876 1703 1024 1737 Ecclefiae
1037 1701 1140 1735 hono·

244 1764 314 1787 rem
329 1764 428 1797 atque
453 1754 589 1787 salutem
602 1764 692 1788 tuam
710 1755 842 1788 noverit
863 1753 992 1787 sirenue
1013 1752 1046 1786 &
1061 1752 1139 1786 fide-

243 1803 320 1837 liter
344 1806 472 1847 operari
484 1827 491 1834 .
519 1801 666 1837 Proinde
680 1803 913 1837 Chariffimum
928 1805 1074 1837 Fratrem
1086 1813 1140 1836 no-

243 1853 344 1887 strum
373 1855 561 1892 Ottonem,
589 1852 816 1887 Tudertinum
843 1853 1043 1896 Episcopum
1065 1878 1075 1894 ,
1101 1863 1141 1886 ex

244 1904 358 1939 nostro
381 1904 421 1939 ad
449 1913 481 1937 te
493 1905 609 1938 Latere
621 1904 811 1949 delegamus
824 1927 835 1944 ,
863 1915 966 1937 unum
990 1903 1140 1937 videlicet

246 1966 287 1989 ex
298 1955 466 1999 praecipuis
477 1953 640 1989 Romanae
652 1955 801 1989 Ecclesiae
814 1954 968 1988 membris
983 1978 994 1994 ,
1019 1952 1140 1987 Virum

242 2006 362 2046 utique
402 2006 580 2047 sapientem
610 2006 643 2039 ὅ(
666 2004 871 2050 Religiosum
897 2029 907 2045 ,
935 2004 1079 2038 Domini
1103 2014 1140 2037 ac

243 2053 487 2088 Praedecefforis
513 2055 612 2088 nostri
646 2056 758 2088 sanssae
786 2055 950 2087 memoriae
977 2052 1140 2087 Paschalis

244 2102 343 2148 Papae
363 2103 569 2137 plantarium
582 2126 593 2142 ,
622 2103 677 2147 qui
699 2112 732 2136 te
757 2102 860 2145 ipsum
881 2103 915 2135 &
935 2102 1063 2135 Fratres
1083 2112 1138 2134 no-

245 2154 328 2188 stros
344 2166 382 2187 ac
398 2153 500 2186 Filios
509 2153 637 2190 -vifitet,
663 2151 698 2182 &
715 2162 782 2193 quo
806 2150 925 2184 ordine
948 2161 1010 2184 nos
1021 2150 1139 2183 Domi-

246 2215 309 2237 nus
321 2203 364 2236 ad'
375 2200 511 2235 honoris
528 2198 624 2241 hujus
635 2200 767 2232 culmen
783 2200 970 2242 promoveri
984 2199 1137 2238 voluerit,

243 2265 316 2298 quae
333 2252 435 2287 etiam
450 2248 546 2285 nobis
558 2261 611 2293 per
631 2249 696 2283 Dei
711 2249 853 2294 gratiam
866 2248 1013 2292 prospere
1025 2248 1141 2282 succes-

243 2306 357 2338 serunt
371 2327 381 2343 ‚
407 2302 482 2335 viva
495 2312 576 2335 voce
591 2299 685 2333 vobis
701 2300 806 2333 valeat
821 2298 977 2333 nunciare
992 2323 1000 2331 .
1027 2298 1141 2333 Praete·

247 2353 301 2388 rea
322 2354 344 2386 fi
358 2363 420 2396 qua
444 2352 478 2385 in
492 2350 637 2395 partibus
663 2349 728 2383 illis
742 2349 936 2394 corrigenda
961 2348 1011 2383 vel
1023 2349 1137 2383 confir-

246 2404 369 2439 manda
396 2401 536 2442 fuerint,
567 2402 687 2435 San-sto
711 2410 911 2444 cooperante
923 2399 1043 2442 Spiritu
1059 2424 1069 2439 ‚
1097 2399 1142 2432 vi-

248 2467 286 2490 ce
300 2454 408 2488 nostra
422 2453 565 2497 corrigat
586 2452 618 2486 <Sc
633 2451 805 2484 confirmet
817 2476 824 2483 .
852 2449 1067 2484 Praesentibus
1080 2449 1139 2493 igi-

249 2516 302 2540 tur
317 2505 435 2538 litteris
457 2514 547 2537 tuam
561 2500 780 2535 Nobilitatem
804 2511 979 2545 rogamus,
1006 2510 1042 2533 ut
1064 2510 1139 2533 eum

250 2566 435 2590 reverenter
460 2554 639 2596 suscipere,
665 2552 700 2586 ὅ(
723 2562 883 2595 tanquam
905 2550 1028 2584 nostras
1048 2575 1059 2592 ,
1085 2550 1138 2583 im·

251 2605 311 2640 mo
326 2605 420 2638 Beati
434 2603 522 2638 Petri
547 2603 632 2637 vices
654 2602 867 2646 perferentem
890 2599 1016 2634 studeas
1035 2599 1138 2633 hono-

247 1549 506 1690 Nomium
520 1554 678 1588 fastorum
695 1561 826 1588 tuorum
838 1551 1016 1591 memoria,
1044 1551 1078 1585 &
1090 1561 1142 1584 an·

246 1664 268 1686 u

252 2667 328 2690 rare.
346 2655 505 2688 Caeterum
518 2650 735 2696 quorumdam
747 2650 1036 2685 Pseudo—Fratrum
1049 2649 1142 2683 mali.

252 2706 369 2748 loquia
389 2705 424 2738 δε
441 2702 598 2737 mendosa
610 2704 766 2747 figmenta
780 2701 979 2736 Dilestionis
993 2710 1055 2735 tuae
1067 2711 1140 2733 con-

253 2755 409 2790 stantiam
440 2764 509 2787 non
530 2752 737 2785 dimoveant.
767 2752 856 2786 Nam
877 2751 1000 2786 detesta
1029 2761 1141 2784 eorum

254 2805 429 2841 mendacia
459 2814 513 2847 per
535 2803 677 2836 eundem
689 2802 849 2845 Legatum
870 2804 1016 2837 nostrum
1028 2800 1087 2834 tibi
1109 2801 1142 2834 &

256 2856 381 2900 Regno
403 2855 463 2888 tuo
476 2851 616 2896 amplius
637 2861 716 2887 nota
729 2851 807 2886 fient
823 2877 830 2884 .
856 2852 911 2886 Ad
926 2851 990 2886 haec
1005 2852 1144 2894 plurima

256 2904 460 2940 liberalitatis
487 2914 550 2938 tuae
575 2901 732 2945 obsequia
756 2927 766 2943 ,
804 2902 838 2936 &
859 2900 1145 2936 Praedecefforibus

258 2956 376 2991 nostris
400 2953 569 2994 exhibita,
598 2953 630 2985 &
647 2951 742 2986 nobis
769 2952 840 2995 ipfis
859 2951 1068 2994 personaliter
1088 2952 1145 2984 im-

258 3007 355 3050 pensa
370 3030 381 3046 ,
407 3005 424 3039 a
438 3004 595 3038 memoria
609 3003 718 3036 nostra
733 3013 801 3036 non
814 3002 943 3045 pofl‘unt
956 3013 1014 3035 nec
1026 3000 1146 3036 debent

259 3056 409 3090 excidere
425 3079 435 3095 ,
461 3066 520 3097 pro
538 3053 673 3097 quibus,
692 3052 860 3096 praestante
870 3050 968 3091 Deo,
994 3052 1144 3095 cupimus

260 3117 348 3149 aequa
364 3104 426 3138 tibi
449 3105 481 3138 &
495 3103 617 3138 honori
631 3114 690 3137 ruo
704 3102 926 3137 viciffitudine
936 3102 1127 3145 respondere
1139 3127 1146 3134 .

262 3156 434 3198 Rogamus
448 3156 557 3197 itaque
572 3178 582 3193 ,
609 3162 645 3187 ut
668 3153 750 3187 ficut
772 3153 896 3196 semper
911 3177 922 3194 ,
951 3152 996 3186 ita
1017 3152 1147 3185 &nunc

259 3206 299 3239 in
323 3204 416 3237 Beati
445 3204 535 3238 Petri
552 3203 685 3238 servitio
701 3228 711 3243 ,
736 3203 770 3236 &
791 3214 902 3236 amore
924 3203 1034 3236 nostro
1045 3213 1148 3236 atten-

263 3253 328 3289 tius
342 3255 519 3296 perseveres
532 3279 543 3295 ,
568 3254 728 3296 quatenus
739 3253 831 3296 juxta
845 3252 1042 3287 laudabilem
1056 3252 1147 3285 bene-

264 3304 415 3337 volentiae
438 3313 500 3336 ruae
521 3314 646 3336 morem
670 3326 682 3342 ,
709 3313 741 3336 te
763 3303 848 3337 inter
867 3304 1012 3346 reliquos
1039 3301 1148 3347 Reges

263 3352 477 3399 &Principes
500 3353 697 3397 praecipuum
720 3352 903 3396 adjutorem
926 3364 986 3388 nos
1007 3352 1041 3387 ἀ
1057 3352 1148 3387 nobi·

1197 3302 1202 3355 ἱ

841 153 1164 210 Ansere-fl
1201 146 1538 201 Aren-Pirria

1212 240 1301 275 scum
1324 250 1394 275 tota
1429 240 1572 275 Ecclesia
1597 242 1773 280 sentiamus

1795 269 1805 279 .
1827 244 1957 280 Datum
1976 243 2093 280 Rome

1212 292 1298 335 apud
1311 292 1468 327 Sannum
1487 290 1622 327 Petrum
1636 315 1644 325 .
2081 307 2083 309 ·

1314 504 1800 571 EPISTOLA
1865 508 1989 556 Vnt

1290 645 1327 679 T
1340 644 1538 691 Apostolicae
1549 647 1640 683 Sedis
1655 647 1837 683 authoritas
1846 670 1858 689 ,
1884 647 1919 682 &
1929 657 2094 694 emergen-

1313 697 1399 731 tium
1417 699 1582 732 causarum
1605 698 1771 733 necessitas
1798 706 1858 732 n'os
1868 691 2092 742 compellunt,

1208 757 1244 780 ut
1254 747 1366 782 fratres
1380 748 1505 783 nostros
1517 749 1769 794 circumquaque
1791 748 1912 792 positos
1931 748 2092 783 &litteris

1207 796 1423 833 crebrioribus
1439 822 1450 839 ,
1475 798 1618 834 &miffis
1640 799 1658 832 a
1679 800 1796 834 Latere
1816 797 2093 833 nostro'Nunciis

1207 847 1373 882 visitemus
1386 873 1393 881 .
1421 849 1587 894 Praecipue
1599 849 1677 883 vero
1693 849 1902 883 Gallicanam
1915 847 2093 883 Ecclesiam

1207 896 1314 932 nostra
1349 899 1506 934 duximus
1534 899 1720 933 visitatione
1744 898 1966 944 digniffimam
1985 902 2093 943 ,quae

1210 946 1294 982 inter
1308 949 1450 993 reliquas
1464 948 1722 984 Christianitatis
1734 948 1892 983 Ecclesias
1910 947 2012 982 'nullis
2032 955 2092 981 un*

1208 1007 1306 1040 quam
1317 999 1407 1034 ceffit
1417 1000 1578 1034 erroribus
1586 1022 1597 1038 ‚
1625 999 1715 1033 nulla
1727 995 1855 1043 prorsus
1869 996 1984 1043 'potuit
1995 997 2093 1032 schis-

1209 1049 1331 1082 maticae
1344 1049 1656 1092 pravitatisinfamia
1666 1049 1838 1083 maculari.
1856 1050 1988 1091 Semper
1999 1048 2091 1082 enim

1209 1096 1244 1130 in
1269 1097 1364 1141 plena
1377 1095 1442 1132 Dei
1466 1098 1649 1132 constantia
1671 1099 1874 1141 perseverans
1889 1101 1914 1137 ,ἶ
1929 1098 2092 1132 Romana

1211 1147 1358 1182 Ecclefiae
1382 1159 1494 1192 pacem
1522 1147 1746 1191 unitatemque
1771 1157 1882 1181 tenere
1906 1170 1918 1187 ,
1934 1156 2091 1192 <eamque

1209 1197 1330 1242 semper
1341 1199 1463 1232 studuit
1480 1197 1711 1242 obsequiorum
1723 1195 1985 1231 exhibitionibus
2004 1197 2092 1231 exal*

1209 1259 1276 1283 tare
1302 1274 1309 1281 .
1336 1249 1519 1293 Eapropter
1543 1259 1645 1282 unum
1670 1259 1712 1282 ex
1734 1247 1902 1292 praecipuis
1931 1247 2091 1281 Romanae

1210 1299 1358 1334 Ecclesiae
1378 1298 1530 1334 membris
1543 1323 1554 1339 ,
1582 1298 1818 1333 Chariffimum‘
1838 1297 1991 1331 videlicet
2014 1297 2092 1331 Fra·

1210 1360 1290 1383 trem
1314 1350 1478 1385 Ottonem
1502 1374 1514 1390 ,
1540 1348 1767 1383 Tudertinum
1795 1347 1994 1391 Episcopum
2016 1371 2029 1388 ,
2054 1347 2092 1381 in

1211 1410 1315 1444 partes
1326 1401 1441 1435 nostrae
1451 1399 1666 1434 sollicitudini
1688 1398 1863 1433 affistentes
1877 1398 1917 1432 ad
1931 1404 1988 1431 vos
1999 1397 2093 1432 doxis

1210 1461 1280 1484 mus
1291 1449 1530 1497 delegandum.
1559 1450 1679 1485 Virum
1692 1450 1805 1494 utique
1815 1443 1991 1496 sapientem
2007 1471 2017 1487 ,
2037 1458 2091 1482 co-

1209 1501 1366 1544 gnitum,
1392 1502 1427 1536 ὅ(
1440 1499 1645 1545 Religiosum
1657 1522 1667 1539 ,
1690 1509 1787 1543 atque
1799 1493 1984 1533 abineunte
1996 1507 2091 1532 aetate

1209 1550 1242 1584 in
1255 1551 1394 1586 Ecclesia
1407 1552 1559 1586 Romana
1571 1550 1734 1584 eruditum
1746 1572 1757 1588 ,
1778 1550 1835 1594 qui
1849 1543 2024 1583 Ecclesiam
2039 1556 2093 1582 ve·

1210 1601 1304 1637 stram
1326 1602 1430 1636 &vos
1452 1602 1537 1644 ipsos
1558 1612 1599 1634 ex
1617 1611 1705 1644 parte
1727 1600 1837 1633 nostra
1863 1599 1986 1637 visitet,
2015 1597 2090 1631 cle-

1209 1662 1278 1685 rum
1299 1652 1333 1685 ὅσ,
1346 1651 1511 1695 Populum
1535 1649 1731 1690 benedicat,
1758 1650 1881 1692 vosque
1902 1646 2031 1697 plenius
2048 1647 2090 1681 de

1209 1701 1276 1743 his,
1305 1712 1375 1743 quae
1389 1700 1484 1735 nobis
1494 1710 1550 1744 per
1568 1699 1633 1733 Dei
1645 1699 1784 1744 gratiam
1808 1692 1966 1754 prosper&
1961 1697 2089 1731 secces-

1208 1753 1339 1792 serunt,
1365 1752 1462 1785 faciat
1484 1749 1655 1784 certiores.
1685 1747 1750 1782 Cui
1773 1747 1873 1782 etiam
1891 1746 2062 1781 dedimus
2053 1758 2088 1781 m

1208 1801 1398 1841 Mandatis‚
1422 1811 1459 1836 ut
1483 1800 1516 1834 in
1542 1797 1686 1844 partibus
1709 1797 1819 1833 vestris
1831 1797 1985 1832 Concilia
2007 1796 2092 1832 cele*

1209 1852 1333 1894 brare,
1356 1863 1394 1887 ac
1418 1853 1440 1885 si
1454 1862 1516 1896 qua
1530 1849 1717 1886 emerserint
1739 1849 1896 1894 negotia,
1920 1846 2091 1882 unavobi-

1208 1904 1296 1937 scum
1315 1901 1428 1937 debeat
1442 1900 1562 1945 justitia
1573 1899 1738 1935 mediante
1756 1898 1945 1934 terminare.
1978 1897 2092 1942 Roga-

1209 1965 1281 1987 mus
1302 1954 1412 1998 itaque
1426 1951 1674 1986 Fraternitatem
1698 1949 1853 1988 vestram,
1880 1958 1917 1982 ut
1942 1957 2018 1982 eum
2037 1958 2092 1982 re·

1209 2014 1355 2038 verenter
1381 2004 1563 2046 suscipere,
1587 2002 1621 2035 δε
1641 2010 1797 2045 tanquam
1817 1997 1955 2033 Vicario
1972 1998 2092 2032 nostro

1207 2053 1362 2088 studeatis
1385 2053 1521 2087 assistere
1544 2053 1578 2086 &
1598 2051 1758 2085 obedire.
1785 2049 1859 2084 Nec
1881 2047 1957 2082 fidei
1980 2048 2091 2082 vestrae‘

1206 2102 1424 2135 constantiam
1459 2100 1665 2144 quorundam
1690 2098 1882 2141 maliloquia
1904 2099 1954 2130 vel
1976 2097 2093 2141 praesti-

1207 2150 1297 2195 giosa
1309 2151 1466 2194 figmenta
1477 2147 1680 2192 perturbent,
1706 2148 1764 2190 qui
1777 2147 1848 2191 post
1859 2148 2091 2190 concupiscen-

1207 2200 1268 2232 tias
1291 2201 1361 2233 suas
1382 2209 1521 2239 euntes,
1546 2197 1661 2232 Altare
1685 2195 1775 2230 aliud
1800 2196 1834 2230 in
1859 2196 2000 2229 Ecclesia
2022 2194 2091 2230 Dei

1207 2249 1352 2294 erigere,
1363 2259 1460 2293 atque
1473 2249 1507 2281 in
1521 2246 1663 2281 tenebris
1672 2245 1801 2280 Idolum
1814 2243 1971 2280 fabricare
1981 2256 2093 2281 cruen-

1208 2299 1249 2333 tis
1260 2299 1408 2333 manibus
1428 2298 1713 2341 praesumpserunt.
1740 2295 1847 2344 Qod
1871 2296 1959 2330 enirn
1983 2296 2090 2340 dispo-

1209 2360 1307 2384 nente
1319 2349 1473 2383 Domino
1484 2349 1568 2381 circa
1581 2358 1641 2380 nos
1653 2346 1767 2380 fastum
1787 2344 1921 2380 audistis
1936 2360 1946 2386 ,
1972 2357 2039 2380 non
2054 2346 2088 2378 in

1207 2396 1332 2444 angulo
1352 2399 1449 2433 velin
1474 2397 1637 2438 latibulo,
1665 2396 1718 2430 sed
1746 2397 1779 2430 in
1806 2395 1879 2429 luce
1901 2395 2089 2430 &manife-
2142 2439 2155 2443 x

1207 2451 1277 2490 ste,
1303 2461 1344 2484 ex
1356 2449 1537 2484 deliberato
1550 2448 1696 2481 Fratrum
1721 2445 1882 2486 confilio,
1909 2445 1950 2479 ab
1961 2447 2091 2480 univer·

1209 2501 1243 2534 so
1256 2500 1354 2534 Urbis
1366 2500 1467 2535 Clero
1484 2501 1517 2532 δε
1530 2497 1658 2541 Populo
1670 2495 1866 2531 celebratum
1889 2495 1952 2530 effe
1965 2495 2091 2530 noveri-

1208 2551 1250 2584 tis
1272 2575 1280 2582 .
1308 2550 1381 2590 Nos
1403 2561 1458 2593 per
1479 2549 1542 2583 Dei
1567 2547 1705 2592 gratiam
1726 2569 1738 2585 ‚
1765 2557 1835 2589 quae
1860 2546 1960 2580 nostri
1982 2546 2090 2580 'officii

1209 2602 1306 2641 sunt,
1334 2600 1368 2634 in
1394 2609 1465 2634 tota
1480 2598 1598 2638 Urbe,
1627 2597 1715 2631 intus
1735 2596 1768 2630 ὅ(
1791 2606 1880 2630 extra
1904 2621 1915 2636 ‚
1941 2594 2089 2630 libertate

1209 2650 1351 2694 plenaria
1376 2659 1576 2693 operamur.
1603 2648 1689 2693 Qae
1709 2646 1819 2679 minus
1844 2645 1961 2679 litteris
1983 2646 2090 2679 conti-

1211 2709 1349 2741 nentur,
1375 2699 1463 2733 idem
1487 2697 1631 2741 Legatus
1652 2696 1762 2730 noster
1782 2693 1966 2728 Dilectioni
1981 2695 2095 2729 vestrae

1210 2749 1338 2795 plenius
1348 2747 1530 2783 enarrabit.
1548 2746 1773 2789 Omnipotens
1785 2744 1952 2778 Dominus
1963 2745 2014 2779 sua
2029 2756 2090 2779 vos

1211 2800 1440 2835 benedi-stione
1450 2799 1690 2840 circumtegat,
1717 2796 1838 2838 suoque
1861 2794 1983 2838 semper
1994 2794 2091 2828 faciat

1211 2862 1321 2885 amore
1344 2850 1519 2884 ferventes.
1548 2846 1676 2881 Datum
1701 2846 1816 2880 Romae
1837 2844 1923 2889 apud
1936 2846 2089 2881 Sanctum

1212 2903 1345 2937 Petrum
1360 2924 1372 2941 ,
1397 2897 1556 2934 Kalendis
1566 2896 1670 2932 Maii.

1330 3122 1812 3171 EPISTOLA
1884 3124 1975 3170 IX.

1311 3249 1437 3285 Omino
1451 3247 1633 3291 Lothario,
1660 3249 1810 3295 glorioso
1830 3260 1868 3281 ac
1888 3247 2098 3290 Triumpha-

1337 3301 1401 3334 tori
1416 3300 1642 3335 Romanorum
1671 3301 1778 3344 Regi,
1806 3301 1911 3344 Hugo
1926 3299 2093 3332 Praefestu‘s

1199 3359 1201 3364 '
1216 3351 1324 3388 Urbis
1346 3352 1380 3385 ὅ(
1391 3350 1499 3385 fratres
1509 3350 1599 3395 ejus,
1625 3351 1696 3386 Leo
1709 3351 1913 3396 Frangipane
1927 3374 1937 3390 ,
1962 3349 1996 3381 ὅ(
2009 3347 2094 3379 Cen·

1975 3396 2045 3430 cius
