2320 3730
602 167 912 225 Scironis,
952 179 1013 208 ετ
1058 159 1245 206 Nous
1288 173 1674 206 1LtusrRArffi.

223 252 386 293 receperint
393 250 535 290 proprias
547 245 690 286 Ecclefias
704 272 710 279 .
739 247 870 290 Nempe
881 255 1023 288 quatuor
1033 254 1107 287 prae·

225 301 284 334 sati
295 296 518 339 Metropolitae
532 321 538 327 .
565 296 680 330 scribat
701 302 790 342 igitur
802 297 955 330 sanc‘lttas
964 305 1020 332 ,tua
1032 297 1053 328 5
1055 305 1104 325 an·

225 349 338 389 dliffimo
362 345 507 389 Episcopo
531 350 664 380 Himerio
674 370 685 386 ‚
712 349 746 381 Θ
762 346 946 391 persuadeat
955 348 1019 384 eius
1030 343 1106 377 Reli-

216 396 365 443 giaefitati,
390 403 463 439 quia
484 398 518 430 (⁴5
544 399 694 431 Pietatem
715 409 774 431 non
779 399 992 439 prodidimus,
1019 396 1108 429 &cu-

63 2541 222 2582 Epist-112.

222 457 289 482 ram
291 447 428 488 fraterni
438 451 548 480 amoris
562 447 721 480 habuimus
734 473 745 489 ,
772 449 806 481 Θ
812 447 942 487 studium
955 454 1109 486 utrumque

225 497 368 531 babemus
381 522 391 537 ,
418 507 471 530 aut
483 508 546 530 cum
555 503 597 530 eis
605 499 734 530 traditos
756 497 838 530 nobis
856 495 979 538 populos
992 505 1091 540 regere
1100 515 1110 531 ,

222 556 278 582 aut
288 558 351 580 cum
368 548 430 580 illis
438 549 548 590 expelli
560 571 571 587 ,
597 549 631 581 Θ
642 553 768 590 quietem
779 569 790 586 ‚
815 557 882 589 quae
906 543 1014 588 absque
1028 549 1110 589 pert-

223 598 313 632 rtculo
335 597 395 639 est,
421 603 568 639 recipere.
595 598 675 632 Hoc
694 597 740 631 est
752 621 763 637 ,
789 597 891 630 redire
913 595 954 630 ad
980 593 1109 640 propria

226 647 429 683 Monasteria
450 672 456 679 .
485 648 602 681 Fuerat
626 647 667 681 de
688 647 758 680 solo
780 647 937 680 Himerio
955 654 1110 691 rogatus,

224 700 260 733 ὃς
272 698 441 742 respondet
454 709 512 741 pro
525 697 680 732 omnibus
689 706 830 740 quatuor
841 710 851 730 :
880 693 983 744 Qiod
996 705 1111 737 nempe

224 749 318 783 sciret
341 747 536 782 Helladium
565 748 666 782 etiarn
676 747 717 781 de
728 747 897 791 semetipso
913 772 924 787 ,
952 745 1029 783 licet
1043 756 1111 779 non

223 797 414 841 scripsisset,
443 799 505 832 esse
526 797 660 831 anxium
685 822 692 830 .
721 796 765 831 Et
788 798 883 841 hujus
906 797 955 831 sui
974 795 1112 840 judicii,

222 849 259 883 &
271 849 455 883 firmiffimae
464 849 498 880 iu
512 847 582 890 ipso
594 846 785 882 constantiae
803 848 953 892 adjungit
964 846 1111 881 causam:

228 904 315 932 Nam
334 897 426 939 fimtle
452 908 564 940 quoque
585 897 624 938 est
645 897 741 939 fiad,
767 910 801 931 ae
815 897 845 940 fi
861 898 1037 931 omnesillos
1052 898 1114 927 Deo

224 949 432 988 amanttffimos
459 946 619 990 Epistopos
634 950 825 990 perdamus,
852 953 905 990 qul
922 945 1070 988 nobiscum
1081 950 1113 976 in

227 996 346 1041 Epheso
376 999 411 1031 (a
430 996 636 1036 chalcedone,
662 999 698 1031 o·
719 997 1028 1040 Constantinopolipro
1038 1001 1114 1029 vert-

225 1056 289 1082 tate
296 1055 449 1080 certarunt
458 1051 470 1085 ,’
493 1047 527 1078 θ
539 1044 627 1087 usque
640 1045 826 1089 adpraesens
832 1054 891 1089 pro
913 1053 1044 1081 veritate
1054 1057 1114 1080 cer-

224 1104 311 1130 tant,
340 1095 493 1129 Affirmat
517 1094 711 1133 Nestorium
741 1108 803 1140 prae
822 1098 962 1138 caeteris,
989 1097 1046 1140 qui
1070 1097 1115 1139 ip·

224 1148 297 1181 sum
310 1143 425 1188 Ephesi
437 1144 677 1189 defenderunt,
704 1147 875 1191 Episcopis
897 1147 981 1180 nihil
993 1147 1116 1190 peccas-

224 1197 282 1237 se,
309 1194 449 1237 ideoque
467 1195 571 1239 ipsum
586 1219 597 1236 ,
625 1195 684 1229 nisi
705 1196 740 1230 &
761 1196 823 1231 hos
835 1208 950 1231 omnes
959 1196 1116 1235 damnare

225 1246 388 1286 velimus,
415 1256 485 1279 non
505 1247 595 1289 posse
613 1244 763 1279 damnari
780 1259 788 1278 :
818 1246 1010 1289 Utramque
1025 1247 1116 1280 dam-

225 1295 400 1330 nationem
419 1297 483 1330 esse
503 1295 722 1338 pariformiter
730 1295 865 1336 crudele
875 1295 1114 1331 homicidium.

226 1346 274 1380 Et
285 1344 365 1379 hinc
374 1344 474 1381 infert
485 1356 522 1379 ac
535 1344 675 1389 spondet
687 1346 764 1380 istos
771 1346 869 1381 etiam
880 1356 1021 1391 quatuor
1033 1359 1117 1381 nun-

228 1405 328 1440 quam
338 1394 397 1429 ase
409 1395 617 1430 damnandos
626 1420 633 1426 .
659 1394 845 1442 Nunquam
855 1397 887 1431 se
896 1421 908 1438 ,
918 1398 1116 1431 assensurum

229 1445 315 1490 paci,
328 1444 386 1479 nisi
399 1445 450 1478 illi
461 1445 728 1487 revestiantur,ae
741 1445 918 1482 reddantur
930 1447 992 1482 suis
1004 1447 1116 1482 Eccle-

229 1496 300 1529 siis.
326 1493 432 1528 Porro
449 1495 562 1540 iniqua
579 1495 771 1540 degradatio
793 1508 863 1532 non
884 1497 970 1532 male
979 1498 1119 1541 appella-

228 1555 283 1585 tur
293 1543 514 1580 homicidium
526 1570 533 1577 .
562 1545 618 1580 Est
630 1545 720 1582 enim
736 1548 861 1581 summa
883 1549 1000 1591 capitis
1021 1547 1116 1582 dimi-

227 1595 327 1631 nutio
341 1619 349 1627 .
375 1595 433 1630 Est
444 1593 563 1637 phrasis
573 1595 684 1629 usitata
693 1597 795 1630 etiam
815 1596 928 1631 latinis
949 1596 1113 1631 Patribus.

228 1644 364 1680 Etenim
376 1644 508 1682 sanetus
519 1647 660 1688 Optatus
673 1669 684 1686 ,
697 1645 911 1685 Milevitanus
924 1646 1117 1691 Episcopus,

228 1694 270 1729 ad
282 1694 414 1738 iniquos
423 1693 687 1734 orthodoxorum
699 1696 940 1741 Episcoporum
952 1696 1117 1742 Degrada-

229 1754 318 1779 tores
330 1745 525 1780 Donatistas
536 1746 720 1788 frequenter
730 1746 812 1782 dicit
826 1759 833 1779 ε
846 1747 992 1789 occidaestis
1002 1759 1060 1782 non
1071 1747 1118 1781 bo-

232 1800 329 1829 mine:
336 1793 397 1838 sed
405 1795 525 1829 bonores
536 1821 543 1828 .

270 1843 519 1879 .Theodoretus
540 1845 650 1881 laudat
659 1849 736 1882 osto
758 1848 799 1882 ab
810 1847 970 1893 Ephesina
985 1848 1120 1893 Ioannis

232 1891 440 1928 Antiocheni
453 1896 593 1929 fastione
604 1896 644 1931 ad
656 1897 843 1943 Principem
857 1899 982 1945 legatos
990 1899 1119 1943 Episco-

231 1955 294 1987 pos
307 1967 318 1984 ‚
343 1945 520 1988 quosinter
540 1946 650 1989 &ipse
661 1948 747 1988 fuit,
772 1961 811 1983 ac
822 1950 902 1983 item
920 1959 1118 1984 memoratus

231 1992 288 2028 hic
299 1993 562 2029 Nicomediensis
573 1995 745 2032 Himerius
757 2023 764 2030 .
794 1998 838 2033 Et
849 1999 930 2034 dicit
955 2000 1040 2043 ipsos
1055 2008 1121 2032 tam

232 2043 353 2087 Ephesi
368 2068 380 2084 ,
406 2045 502 2088 quam
518 2045 604 2088 apud
619 2046 866 2081 Chalcedonem
887 2048 1014 2081 strenue
1027 2048 1122 2081 labo-

231 2094 313 2127 rasse
332 2118 339 2125 .
368 2093 512 2139 Qiaestio
535 2094 581 2127 est
602 2118 613 2135 ,
642 2095 827 2144 Qomodo
855 2096 945 2131 dicat
965 2096 1121 2132 laborafle

223 2144 331 2179 ,etiam
347 2141 642 2187 Constantinopoli
656 2158 666 2188 3
694 2146 831 2181 Etenim
843 2147 920 2181 licet
935 2146 1001 2182 huc
1012 2147 1120 2182 vocati

226 2191 376 2233 suerint,
405 2193 512 2236 Regia
532 2203 642 2227 tamen
661 2195 800 2236 iussione
816 2198 948 2232 fuerunt
963 2197 1120 2241 compulsi

232 2251 364 2278 manere
385 2241 614 2283 Chalcedone,
644 2245 831 2290 &Regiam
841 2247 1021 2281 Civitatem
1043 2258 1122 2280 nun·

234 2303 334 2335 quam
355 2293 516 2326 intrarunt
541 2318 548 2325 .
586 2293 643 2327 Est
676 2295 709 2329 ὃς
730 2296 793 2330 alia
819 2297 953 2340 quaestio
975 2310 982 2329 :
1011 2297 1122 2342 Qare

234 2341 472 2378 Theodoretus
483 2342 599 2378 scribat
610 2369 620 2384 ,
633 2356 744 2388 pacem
755 2357 823 2381 non
835 2358 911 2381 cum
923 2348 1000 2382 solis
1014 2347 1124 2390 AEgy-

235 2392 313 2435 ptiis
325 2392 502 2426 ineundam
516 2417 526 2433 ‚
555 2394 713 2428 sedetiam
724 2407 799 2429 cum
812 2396 1126 2439 Constantinopoli-

237 2442 325 2473 ranis
347 2441 359 2472 ?
399 2440 455 2475 Ad
487 2443 630 2485 primum
654 2445 836 2487 respondeo
863 2444 931 2479 haec
957 2447 1079 2489 exponi
1108 2445 1126 2478 a

237 2487 456 2525 Theodoreto
480 2491 513 2524 in
537 2492 651 2526 litteris
674 2494 714 2527 ad
738 2494 912 2528 Domuum
935 2493 1126 2529 Antiochiae

237 2539 480 2574 Patriarcham:
507 2543 646 2579 synodica
666 2543 780 2583 Ephesi
796 2546 963 2578 multatum
982 2546 1026 2578 ad
1036 2546 1124 2579 Viola-

236 2601 299 2624 rem
319 2594 552 2631 Imperatorem,
579 2599 641 2624 tum
658 2594 704 2624 ad
722 2591 852 2634 summos
877 2594 1067 2637 Magistratus
1088 2597 1126 2628 de

238 2641 338 2679 cyrilli·
357 2642 509 2682 Capitulis
527 2639 644 2683 scripta
665 2640 739 2683 sunt
749 2668 760 2684 ‚
787 2648 917 2685 itemque
929 2645 974 2676 ad
983 2647 1125 2687 Populum

238 2690 610 2732 constantinopolitanum,
637 2692 671 2725 (02⁶
690 2693 736 2725 ad
754 2695 1034 2734 Reverendtfflmum
1059 2697 1125 2729 cle-

238 2752 320 2775 rum.
348 2743 434 2783 ‚Quin
456 2747 547 2774 etiam
560 2741 842 2784 ConstantinopoIIm
865 2751 1002 2785 evocati,
1030 2751 1122 2789 cognt-

239 2797 333 2824 tiones
347 2788 497 2833 praeseme
512 2789 575 2833 ipso
597 2795 778 2833 Imperatore
809 2798 918 2836 quinas
939 2795 1098 2828 babuimus
1111 2811 1121 2830 :

239 2845 286 2875 Et
298 2850 359 2874 tres
367 2840 430 2882 post
451 2839 514 2874 baec
525 2842 569 2873 ad
587 2843 710 2875 eundem
727 2844 948 2884 protestationer
973 2845 1119 2888 misimus.

237 2892 393 2926 Affirmat
413 2892 443 2923 se
453 2902 490 2925 ac
509 2891 592 2925 alios
611 2891 774 2937 Legatos,
800 2895 878 2929 licet
901 2896 1044 2940 Regiam
1067 2896 1122 2930 Ci-

237 2942 376 2976 vitatem
400 2952 468 2974 non
491 2941 706 2983 intraverint,
731 2943 772 2977 eo
794 2954 903 2980 tamen
925 2947 1120 2980 fuiffevoca·

238 3001 312 3029 (οε,
335 2990 503 3025 &ibidem
517 3016 528 3032 ,
555 2992 632 3025 licet
642 3003 710 3027 non
723 3005 778 3037 per
789 2996 933 3040 proprias
953 2998 1120 3041 personas,

241 3050 350 3074 tamen
363 3052 418 3083 per
431 3041 593 3084 EpIstolas
605 3053 644 3075 ac
655 3043 903 3086 protestationes
922 3048 1024 3082 varias
1034 3048 1121 3092 egis·-

241 3092 275 3125 se
288 3115 295 3122 .
324 3090 380 3123 Ad
393 3091 571 3125 secundum
584 3093 763 3135 respondeo
773 3119 784 3135 ,
810 3096 1031 3133 Orientalium
1046 3097 1119 3141 Epi-

241 3142 414 3183 scoporum
427 3139 563 3175 schisma
576 3141 670 3176 fuisse
681 3155 748 3178 non
760 3144 908 3182 adversus
929 3148 1033 3182 solum
1048 3147 1120 3190 Cy-

241 3190 353 3225 rillum
375 3200 412 3223 ac
434 3189 625 3235 AEgyptum
638 3217 648 3234 ,
674 3193 727 3228 sed
747 3194 877 3240 insuper
896 3208 1010 3233 contra
1031 3198 1120 3232 Con-

242 3239 570 3283 stantinopolitanam
592 3241 764 3278 Ecclesiam
779 3259 789 3279 :
817 3247 918 3295 Qod
939 3247 1118 3291 nempeilla

243 3289 430 3334 permisisset
442 3289 496 3325 fibi
508 3292 688 3326 consecrari
702 3305 825 3329 novum
838 3297 1036 3343 Episcopum
1049 3298 1120 3331 Ma-

243 3340 430 3376 ximianum
442 3365 453 3381 ,
480 3341 628 3386 adeoque
640 3342 733 3386 plene
742 3347 977 3391 comprobasset
988 3348 1119 3384 damna-

345 3389 453 3433 christ.
468 3394 549 3435 Lupi
562 3397 662 3436 opera
672 3396 703 3432 Τ,
709 3398 775 3428 VH.

1895 177 1911 207 1
1921 179 1953 216 9
1962 177 1990 223 7

1172 241 1300 276 tionem
1310 239 1453 276 Nestorii
1467 266 1473 273 .
1502 241 1662 275 Attamen
1683 242 1766 278 circa
1775 242 1867 280 hunc
1879 245 2057 281 articulum

1173 290 1407 328 Theodoretus
1417 291 1480 325 fuit
1491 291 1566 325 usus
1576 303 1644 324 non
1654 293 1783 327 modica
1794 296 2035 339 dispensatione
2048 321 2056 328 .

1173 343 1319 377 Nestorii
1340 343 1587 377 damnationem
1611 342 1858 384 pertinaciffime
1885 347 2057 387 refutavit,

1173 393 1374 427 Maximiani
1403 403 1513 426 tamen
1546 391 1758 426 diffimulavit
1780 393 2033 430 ordinationem
2045 421 2057 436 ,

1173 443 1277 486 acipfi
1306 443 1567 477 communicavit
1588 452 1624 477 ut
1639 442 1818 486 Episcopo.
1848 442 1901 475 Ex
1923 444 1983 477 hac
1996 446 2058 480 dis-

1173 493 1363 536 pensatione
1374 494 1472 528 etiam
1484 493 1557 528 lbas
1567 518 1577 533 ,
1604 492 1728 527 Edessae
1740 492 1920 535 Episcopus
1939 494 2059 536 scripsit

1174 543 1213 576 ad
1226 544 1348 578 Marim
1359 570 1370 585 ‚
1385 544 1522 578 Persidis
1535 543 1735 587 Episcopum
1750 555 1757 574 :
1785 541 1851 581 Post
1862 541 1941 575 banc
1952 542 2060 586 Ephe-

1175 593 1240 635 fine
1251 594 1420 628 discordiae
1429 594 1618 636 confitfionem
1628 592 1828 637 unusquisque
1837 597 1870 625 in
1877 591 1963 636 suam
1975 597 2061 627 Civi-

1175 651 1268 676 tatem
1291 644 1428 687 reversus
1449 645 1488 685 est
1501 671 1508 677 .
1536 644 1688 684 Nestorius
1711 646 1784 678 vero
1797 668 1808 683 ‚
1834 648 1974 686 quoniam
1995 644 2060 676 odio

1174 692 1341 726 habebatur
1348 693 1413 736 suae
1426 699 1559 728 Civitati
1569 719 1580 735 ,
1607 696 1641 729 (5·
1651 694 1815 734 Majortbus
1837 700 1871 726 in
1881 705 1915 727 ea
1931 692 2064 733 constitu-

1176 747 1238 783 tis,
1264 743 1331 775 illuc
1348 750 1463 776 reverti
1481 756 1537 778 non
1555 750 1672 787 potuit.
1694 744 1918 779 Orientalium
1930 744 2064 786 Episco-

1177 803 1294 836 porum
1316 792 1422 835 plures
1442 793 1617 838 vulgarunt
1635 794 1721 830 hanc
1743 794 1908 829 fabulam:
1938 793 2065 837 Vulga-

1177 852 1252 876 runt
1264 841 1456 877 Nestorium
1480 854 1549 877 non
1560 852 1598 877 ut
1614 842 1829 888 degradatum
1838 844 1885 878 ob
1898 842 2039 878 haerefim
2051 868 2063 884 ‚

1178 892 1232 926 sed
1251 903 1287 926 ut
1305 892 1450 927 invisum
1470 894 1529 927 suo
1555 893 1685 935 Populo
1708 896 1800 930 fuisse
1823 894 2037 939 proscriptum
2052 917 2065 934 ,

1178 954 1214 977 ac
1224 943 1356 977 exulare
1367 967 1375 975 .
1402 944 1496 977 Hinc
1506 944 1575 987 ipso
1585 943 1684 977 etiam
1697 955 1765 977 non
1779 945 1926 979 restituto
1938 969 1950 986 ,
1972 943 2067 978 dum-

1179 992 1283 1027 modo
1293 1003 1402 1027 tamen
1415 991 1588 1027 haberetur
1608 993 1808 1038 Episcopus,
1833 993 2067 1030 Theodoretus

1181 1044 1244 1077 suit
1258 1052 1387 1087 paratus
1402 1043 1443 1077 ad
1456 1043 1777 1080 communicandum
1787 1042 2069 1089 Constantinopo-

1182 1093 1288 1132 litanae
1300 1093 1468 1133 Ecclesiae,

1398 1408 1440 1456 C
1463 1404 1668 1457 APUT
1703 1407 1865 1456 LXXI.
1926 1418 2070 1464 -159

1185 1592 1361 1660 Epistola
1407 1593 1631 1642 Theodorett'
1693 1594 1872 1663 Episcopi
1920 1630 1933 1654 ,
1975 1594 2075 1658 ficut·

1254 1662 1350 1713 idem
1384 1667 1535 1713 Irenaeus
1563 1663 1691 1732 posuit
1724 1700 1737 1724 ,
1784 1667 1837 1711 ad
1871 1668 2008 1713 Hime-

1374 1739 1530 1785 merium
1561 1733 1894 1801 Nicomediensem

1502 1803 1734 1873 Episcopum
1753 1841 1766 1853 ·

1269 1996 1497 2037 Tcuidecet,
1526 1997 1698 2041 utsuperet
1715 1995 1871 2032 omnibus
1882 1995 2002 2037 bonis,
2030 1997 2081 2031 ni·

1294 2047 1314 2078 si
1329 2047 1381 2086 ei,
1410 2048 1466 2090 qui
1490 2047 1718 2090 poffeffionem
1741 2046 1902 2083 bonorum
1922 2047 2078 2082 omnium

1188 2096 1422 2140 congregavit,
1453 2096 1485 2129 &
1498 2095 1583 2130 hanc
1608 2097 1642 2130 in
1663 2097 1835 2141 semetipso
1855 2099 2042 2132 circumfert
2060 2099 2076 2129 .2

1188 2144 1329 2186 Vicisti,
1358 2147 1433 2179 Deo
1445 2146 1650 2180 Amiciffime
1661 2148 1832 2189 Domine,
1862 2149 1941 2182 ficut
1958 2149 1992 2183 in
2005 2147 2078 2181 aliis

1189 2194 1364 2235 omnibus,
1391 2195 1479 2228 sicin
1492 2195 1702 2230 festinatione
1715 2197 1928 2231 allocutorias
1952 2198 2078 2232 litteras

1189 2244 1369 2287 dirigendi.
1399 2243 1442 2278 Et
1452 2244 1532 2279 dum
1547 2256 1606 2279 uos
1619 2246 1727 2279 sumus
1753 2246 1788 2279 δε
1808 2246 1928 2280 inertes
1948 2247 1982 2281 &
1995 2249 2078 2282 som-

1192 2294 1319 2327 nolenti
1331 2319 1341 2335 ,
1368 2294 1401 2328 &
1414 2295 1497 2329 circa
1510 2296 1659 2340 urgentia
1671 2295 1829 2330 fastidiosi
1851 2297 1884 2330 &
1897 2298 2075 2342 negligen-

1191 2354 1259 2383 τες,
1285 2354 1345 2378 tuo
1369 2355 1430 2378 nos
1446 2344 1593 2389 alloquio
1620 2345 1796 2387 suscitasti,
1822 2346 1857 2380 &
1881 2348 1949 2390 pari
1962 2347 2075 2388 illius,

1191 2404 1288 2436 atque
1299 2393 1458 2437 spirituali
1470 2395 1598 2435 revera,
1627 2396 1740 2429 affeetu
1763 2396 1803 2430 ad
1823 2397 2017 2432 memoriam
2029 2408 2077 2431 re-

1193 2444 1331 2477 vocasti.
1361 2443 1489 2478 Verum
1501 2455 1542 2479 ne
1552 2456 1669 2478 omnes
1679 2447 1790 2480 causas
1810 2446 1990 2481 litterarum
2013 2457 2075 2480 tar-

1191 2492 1305 2527 ditatis
1327 2494 1498 2528 occultans
1521 2520 1531 2535 ‚
1564 2496 1793 2539 memetipsum
1820 2494 1940 2530 fastidii
1972 2497 2074 2540 culpae

1192 2543 1382 2586 subjiciam,
1409 2543 1575 2578 modicam
1586 2544 1771 2588 quandam,
1798 2557 1969 2590 veramque
1990 2548 2076 2581 satis-

1191 2593 1365 2628 factionem
1390 2605 1449 2637 pro
1463 2593 1701 2637 nobismetipsis
1721 2593 1903 2631 adhibebo.
1933 2596 2074 2632 Habita-

1190 2654 1263 2678 mus
1286 2644 1454 2678 civitatem
1486 2643 1588 2689 longe
1613 2643 1733 2678 alicubi
1756 2646 1847 2680 sitam
1868 2646 1909 2680 ab
1931 2647 1986 2681 illa
1997 2647 2072 2687 via,

1189 2705 1252 2737 qua
1263 2694 1340 2738 equi
1353 2695 1573 2729 transcurrunt
1586 2708 1597 2727 .·
1625 2693 1753 2729 Etideo
1766 2707 1870 2738 neque
1883 2696 1989 2740 ipsos,
2015 2697 2073 2740 qui

1188 2744 1229 2778 ad
1255 2744 1398 2778 nostram
1426 2744 1636 2780 Provinciam
1670 2746 1808 2781 veniunt
1830 2772 1841 2788 ‚
1879 2748 2042 2781 cernimus
2064 2772 2071 2780 .

1187 2796 1261 2829 Nec
1272 2794 1424 2829 cumillis
1437 2793 1514 2829 vero
1524 2796 1586 2830 esse
1598 2796 1790 2841 contingit,
1817 2795 1872 2840 qui
1898 2795 1977 2830 hinc
1999 2807 2073 2839 pro-

1187 2845 1393 2879 ficiscuntur.
1422 2845 1467 2879 Et
1478 2846 1646 2890 propterea
1662 2858 1730 2880 non
1742 2846 1934 2880 obtinemus
1957 2847 2073 2880 conso-

1187 2895 1347 2930 lationem
1367 2894 1533 2942 dirigendi
1553 2897 1677 2931 litteras
1696 2894 1735 2930 ad
1760 2895 1895 2930 vestram
1916 2895 2071 2931 Sanctita-

1186 2954 1272 2980 tem.

1234 2994 1291 3030 Ad
1303 2993 1371 3031 haec
1381 3008 1457 3032 cum
1470 2997 1558 3042 prius
1570 2997 1682 3033 assueti
1704 2997 1872 3032 fuissemus
1893 2997 2004 3042 saepius
2025 2997 2071 3032 ire

1185 3044 1225 3080 ad
1239 3046 1458 3082 Antiochiam
1471 3073 1482 3088 ,
1509 3047 1688 3092 atqueillic
1699 3058 1806 3081 moras
1817 3047 1956 3089 habere,
1983 3046 2070 3082 unde

1185 3096 1280 3131 facile
1291 3107 1359 3132 erat
1386 3099 1418 3133 δε
1429 3098 1568 3143 dirigere
1577 3098 1611 3131 &
1624 3098 1780 3141 suscipere
1792 3097 1912 3133 litteras
1921 3122 1931 3138 ,
1957 3098 1976 3132 a
1987 3097 2070 3133 rnul-

1185 3156 1221 3181 to
1242 3147 1307 3190 jam
1329 3158 1476 3192 tempore
1504 3148 1539 3182 in
1563 3148 1666 3182 domo
1686 3145 1854 3189 habitare,
1880 3158 1978 3191 atque
1996 3148 2068 3182 illic

1183 3196 1340 3241 elegimus
1352 3199 1513 3242 quiescere
1523 3223 1531 3229 .
1557 3199 1596 3232 In
1612 3198 1755 3241 praesenti
1769 3199 1859 3232 enim
1871 3197 1937 3233 hoc
1949 3223 1961 3240 ,
1986 3206 2068 3233 tam-

1183 3258 1280 3291 quam
1292 3249 1381 3290 quod
1392 3248 1532 3292 amplius
1550 3248 1741 3292 expediret,
1768 3249 1879 3284 sumus
1900 3248 2065 3293 amplexi.

1185 3298 1265 3332 Haec
1279 3299 1352 3334 sunt
1363 3310 1431 3343 quae
1442 3309 1502 3332 nos
1520 3299 1621 3340 usque
1631 3297 1670 3332 ad
1683 3300 1815 3342 praesens
1828 3297 2066 3343 prohibuerunt

1184 3347 1338 3384 Sanctum
1359 3359 1453 3384 tuum
1477 3347 1587 3394 Caput
1607 3349 1757 3393 amplecti
1770 3360 1826 3395 per
1836 3350 1976 3385 litteras.
2003 3345 2065 3382 Sed

1476 3410 1480 3414 “
1635 3399 1667 3433 R
1716 3408 1739 3445 3
1940 3398 2018 3440 san}
