2320 3730
366 199 464 247 286

720 196 1057 242 VAitioituM
1093 193 1339 237 Pit'ritnsi
1375 191 1697 254 EPISTOLAE,

282 285 364 321 vere,
385 285 439 319 hic
460 284 613 322 defunsto
635 274 846 320 Maximiano
882 282 989 317 adhuc
1022 278 1174 312 vivebati
1236 278 1378 322 universa
1389 282 1701 317 accommodebabeat.
1728 283 2112 328 ExponirSocrates,di-

284 337 393 371 Immo
412 334 520 370 adhuc
545 334 683 370 haerebat
705 336 739 368 in
763 337 821 367 suo
845 331 930 372 apud
952 326 1172 363 Antiochiam

281 386 504 422 Monasterio.
531 385 625 419 Hine
647 385 782 418 similem
804 378 975 421 Popularis
997 377 1081 411 faecis
1103 388 1172 412 rno-

282 446 355 471 tum
377 437 497 471 timens
519 434 754 471 Theodosius,
779 430 973 470 electionem
985 427 1171 471 permittere

283 486 395 522 noluit
405 512 415 528 ,
444 486 498 520 sed
522 483 669 519 Advenis
681 491 759 515 tunc
772 479 806 512 in
819 479 926 523 Regia
939 478 1085 512 Civitate
1097 478 1170 520 Epi-

281 539 388 582 scopis
397 537 495 580 jussit,
508 546 544 569 ut
555 531 709 566 Proclum
722 542 800 564 mox
815 527 1074 562 inthronizarent
1087 553 1094 560 .
1126 528 1170 567 Et

281 589 403 629 fastum
422 586 466 620 est
480 610 488 616 .
515 584 553 616 In
576 583 644 625 ipsa
666 581 720 615 die
742 579 929 613 Dominicae
940 578 1068 612 Coenae.
1096 578 1169 612 Nec

279 638 340 679 ista
358 638 422 672 fuit
442 634 542 669 Laica
554 631 732 666 violentia.
759 629 894 663 Etenim
915 628 1066 663 adversus
1080 627 1168 662 illam

279 699 380 729 uerno
392 695 537 729 unquam
550 680 747 718 intercessit,
774 679 899 713 nullam
921 679 1070 722 deposuit
1092 689 1170 721 que·

277 736 472 774 simoniam.
501 730 631 773 Nempe
654 728 864 764 Theodosius
882 729 1030 773 processit
1041 740 1083 763 ex
1096 729 1167 766 Re*

277 776 399 829 scripto
420 781 579 819 Celestini
593 780 767 814 Pontificis
781 803 789 812 .
818 779 870 813 Ex
885 791 952 823 quo
963 779 1111 814 videmus
1121 780 1167 823 ip-

277 836 349 872 sum
366 833 463 868 fuisse
485 841 554 865 nori
574 829 746 865 dumtaxat
758 829 986 866 Ecclesiasticae
997 831 1166 864 consuetu-

275 885 365 921 dinis
386 883 621 918 declaratorem
641 905 652 922 ‚
678 880 733 914 sed
756 880 856 915 etiam
879 881 993 925 Regiae
1013 880 1166 915 Civitatis

275 936 515 979 Episcopatum
537 932 705 966 reservasse
726 954 738 972 ,
764 930 799 965 &
820 930 887 974 ejus
919 930 1165 974 exspectativam

275 985 449 1021 contulisse
469 984 505 1017 in
526 980 703 1016 Proetum.
731 980 830 1016 Adeo
854 982 1010 1025 antiquus
1025 980 1071 1015 est
1093 981 1166 1013 usus

273 1034 477 1080 Apostolicae
486 1031 576 1067 istius
599 1031 809 1066 authoritatis
827 1056 834 1063 .
863 1031 997 1065 Etenim
1010 1029 1165 1065 defuncto

272 1084 486 1123 Maximiano
509 1081 646 1126 Papales
658 1080 779 1115 litteras
800 1092 880 1114 mox
893 1079 1048 1122 Princeps
1059 1089 1164 1121 proru-

270 1136 313 1170 lit
324 1159 336 1176 ,
363 1135 397 1169 ἃ.
421 1134 562 1178 ipsarum
582 1131 703 1164 virtute
729 1129 814 1171 jussit
834 1129 991 1163 Proelum
1011 1128 1147 1162 exaltari
1160 1152 1168 1162 .

269 1180 672 1226 Erantantiquaelitterae:
701 1178 798 1213 Datae
809 1178 919 1212 statim
941 1178 1013 1222 post
1027 1188 1164 1220 promo-

267 1236 400 1270 tionem
422 1229 641 1266 Maximiani.
670 1229 761 1264 Nam
786 1227 962 1273 postillam
977 1227 1163 1265 celestinus

266 1283 449 1330 supervixit
474 1280 584 1327 paucis
601 1279 782 1316 mensibus.

321 1335 366 1369 Et
391 1333 433 1370 ad
455 1332 521 1367 haec
543 1331 656 1367 omnia
678 1330 832 1371 Taurus,
856 1331 1005 1368 Orientis
1017 1330 1163 1369 Comes,

261 1383 425 1420 ‘Praetorio
446 1382 635 1421 Praefestus,
663 1391 762 1427 atque
783 1381 945 1418 Patricius
966 1407 977 1423 ‚
1002 1382 1066 1416 fuit
1088 1381 1161 1414 stre·

263 1435 334 1469 mue
354 1444 547 1479 cooperatus
560 1458 568 1466 .
594 1434 736 1468 Praefatae
758 1433 902 1477 epistolar
915 1432 1030 1468 titulus
1041 1430 1138 1465 habet
1152 1444 1162 1463 .-

262 1486 365 1518 .Tauro
376 1493 467 1527 atque
479 1487 608 1517 Patricio
620 1507 627 1515 .
655 1483 785 1518 Laudat
807 1483 886 1517 duas
906 1483 1076 1527 personas.
1103 1479 1159 1515 Est

265 1534 431 1570 mendum
457 1559 465 1567 .
505 1532 562 1567 Est
589 1532 717 1576 aliquid
743 1532 898 1567 omissum
924 1558 931 1565 .
965 1531 1099 1566 Etenim
1126 1531 1159 1564 in

264 1583 507 1618 Theodosiano
528 1583 657 1618 Codice
682 1581 742 1618 sub
765 1581 865 1618 titulo
891 1582 932 1616 de
946 1580 1160 1626 indulgentiis

261 1634 455 1669 debitorum
467 1632 571 1667 exstat
584 1631 685 1668 nostri
698 1631 883 1668 Theodosii
898 1644 935 1667 ac
955 1630 1160 1666 Valentinia-

258 1684 304 1719 :ii
325 1684 399 1719 Lex
423 1683 501 1718 data
524 1681 565 1718 ad
587 1681 676 1718 hunc
686 1683 860 1724 Taurum,
885 1684 919 1717 δε
932 1681 1055 1716 habens
1071 1679 1160 1715 hunc

260 1735 424 1771 titulum:
450 1737 550 1767 Tauro
572 1735 712 1768 Praetorii
738 1733 886 1775 PraefeHo
907 1756 918 1772 ‚
944 1744 978 1766 ac
1011 1734 1159 1765 Patricio.

261 1784 324 1819 Est
349 1783 425 1819 data
445 1783 646 1818 duodecimo
673 1783 825 1818 calendas
860 1783 960 1826 Julias
981 1796 989 1815 :
1020 1781 1161 1816 Duobus

260 1834 430 1871 mensibus
442 1834 513 1877 post
526 1834 675 1868 evestum
685 1831 841 1868 Proelum
857 1856 864 1864 .
891 1830 1037 1866 Proinde
1048 1830 1161 1865 Praefe-

264 1884 309 1919 eti
332 1884 447 1918 titulus
466 1884 512 1918 est
546 1882 680 1917 omissus
712 1882 748 1917 iri
786 1880 978 1927 Epigtaphe
1003 1880 1162 1926 pra-sentis

264 1935 409 1978 epistolae
422 1959 429 1967 .
459 1933 564 1968 Porro
577 1933 633 1967 hic
644 1933 778 1967 Taurus
789 1932 852 1966 fuit
877 1943 1016 1977 magnus
1028 1956 1040 1972 ,
1065 1932 1097 1966 &
1110 1931 1160 1965 ad-

264 1985 372 2019 dietus
386 1983 532 2025 personis
545 1982 776 2016 Ecclesiasticis
787 2005 795 2014 .
822 1982 912 2016 Nam
926 1982 968 2016 ad
978 1982 1086 2026 ipsum
1105 1992 1160 2016 ex-

256 2033 329 2069 stat
352 2030 563 2065 Theodoreti
587 2031 743 2074 epistola,
770 2030 895 2064 habens
918 2031 1004 2064 hanc
1027 2031 1160 2073 Epigra-

262 2081 380 2132 phenz
406 2084 504 2114 Tauro
529 2082 678 2114 Patricio.
705 2081 785 2113 Suas
805 2077 886 2112 duas
907 2079 947 2112 ad
960 2078 1160 2121 ipsumlitte-

263 2145 319 2171 xas
338 2131 472 2167 Sanctus
493 2129 633 2165 Isidorus
655 2128 835 2163 Pelusiotes
857 2127 1036 2171 inscripsit:
1064 2129 1163 2161 Tauro

268 2182 422 2224 Praefeo‘lo
448 2205 456 2213 .
494 2179 552 2213 Ad
577 2179 718 2212 eundem
745 2178 874 2211 exstant
911 2178 1019 2219 plures
1055 2176 1162 2222 Leges

267 2229 479 2266 Theodosii.
507 2226 568 2261 Ille
585 2226 687 2272 igitur
699 2226 809 2259 Procli
822 2225 1090 2268 promotionem,
1112 2236 1161 2259 ut-

261 2292 348 2328 ·pote
362 2280 465 2314 sciens
475 2278 546 2312 fore
560 2276 770 2322 gratissimam
784 2300 795 2316 ,
824 2274 933 2309 statim
945 2273 1057 2308 retulit
1070 2274 1163 2317 Joari-

267 2333 305 2366 ni
319 2327 536 2364 Antiocheno
553 2340 561 2360 ι
584 2327 628 2361 Et
640 2337 694 2370 per
706 2325 890 2370 praesentem
916 2324 1100 2368 Epistolam
1113 2325 1161 2367 Jo-

267 2391 372 2417 annes
397 2380 447 2414 illi
472 2379 541 2423 agit
562 2378 681 2422 gratias
695 2401 702 2408 .
728 2376 842 2423 Qare
863 2373 998 2417 epistola
1015 2374 1161 2409 etiamin

268 2434 331 2467 fuo
355 2440 515 2466 contextu
537 2427 635 2462 habet
647 2425 805 2461 mendum
820 2424 1093 2470 Magnificentilfimi
1105 2428 1167 2458 Dor

269 2487 366 2517 mini.
394 2479 588 2525 Legendum
611 2478 678 2511 est:
706 2474 1030 2521 magnificentissime
1046 2476 1163 2510 Domi-

269 2544 335 2568 ne.
365 2530 502 2566 Codicis
526 2528 736 2572 Compilator
756 2524 894 2561 credidit
919 2524 1090 2568 epistolam
1101 2527 1162 2560 esse

271 2583 428 2625 scriptam
451 2580 492 2614 ad
514 2579 615 2615 duos.
643 2577 688 2611 Et
699 2574 859 2610 certeisto
870 2584 1017 2617 ternpore
1030 2575 1093 2609 fuit
1105 2575 1163 2611 Pa-

273 2632 387 2669 tricius
398 2631 521 2664 Comes
531 2652 542 2668 ,
559 2627 600 2672 ad
611 2637 709 2669 quem
720 2624 954 2659 Theodoretus
966 2624 1161 2668 trigesimam

276 2691 426 2726 quartam
450 2680 540 2712 suam
563 2675 731 2719 epistolam
755 2698 766 2715 ,
793 2686 830 2708 ac
852 2674 1032 2717 Imperator
1051 2674 1164 2710 Theo·

276 2731 387 2766 dofius
410 2728 531 2772 scripsit
554 2725 679 2771 Legem
701 2724 835 2760 finalem
853 2723 911 2760 sub
932 2724 1031 2761 titulo
1051 2726 1164 2767 dejure

278 2779 382 2823 Ft'sct'.

331 2827 489 2864 Notanda
511 2829 586 2862 sunt
608 2825 675 2861 haec
696 2825 737 2861 de
757 2824 949 2861 Theodosio
961 2826 1076 2861 verba:
1101 2829 1165 2869 ,Qui

278 2892 343 2917 cum
354 2879 427 2913 bene
439 2879 552 2912 viderit
566 2902 576 2918 ,
602 2878 738 2910 velociter
749 2887 861 2919 quoque
873 2875 1037 2910 deliberata
1047 2878 1166 2919 comple-

279 2936 352 2971 vit,
379 2941 415 2963 ne
440 2930 502 2962 ulla
522 2927 642 2961 invidia
664 2926 919 2967 benun-judicium
933 2928 1059 2961 violaret
1072 2951 1080 2959 .
1109 2926 1168 2961 Af·

279 2982 414 3016 firmant
436 2990 513 3013 curn
534 2979 687 3016 Socrate,
711 2975 800 3020 quod
819 2973 1027 3010 Theodosius
1046 2977 1167 3020 Populi

280 3040 412 3065 motum
435 3029 603 3068 timuerit,
629 3027 772 3071 ideoque
793 3025 986 3064 electionem
1010 3038 1079 3061 non
1100 3037 1167 3070 per-

283 3080 404 3113 miserit
416 3103 427 3119 ,
453 3078 508 3113 sed
519 3077 640 3122 jusserit
650 3077 806 3112 Proetum
817 3076 925 3111 statim
937 3075 1166 3111 inthronizari.

283 3127 387 3163 Porro
398 3129 487 3173 quod
502 3128 747 3162 Maximianum
757 3126 879 3170 jusserit
891 3137 946 3170 per
957 3125 1111 3161 Proclum
1125 3128 1165 3160 se-

281 3178 377 3225 peliri
390 3202 402 3217 ‚
427 3178 599 3221 desumpsit
610 3189 649 3212 ex
660 3177 807 3213 moribus
819 3175 1051 3212 AIexandrinae
1060 3177 1169 3211 Eccle-

283 3228 353 3261 siae.
383 3227 454 3260 Illic
467 3229 556 3261 enim
576 3239 681 3262 novus
693 3226 882 3262 Patriarcha
894 3225 1001 3261 statim
1014 3227 1145 3270 eligitur
1156 3252 1167 3269 ‚

283 3278 317 3313 &
336 3276 525 3311 defunaum
548 3276 659 3319 sepelit
683 3302 691 3309 .
718 3277 767 3312 Ita
788 3277 920 3312 testatur
941 3276 978 3311 in
1001 3276 1165 3312 Breviario

285 3326 456 3363 Liberatus
476 3326 664 3359 Diaconus.
692 3327 850 3362 Notanda
877 3328 950 3361 sunt
972 3324 1039 3361 haec
1067 3328 1166 3373 etiam

130 3393 206 3431 Cap.
222 3399 269 3429 30,
284 3376 384 3417 verba
407 3375 449 3413 de
471 3375 587 3412 Sansto
610 3374 750 3414 Proclo:
776 3380 822 3411 Et
842 3383 975 3415 noverim
987 3389 1078 3423 quam
1083 3377 1171 3424 sead

1234 340 1311 366 cens
1329 328 1485 370 Proclurn
1505 330 1598 369 fuisse
1617 329 1724 371 Attici
1743 333 2108 380 constantinopolitani

1233 379 1425 413 Diaconum
1447 391 1486 414 ac
1496 379 1694 421 Notarium,
1717 381 1960 427 &adjunge-ns:
1987 389 2108 421 Procius
2131 402 2228 441 ΠΜ,
2238 415 2286 442 41-

1233 429 1271 465 ab
1284 433 1378 463 Attico
1389 431 1525 464 eruditus
1536 454 1547 470 ,
1563 430 1684 464 cunc‘las
1694 432 1759 472 ejus
1769 435 1899 466 virtutes
1903 434 2032 473 stadios?
2041 442 2106 471 imi-

1231 489 1316 514 tatus
1326 480 1366 525 est
1376 505 1383 517 ,
1414 483 1597 519 Patientiam
1607 483 1679 521 verri
1689 486 1780 515 etiam
1790 486 1886 524 magis
1895 494 1985 525 quam
1994 490 2107 522 Atticus

1233 531 1377 564 excoluit.
1404 534 1491 563 Nam
1513 530 1720 565 hicinterdum
1739 527 1896 565 terribilem
1909 530 1943 575 se
1953 537 2110 573 Haemms

1231 580 1409 623 exhibebat,
1437 582 1560 621 Proclus
1570 584 1642 617 veri)
1652 606 1663 623 ‚
1685 582 1823 625 placidus
1830 592 1899 626 erga
1917 584 2086 626 omnessim
2095 611 2108 629 ,

1231 632 1302 669 dum
1325 634 1486 666 Haereticos
1506 631 1563 671 bac
1578 637 1692 666 ratione
1708 633 1834 675 potitii,
1860 643 1951 675 quam
1962 638 1997 667 vi
2006 636 2109 669 adre-

1230 681 1307 714 eiam
1324 681 1416 723 fidem
1438 683 1583 716 adducere
1597 682 1748 724 studeret.
1776 682 1821 716 Et
1837 682 1924 718 certe
1935 683 2110 719 Maximia-

1230 743 1292 769 nus
1315 741 1390 766 cum
1408 732 1599 775 quibusdam
1610 732 1789 767 Orientalis
1798 732 1964 768 Faetionis
1975 734 2109 778 Episco-

1231 781 1279 826 pis
1299 779 1378 821 dure,
1394 790 1520 827 egerat.
1548 785 1701 818 Sanctum
1714 782 1877 830 Cyrillutn
1885 794 2087 833 permoverat
2099 809 2111 825 ,

1230 842 1266 865 ut
1283 843 1423 875 quatuor
1441 833 1672 877 Metropolitas
1692 832 1711 867 a
1732 845 1812 878 pace
1834 832 2019 869 excluderet
2038 856 2049 873 ,
2072 835 2106 869 δε

1229 882 1327 917 Xisto
1349 882 1506 917 Pontifici
1528 884 1715 927 fiequenter
1731 884 1922 928 supplicaret
1942 908 1954 925 ,
1979 894 2016 918 ut
2028 895 2111 918 nun-

1227 944 1324 977 quam
1335 933 1469 968 solveret
1488 934 1574 968 istud
1597 934 1785 974 vinculum.
1813 934 1946 978 Insuper
1958 934 2106 978 pluribus

1226 982 1353 1025 jusserat
1376 983 1612 1026 superordinari
1633 995 1738 1017 novos
1768 984 1951 1028 Episcopos
1971 1009 1979 1016 .
2015 984 2110 1018 Hinc

1229 1033 1329 1077 igitur
1348 1031 1533 1074 Parriarcha
1557 1034 1698 1077 Joannes
1717 1058 1727 1073 ,
1755 1034 1913 1076 quoniam
1936 1045 2014 1068 tunc
2033 1043 2111 1068 nata

1226 1083 1271 1117 ob
1299 1083 1418 1117 initam
1439 1093 1553 1125 pacem
1573 1082 1750 1117 concordia
1771 1081 1864 1125 plene
1875 1081 2004 1117 ardebat
2015 1093 2052 1116 ac
2062 1084 2112 1116 fu-

1227 1132 1359 1171 mabat,
1385 1130 1403 1164 a
1415 1131 1527 1166 Procli
1548 1131 1717 1174 prudentia
1736 1132 1771 1169 δε
1788 1132 2035 1172 mansuetudine
2044 1133 2114 1178 spot

1227 1181 1318 1218 rabat
1335 1180 1490 1216 meliora.

1399 1425 1545 1474 CAP
1560 1425 1606 1471 U
1622 1422 1664 1469 T
1700 1425 1912 1472 CXXIV.
1947 1440 2114 1472 -ιιι

1225 1560 1394 1630 Epistola
1415 1598 1431 1622 ‚
1466 1564 1611 1627 inquit
1629 1597 1643 1622 ‚
1680 1560 1835 1618 Meletii
1855 1560 2034 1630 Epifiopi
2057 1560 2115 1609 ad

1292 1636 1567 1681 Maximinum
1608 1631 1811 1690 Anazarbi
1832 1665 1846 1690 ,
1876 1647 1945 1699 per
1968 1650 2113 1697 quam.)

1284 1699 1522 1769 significavit
1546 1699 1588 1747 d‘e
1610 1703 1825 1749 Domitiano
1853 1701 2075 1766 QaestorQ
2091 1736 2109 1760 ‚

1294 1777 1352 1818 (φ
1382 1770 1423 1819 de
1452 1774 1582 1818 Sacris
1607 1805 1623 1829 ,
1656 1787 1747 1835 quas
1771 1786 1899 1817 comica
1923 1791 1977 1819 eos
1991 1775 2110 1842 impe-

1296 1845 1460 1891 traverit
1484 1848 1645 1906 joamzes
1672 1838 1942 1892 Antiochensis.

1319 1983 1488 2027 Ntequam
1501 1982 1603 2018 tristia
1622 1982 1754 2023 dicam,
1778 1982 1976 2019 solutionem
1993 1994 2112 2018 eorum

1344 2043 1408 2067 tuae
1419 2034 1593 2068 innotesco
1603 2033 1773 2068 Sanstitati
1786 2059 1792 2066 .
1819 2034 1853 2068 Si
1864 2033 1941 2069 vero
1950 2034 1984 2068 ὅ(
1995 2033 2040 2069 ad
2049 2032 2110 2068 illa

1225 2083 1514 2115 commemoranda
1536 2082 1715 2124 perducor,
1740 2082 1781 2115 ad
1801 2093 1916 2116 eorum
1936 2083 2110 2117 confirma-

1228 2130 1355 2164 tionem
1379 2153 1390 2170 ,
1416 2140 1487 2173 quae
1508 2129 1665 2164 dicuntur
1684 2154 1695 2170 ,
1722 2131 1904 2173 compellor
1924 2130 1960 2164 id
1978 2132 2108 2171 facere,

1225 2179 1317 2212 simul
1344 2178 1379 2212 ἀ
1391 2189 1429 2213 ut
1445 2178 1598 2214 ordinem
1609 2178 1786 2214 Gestorum
1795 2180 1830 2213 in
1843 2190 1914 2214 mea
1925 2181 2111 2215 narratione

1225 2226 1417 2262 custodiam.
1446 2227 1649 2261 Audivimus
1660 2227 1743 2262 olim
1754 2252 1766 2268 ‚
1777 2228 1868 2270 quod
1879 2229 2021 2264 multum
2033 2230 2111 2265 sate·

1226 2275 1308 2321 gerit
1331 2275 1475 2315 Verius,
1501 2277 1558 2321 qui
1581 2289 1639 2320 pro
1668 2277 1794 2321 Joanne
1815 2277 2112 2323 Constantinopoli

1227 2326 1331 2361 latitat
1342 2350 1354 2366 ,
1379 2326 1412 2360 δε
1423 2337 1537 2361 aurum
1549 2327 1690 2361 multum
1705 2326 1902 2362 distribuerit
1922 2328 2084 2370 aliquibus
2095 2353 2109 2370 ‚

1226 2386 1262 2410 ut
1273 2377 1374 2420 posset
1390 2375 1541 2411 obtinere
1552 2376 1681 2411 Sacram
1692 2400 1705 2417 ,
1731 2388 1800 2421 quae
1828 2389 1888 2412 nos
1901 2387 2032 2423 cogeret
2051 2387 2113 2419 aut,

1226 2426 1470 2462 communicare
1492 2427 1613 2470 Joann‘i
1635 2450 1648 2467 ,
1685 2436 1742 2461 aut
1770 2428 1859 2461 exire
1874 2426 1915 2462 ab
1939 2427 2109 2463 Ecclesiis.

1226 2476 1330 2524 Qiod
1341 2476 1443 2511 etiam
1463 2476 1619 2511 veraciter
1640 2476 1785 2522 contigit
1798 2502 1805 2509 .
1834 2476 1923 2512 Nam
1939 2477 2115 2514 Domitia·-

1228 2538 1311 2568 nus,
1337 2526 1395 2570 qui
1417 2538 1506 2560 nunc
1524 2525 1670 2572 Qaistor
1691 2526 1761 2566 est,
1786 2527 1904 2569 scripsit
1917 2528 1993 2562 Deo
2014 2527 2110 2562 Amt-

1226 2576 1352 2612 ciffimo
1375 2576 1537 2619 Episcopo
1558 2575 1740 2616 Helladi0‚
1767 2576 1858 2620 quod
1878 2577 2007 2611 Sacram
2031 2577 2109 2621 qui·-

1226 2628 1302 2661 dem
1313 2634 1428 2660 contra
1441 2635 1502 2660 nos
1513 2624 1705 2660 obtinuisset
1726 2624 1863 2666 Verius,
1891 2626 2040 2669 praedista
2059 2626 2110 2670 ju-

1228 2677 1359 2710 bentem
1370 2699 1381 2715 ,
1406 2675 1472 2718 ipse
1486 2682 1595 2708 autem
1608 2673 1813 2717 benignitate
1826 2699 1837 2715 ,
1855 2685 1919 2716 qua
1931 2675 2018 2711 circa
2028 2687 2107 2711 eum

1227 2725 1392 2761 detinetur
1407 2748 1419 2764 ‚
1448 2721 1534 2757 hanc
1555 2723 1688 2757 interim
1721 2722 1904 2759 cohibuerit
1925 2724 2107 2769 publicari,

1228 2774 1436 2811 necessarium
1456 2782 1574 2817 putans
1590 2797 1600 2814 ,
1626 2783 1800 2816 antequam
1823 2773 2005 2818 publicetur
2028 2775 2109 2816 illa,

1229 2828 1261 2861 &
1284 2834 1436 2870 praecepta
1460 2834 1597 2867 peream
1607 2822 1773 2859 necessitas
1793 2823 1979 2869 ingeratur,
2004 2825 2111 2862 utine

1229 2876 1280 2911 his
1292 2900 1305 2917 ,
1330 2886 1401 2919 quae
1415 2872 1456 2907 ab
1470 2884 1509 2908 eo
1523 2874 1638 2917 scripta
1651 2874 1746 2914 sunt,
1771 2875 1973 2916 acquiescens
1986 2875 2107 2919 absquo

1229 2927 1295 2961 ulla
1316 2924 1498 2960 necessitate
1523 2923 1756 2958 reconcilietur
1778 2924 1898 2967 Joanni
1918 2949 1926 2957 .
1963 2925 2020 2964 Ob
2041 2923 2106 2960 hoe

1229 2976 1318 3012 enim
1330 2977 1502 3011 Decanum
1513 2985 1643 3019 quoque
1660 2975 1692 3008 se
1702 2973 1849 3010 direxisse
1868 2974 1956 3009 dixit
1968 2999 1979 3015 ‚
2005 2985 2042 3008 ut
2061 2986 2110 3010 re·

1230 3025 1471 3063 conciliationis
1481 3025 1564 3059 inter
1576 3035 1752 3068 utrumque
1765 3025 1880 3059 futura:
1892 3023 2083 3060 Ministrum
2095 3049 2106 3058 .

1279 3076 1356 3111 Erat
1369 3075 1445 3110 vero
1464 3074 1592 3111 tantum
1610 3076 1750 3110 scoenica
1762 3074 1925 3110 simulatio
1940 3100 1952 3116 ,
1978 3074 2019 3110 ad
2031 3087 2107 3119 prae·

1231 3127 1380 3162 standum
1408 3126 1529 3170 Joann'i
1554 3136 1613 3170 pro
1626 3126 1695 3162 auri
1707 3124 1896 3170 acceptione
1907 3126 2105 3169 composita.

1230 3179 1284 3213 Sic
1303 3177 1391 3212 enim
1415 3176 1586 3211 nunciavit
1607 3174 1723 3217 nobis,
1751 3175 1807 3220 qui
1818 3174 1883 3210 huc
1899 3175 2014 3216 venit,
2039 3171 2123 3210 Ad?

1230 3225 1478 3262 mirandissimus
1490 3226 1616 3269 Iudex,
1642 3226 1699 3270 qui
1720 3226 1754 3261 δε
1775 3227 1907 3270 praesens
1919 3224 2106 3260 Constanti-

1232 3277 1346 3322 nopoli
1367 3277 1453 3317 fuit,
1480 3278 1514 3311 ὅ(
1538 3276 1794 3321 unumquodque
1815 3286 1950 3314 eorum,
1974 3283 2104 3319 quaege-

1231 3327 1276 3362 sta
1301 3329 1398 3367 sunt,
1425 3327 1536 3361 novit.
1567 3327 1700 3374 Qippe
1710 3326 1801 3369 cujus
1823 3334 1894 3360 erat·
1912 3326 2024 3360 causa.
2048 3322 2104 3354 Sa-

1231 3389 1284 3415 cra
1305 3377 1439 3424 quidem
1462 3387 1576 3416 contra
1597 3388 1658 3414 nos
1679 3376 1753 3416 data
1775 3375 1820 3415 est
1842 3375 1959 3422 plena,
1986 3369 2036 3426 sed
2048 3380 2105 3413 per

1941 3430 2054 3458 omnia
