2320 3730
634 179 960 235 Senotus„
990 193 1054 222 ετ
1089 173 1279 222 Nous
1315 188 1707 225 ILLUSTRATAE,

240 279 294 303 ma
305 273 373 302 erat
380 261 508 307 ,s'quod
518 262 612 296 Deus
630 259 779 296 Verbum
791 274 860 297 non
875 261 1053 297 humanam
1065 270 1119 293 na-

239 328 345 354 turam
365 339 377 356 ,
402 313 454 347 sed
475 311 648 347 hominem
669 313 877 357 assumpsisset
900 337 912 354 ,
938 311 957 346 ὲ
981 310 1120 355 Virgine

236 374 434 408 conceptum
446 364 480 396 in
492 363 620 406 proptia
631 361 793 406 hypostasi
803 388 812 396 .
842 363 947 411 Qud
969 361 1063 395 illum
1076 360 1120 392 as-

235 414 412 459 sumpsisset
424 414 459 448 in
472 413 574 448 solam
585 413 758 458 dignitatis
771 439 783 454 ,
808 412 1039 451 authoritatis,
1067 420 1124 454 po-

234 465 378 506 testatis,
405 464 561 504 honoris,
588 476 627 498 ac
638 463 784 498 nominis
795 461 1090 497 communionem.

287 517 342 550 Ex
362 514 413 549 his
426 513 594 559 principiis
616 512 786 561 adver-sitm
808 509 996 555 Acephalos
1008 535 1019 552 ‚
1046 511 1121 544 asse

233 577 344 601 rentes
355 564 523 601 Christum
536 565 725 598 Dominum
735 565 797 598 effe
808 562 942 606 quidem
960 572 1001 596 ex
1014 584 1025 601 ‚
1052 570 1120 593 non

235 616 395 651 tamenin
406 614 532 652 duabus
543 614 667 649 naturis
679 614 809 647 unicam
822 610 1122 656 Hypostasin‚scri-

235 667 287 702 hit
301 666 456 704 Rusticus
473 665 636 700 Romanae
658 663 808 697 Ecclefiae
821 662 1011 697 Diaconus:
1038 663 1121 695 Erat

233 723 331 761 igitur
354 721 476 750 Domini
501 726 567 749 caro
585 738 598 755 ‚
622 713 701 757 quod
724 711 797 753 abst
812 736 823 752 ‚
848 713 920 746 ante
945 716 1123 745 unitionem.

237 770 322 811 ,ραι
327 767 357 810 s
363 773 501 801 ammata
509 770 612 799 anima
621 765 762 797 rationali
763 763 854 806 fuisse
871 764 1011 797 credatur
1022 786 1032 803 ,
1039 770 1120 803 prae-

235 817 347 859 exstitit
360 823 451 863 igitur
458 815 619 859 secundum
631 826 685 848 vos
692 815 771 855 priu
773 827 782 844 r
795 822 891 856 purus
905 813 1009 853 bomo,
1019 812 1053 845 (a
1058 809 1121 853 post

229 867 301 903 haec
309 866 459 907 unitusest
470 865 584 899 Verbo.
613 869 668 898 Ex
680 865 798 899 duabus
822 875 888 909 ergo
901 861 1062 906 persbnis‚
1087 862 1121 894 (9·

233 929 274 952 ex
284 918 396 953 duobus
408 915 567 956 cbristus,
592 927 630 949 ex
643 915 751 948 duobus
762 914 860 957 filiis,
885 926 924 948 ex
936 911 1045 946 duobus
1062 913 1120 943 Do-

233 974 329 1002 minis
350 973 443 1002 un'um
467 965 617 1005 christum
640 964 857 1007 blasphematis
880 963 1003 1003 existere
1012 986 1019 994 .
1048 969 1122 998 Haec

234 1022 309 1053 vero
323 1019 417 1052 modIs
441 1016 576 1050 omnibus
599 1014 769 1047 abdicanda
791 1012 866 1056 sunt
878 1038 885 1046 .
913 1016 969 1046 Ex
990 1016 1121 1055 praeexi-

226 1067 375 1106 flentibus
385 1071 464 1099 enim
471 1072 526 1105 per
544 1061 579 1105 se
587 1062 622 1106 fir
628 1061 763 1106 personis
774 1068 868 1096 unitio
880 1062 1044 1107 fi’cundftm
1054 1060 1121 1104 sub-

224 1115 386 1157 fistentiam
400 1113 464 1156 fieri
488 1124 546 1147 non
553 1113 663 1156 potest.
691 1113 891 1148 Constanter
913 1114 1052 1147 affirmat
1065 1112 1120 1146 hu-

229 1176 364 1201 manam
382 1175 532 1199 naturam
544 1175 612 1198 non
626 1163 708 1197 nisi'
700 1175 733 1197 1n
746 1164 853 1207 primo
874 1164 935 1198 suae
947 1163 1122 1198 creationis

229 1218 354 1262 punsto
364 1216 503 1260 potuisse
515 1213 648 1249 assumi.
678 1213 782 1261 Quod
796 1213 925 1257 ipsum
916 1225 950 1247 in
975 1215 1029 1247 sua
1043 1223 1122 1247 con-

228 1277 280 1302 tra
298 1267 483 1311 Georgium
505 1264 708 1308 Elidopaeum
721 1287 732 1303 ,
761 1261 975 1307 Eutychiana:
994 1263 1118 1296 Fastio-

229 1318 283 1351 nis
294 1316 382 1361 apud
396 1314 642 1351 Alexandrinos
651 1313 882 1358 Presbyterum
900 1325 937 1348 ac
949 1314 1118 1358 Logogra·

230 1364 336 1410 phum
350 1391 363 1407 ‚
388 1366 613 1410 disputatione
640 1364 766 1399 videtur
791 1365 950 1399 affirmare
969 1365 1116 1408 praefatus

231 1418 361 1452 Sinaita
374 1414 567 1450 Anastafius.
602 1414 690 1449 Cum
701 1415 824 1450 cunffls
833 1414 890 1450 illc
902 1413 1123 1459 Eutychianis

229 1466 414 1502 affirmabat
436 1465 626 1509 hypostasin
662 1476 701 1500 ac
724 1475 874 1500 naturam
900 1465 965 1500 effe
992 1465 1122 1510 penitus

229 1517 320 1552 idern
333 1540 347 1558 ‚
372 1516 514 1560 ideoque
525 1513 694 1550 Christum
707 1515 894 1550 Dominum
912 1517 974 1550 effe
988 1516 1123 1558 quidem

228 1579 274 1603 ex
285 1591 297 1608 ,
324 1577 394 1601 non
407 1576 518 1600 tamen
532 1565 568 1599 in
580 1564 707 1599 duabus
726 1564 970 1609 hypostasibus.
1001 1564 1124 1600 Adver-

229 1617 305 1651 sum
316 1615 385 1650 haec
399 1616 512 1650 scribit
524 1613 729 1648 Anastasius:
756 1616 918 1649 secundum
930 1614 1006 1648 banc
1029 1620 1122 1659 igitur

227 1666 366 1711 regulam
377 1690 388 1707 ,
401 1667 520 1708 quando
529 1676 569 1699 ex
582 1664 700 1698 duabus
713 1663 903 1708 bypoffafibus
919 1666 1026 1700 docetis
1039 1665 1123 1698 Chri-

222 1717 307 1761 stum
320 1716 372 1759 effe
384 1714 565 1758 compositum
578 1738 590 1755 ‚
616 1726 654 1751 ex
666 1715 784 1749 duabus
794 1717 973 1758 compositum
989 1715 1124 1759 personis

229 1768 408 1811 affl’veratis
421 1790 428 1798 .
456 1768 488 1799 st
511 1767 582 1800 vero
602 1776 640 1799 ex
661 1766 781 1799 duabus
800 1765 936 1809 personis
957 1765 1125 1809 compositus

228 1817 268 1857 est
281 1842 292 1858 ‚
318 1819 411 1861 liquet
417 1817 506 1859 prius
514 1816 682 1857 formatam
685 1816 777 1858 fuisse
788 1828 908 1850 carnem
921 1842 931 1858 ‚
951 1818 985 1850 (ς’
995 1826 1064 1850 tunc
1076 1818 1126 1851 de-

228 1868 312 1901 mum
324 1871 473 1900 Divinum
485 1865 610 1899 Verbum
625 1890 635 1905 ,
663 1865 822 1899 habitandi
830 1873 934 1910 gratia
952 1872 985 1900 in
998 1878 1062 1900 eam
1076 1878 1128 1900 ve·

230 1917 304 1960 niffe
317 1941 324 1949 .
350 1919 384 1951 si
397 1916 459 1950 haec
473 1922 518 1949 ita
522 1914 556 1958 se
571 1915 682 1950 habent
692 1941 703 1956 ,
729 1926 788 1956 qua
812 1918 850 1950 de
870 1928 924 1949 cau
926 1916 964 1959 sa
976 1925 1128 1961 oppugna-

229 1972 272 2001 tis
284 1971 319 1999 N
321 1964 454 2006 estorium
464 1990 475 2006 ,
487 1967 733 2008 quandoquidem
744 1977 809 1999 cum
823 1971 859 2001 N
862 1966 957 2006 estorio
973 1966 1128 2010 sententia

229 2016 329 2057 vestra
339 2021 488 2050 concinat.
518 2014 660 2053 Videtur
673 2013 792 2050 docere
802 2041 813 2057 ,
840 2018 928 2061 quod
943 2017 1036 2051 Deus
1049 2017 1127 2050 Ver·

228 2066 310 2102 bum
324 2067 360 2101 in
385 2065 472 2110 prius
498 2065 693 2099 existentem
719 2064 889 2100 hominem
917 2067 1030 2098 venire
1059 2075 1127 2098 non

228 2116 327 2160 possit
355 2139 368 2156 ‚
396 2115 454 2148 nisi
478 2126 533 2157 per
557 2113 660 2148 solam
685 2113 823 2158 gratiam
851 2113 1126 2149 inhabitationis.

227 2165 452 2210 Nequaquam
465 2175 519 2207 per
534 2164 722 2198 unitionem
737 2164 915 2198 secundum
928 2161 1126 2207 hypostasin.

228 2215 303 2249 Has
328 2213 520 2261 quaestiones
545 2213 699 2259 permitto
719 2213 963 2249 sublimioribus
975 2214 1129 2249 Theolo-

232 2265 304 2311 gis.

282 2313 461 2350 Eutherius
474 2314 599 2350 invadit
611 2315 710 2350 etiam
722 2324 874 2359 quartum
889 2315 996 2351 Sancti
1006 2315 1127 2357 Cyrilli

229 2366 449 2410 Capitulum.
475 2368 506 2398 5i
529 2371 598 2407 quis
618 2365 734 2399 duabus
745 2364 905 2407 personis,
925 2364 990 2406 sve
1004 2365 1129 2407 hyposta-

229 2414 258 2457 s
255 2417 306 2448 bus
317 2427 370 2448 eas·
380 2426 465 2447 voces
481 2415 636 2453 attribuit,
662 2426 730 2457 quae
746 2420 777 2447 in
790 2417 986 2458 Evangelicis
1009 2417 1043 2450 (9·
1056 2421 1130 2456 apo-

228 2464 337 2506 stolicis
358 2466 519 2505 scripturis
536 2465 638 2504 passim
661 2472 834 2503 occurrunt,
862 2466 988 2498 &alias
1010 2467 1130 2507 quidem

234 2511 465 2557 bominiftorst‘m
477 2516 497 2546 ᾶ
511 2517 570 2545 Deo
581 2512 674 2546 Verbo
684 2512 858 2554 considerato
870 2513 1039 2557 adscribit,
1051 2516 1129 2549 alias

235 2566 334 2604 werd,
361 2573 518 2605 tamquam
537 2568 569 2595 in
580 2564 728 2596 Divinam
747 2562 933 2603 Majestatem
958 2571 1130 2600 convenien-

232 2622 299 2652 tes,
323 2610 380 2655 fiili
390 2611 482 2646 Verbo
492 2612 710 2653 accommodat,
736 2612 898 2645 anathema
909 2613 941 2654 s
936 2623 968 2646 t
1005 2613 1131 2649 Adver-

232 2664 287 2698 sus
307 2663 415 2706 ipsum
428 2659 604 2696 Eutherius
624 2662 804 2696 exclamat:
833 2664 915 2706 ,Quis
927 2662 1130 2698 anathemati·

232 2724 305 2747 :tare
311 2711 477 2755 praesumat
489 2724 534 2746 eos
546 2736 556 2752 ,
579 2717 631 2756 qui
639 2714 693 2755 pi?
705 2710 879 2754 adscribunt
888 2710 997 2756 excelsa
1008 2716 1127 2755 quidem

234 2766 408 2796 Divinitati
429 2787 441 2802 ,
465 2762 590 2795 humilia
611 2764 681 2796 verb
703 2760 888 2797 humanitati
915 2789 926 2805 ,
965 2775 1022 2797 non
1041 2763 1126 2809 fi’iffa

231 2818 366 2846 unitione
387 2813 444 2845 ullo
462 2813 545 2845 modo
571 2836 582 2852 ‚
609 2823 698 2853 quam
716 2813 839 2855 Apostoli
860 2815 895 2848 <9⁰
921 2816 1073 2858 Evangeli
1099 2828 1125 2849 ae

224 2863 378 2905 fatientes
414 2861 453 2894 ab
475 2862 531 2895 hac
549 2862 734 2906 legislatione
754 2863 1009 2899 anathematizati
1029 2865 1101 2909 sunt
1113 2890 1125 2907 ,

233 2914 379 2948 Accusat
390 2911 584 2955 Capitulum
597 2911 686 2956 quod
701 2912 841 2949 invicem
851 2915 980 2949 adversa
999 2916 1031 2950 δε
1047 2928 1125 2950 con·

232 2963 330 2996 traria
341 2961 464 2997 Christi
479 2963 621 2996 Domini
646 2962 806 2998 ldiomata
829 2966 904 3000 velit
930 2968 1078 3010 utrique
1071 2978 1124 3000 inv·

233 3011 418 3047 differenter
431 3023 551 3047 natura:
570 3012 706 3046 adscribi
719 3038 731 3054 ,
757 3014 896 3060 ideoque
905 3017 1012 3060 palam
1024 3017 1123 3050 intro-

234 3060 333 3095 ducat
347 3061 484 3105 ipsarum
497 3074 565 3097 non
577 3061 748 3098 dumtaxat
759 3066 940 3107 unionem,
953 3066 1005 3102 sed
1019 3068 1122 3101 unita-

234 3120 302 3145 tem
322 3111 356 3145 &
367 3113 608 3146 confusionem.
637 3112 815 3149 Praesertim
827 3119 987 3151 aversatur
1000 3117 1122 3152 duode-

234 3162 358 3198 cimum
386 3161 578 3204 Capitulum
600 3186 611 3203 ‚
647 3162 924 3202 anathematizans
951 3178 1120 3212 negatores

231 3210 330 3253 hujus
343 3212 596 3254 propositionis:
625 3214 703 3246 Deus
716 3215 841 3249 Verbum
863 3217 900 3257 εβ
912 3229 1001 3251 carne
1013 3219 1120 3261 crucifi-

235 3272 294 3294 xus
304 3270 495 3294 acmortuus.
522 3261 689 3296 Adversus
709 3262 794 3298 hanc
816 3269 984 3309 praesertim
1000 3268 1120 3313 scripfit

233 3310 354 3345 librum
376 3311 491 3352 illum,
523 3323 621 3356 quern
648 3312 681 3345 in
694 3314 749 3348 sua
763 3313 966 3353 Bibliotheca
980 3318 1121 3353 Photius

229 3360 454 3404 'Theodoreto
466 3361 617 3398 attribuit
630 3385 642 3405 ‚
668 3363 702 3397 &
716 3375 812 3405 quem
835 3367 888 3401 alii
900 3369 1093 3412 posuerunt
1086 3381 1118 3403 ln

330 3410 436 3451 Christ.
453 3416 532 3455 Lupi
545 3417 645 3456 Opera
666 3417 767 3451 ZVH.

1903 196 2001 244 207

1188 257 1333 294 secundo
1345 258 1462 294 Tomo
1474 259 1583 294 santii
1607 259 1792 298 Athanasii.
1818 264 1895 302 Istic
1906 267 1996 302 enim
2007 267 2068 301 mi·

1184 309 1227 344 ria
1239 309 1346 344 modis
1357 309 1450 346 istam
1462 310 1720 354 propositionem
1729 316 1890 358 exagitat
1917 317 2068 352 Eandem

1184 359 1438 404 propositionem
1459 383 1471 400 ‚
1494 359 1647 404 idemque
1663 362 1770 396 Sancti
1790 364 1909 407 Cyrilli
1933 367 2069 412 Capitu-

1185 410 1252 443 lum
1265 410 1395 454 peffime
1405 411 1497 452 odit,
1514 422 1552 445 ac
1564 410 1648 445 isto'
1639 422 1673 445 in
1686 410 1766 445 odio
1777 411 1939 449 duriffime
1951 429 1988 451 ae
1999 418 2069 452 diu-

1185 458 1299 494 tiffime
1319 461 1530 504 perseveravit
1553 459 1809 496 Theodoretus.
1839 463 1974 499 Etenim
1995 467 2068 509 post

1184 509 1292 544 Saneti
1315 511 1436 555 Cyrilli
1459 521 1598 547 mortem
1620 537 1633 553 ,
1671 511 1713 547 ad
1734 523 1870 547 omnem
1888 513 2069 549 Antioche-

1185 570 1261 594 nam
1283 561 1460 596 Ecclesiam
1483 585 1493 601 ,
1519 563 1667 606 praesente
1694 563 1834 597 Domno
1860 561 2068 604 patriarcha,

1183 607 1250 642 haec
1272 610 1307 643 in
1330 621 1459 647 tantum
1471 613 1676 647 Defunstum
1697 624 1767 647 non
1776 612 1906 647 erubuit
1916 613 2042 648 effutire
2056 628 2068 647 .·

1183 663 1282 692 Nemo
1293 666 1436 695 neminem
1438 666 1511 703 jam
1524 668 1597 708 cogit
1607 662 1819 706 blasphemare.
1831 663 1887 696 Ubi
1892 661 1964 707 sunt
1975 664 2071 697 dicen-

1184 718 1230 744 tts
1240 734 1250 750 ,
1278 712 1358 752 quod
1367 714 1446 744 Deus
1459 713 1495 752 est
1519 719 1571 755 qui
1581 714 1737 756 crucifixus
1749 713 1786 754 est
1802 715 1819 746 ,ἓ
1844 718 1917 747 Non
1929 713 2072 757 crucifigi-

1183 767 1231 792 tur
1244 763 1326 792 Deus
1340 784 1348 792 .
1376 765 1469 796 Homo
1480 763 1637 804 crucifixus
1661 763 1700 803 est
1704 767 1735 808 J
1737 763 1798 807 esus
1816 763 1967 804 cbristus.
1994 767 2073 796 Mor-

1182 817 1235 842 tua
1258 808 1296 848 est
1318 809 1462 850 invidia,
1488 813 1522 845 (5
1537 823 1601 846 cum
1617 826 1647 847 eo
1659 814 1765 848 obruta
1774 812 1812 853 est
1822 819 1985 848 consentio:
2013 817 2072 847 Re-

1182 857 1332 902 quiescant
1359 858 1560 903 Theopatitae.
1589 863 1668 897 Hoc
1681 863 1891 899 Theodoreti
1910 865 2074 909 fragmen-

1184 920 1254 943 tum
1266 910 1370 944 exstat
1381 910 1416 944 in
1432 911 1548 955 quinta
1558 910 1695 954 Synodo
1708 939 1716 946 .
1744 916 1788 949 Et
1795 915 1836 950 de
1846 914 1914 958 ejus
1925 914 1990 949 fide
2002 924 2073 947 non

1181 960 1226 993 est
1248 959 1468 997 dubitandum
1495 974 1503 993 :
1530 962 1638 1005 Ipsum
1661 963 1752 996 enim
1772 964 1904 999 adducit
1924 988 1935 1004 ‚
1962 963 2016 999 sed
2037 964 2074 997 in

1183 1009 1246 1044 alia
1269 1009 1504 1050 translatione,
1529 1012 1629 1046 etiam
1655 1011 1782 1046 Marius
1794 1012 1978 1048 Mercator.
2006 1012 2076 1048 Ad-

1185 1059 1291 1094 versus
1302 1060 1440 1095 eandem
1451 1061 1711 1105 propositionem
1722 1061 1960 1097 Theodoretus
1984 1064 2077 1107 plura.

1186 1110 1296 1146 scribit
1318 1111 1353 1145 in
1376 1111 1440 1146 suis
1467 1111 1646 1156 Dialogis‚
1672 1123 1710 1147 ac
1732 1110 1806 1146 aliis
1829 1110 1917 1147 libris
1943 1114 1977 1151 δε
2001 1112 2077 1156 Epi-

1187 1161 1298 1196 stolis.

1238 1211 1392 1255 Ejusdem
1405 1211 1506 1247 ferme
1515 1213 1685 1271 opinionis
1712 1213 1776 1248 fuit
1788 1212 1983 1249 venerabilis
1997 1214 2078 1248 Fau-

1186 1262 1253 1295 stus
1279 1287 1290 1303 ‚
1319 1262 1555 1306 Apolloniadis
1582 1256 1762 1309 Episcopus
1787 1288 1800 1306 ,
1828 1264 1865 1298 in
1893 1263 2008 1298 litteris
2036 1262 2079 1297 ad

1184 1311 1320 1346 Petrum
1345 1312 1522 1349 Fullonem
1545 1313 1700 1350 Pseudo·
1710 1314 1933 1350 Patriarcham
1958 1313 2081 1347 Antio-

1187 1360 1331 1397 chenum
1351 1375 1358 1394 :
1383 1366 1545 1399 audientes
1556 1365 1692 1408 infideles
1703 1369 1797 1399 Deum
1809 1365 2002 1400 immortalem
2012 1372 2084 1406 pro-

1183 1421 1253 1455 pter·
1281 1425 1333 1446 nos
1349 1414 1523 1456 crucifixum
1537 1440 1548 1457 ‚
1577 1417 1676 1450 dicent
1690 1414 1869 1459 scandalum
1894 1414 1947 1459 effe
1966 1416 2080 1449 credere

1186 1469 1218 1497 in
1243 1462 1390 1504 christum
1412 1489 1423 1506 ‚
1449 1475 1621 1500 avertentes
1640 1468 1675 1500 Ca·
1702 1467 1835 1501 dicentes
1855 1479 1865 1509 ;
1895 1470 1949 1499 Dii
1973 1464 2058 1505 nostri
2073 1487 2084 1503 ,

1188 1519 1239 1557 qui
1260 1516 1345 1557 apud
1353 1513 1536 1557 Christianos
1554 1518 1679 1559 Populos
1707 1518 1837 1551 adulteri
1845 1516 1938 1561 sunt,
1965 1521 2081 1548 immor·

1186 1566 1262 1598 tales
1277 1568 1298 1599 ἃ
1309 1566 1393 1600 nobis
1405 1568 1599 1609 appellantur
1609 1591 1620 1608 ‚
1646 1569 1681 1602 Θ
1692 1571 1833 1610 quomodo
1860 1566 1987 1610 ipsorum
2001 1569 2082 1597 Deus

1188 1618 1366 1650 immortalis
1389 1617 1516 1657 existens
1531 1642 1542 1659 ,
1569 1626 1699 1651 mortuus
1726 1617 1794 1657 est?
1821 1615 2014 1656 Manifestum
2039 1619 2082 1646 in·

1191 1667 1300 1699 dicium
1315 1691 1327 1708 ,
1354 1665 1523 1710 quodfalsa
1535 1666 1573 1705 est
1585 1667 1673 1700 dicito
1682 1665 1747 1709 ipsa
1763 1692 1769 1699 .
1801 1670 1834 1700 51·
1846 1672 1924 1700 enim
1947 1673 2083 1697 mortuus

1188 1716 1225 1757 est
1249 1728 1306 1751 non
1327 1717 1366 1757 est
1389 1718 1570 1750 immortalis
1590 1742 1597 1751 .
1625 1716 1778 1751 Affirmat
1802 1716 2058 1761 propositionem
2075 1740 2084 1754 ‚

1189 1767 1266 1801 licet
1290 1779 1359 1802 non
1386 1767 1423 1801 in
1449 1769 1567 1812 quovis
1593 1768 1686 1802 sensu
1710 1767 1822 1802 falsam
1844 1792 1854 1807 ‚
1888 1767 1951 1800 esse
1972 1776 2083 1799 tamen

1190 1817 1413 1852 scandalosam
1436 1816 1523 1861 apud
1551 1818 1702 1852 Gentiles
1727 1841 1738 1858 ‚
1766 1817 1906 1860 ideoque
1930 1816 1971 1849 ab
1989 1816 2083 1849 omni

1191 1866 1376 1902 Christiana
1399 1867 1514 1912 lingua
1535 1867 1799 1911 proscribendam
1813 1892 1820 1899 .
1849 1866 1941 1900 Idem
1954 1865 2083 1900 scanda-

1192 1917 1259 1951 lum
1285 1919 1362 1952 ursit
1387 1918 1522 1962 gentilis
1547 1918 1695 1961 Hypatia
1708 1915 1928 1961 Philosophiae
1942 1917 2082 1951 Dostrix

1190 1967 1276 2011 apud
1299 1968 1543 2002 Alexandrinos
1558 1990 1569 2007 ‚
1595 1970 1628 2001 in
1652 1967 1856 2002 adducendis
1873 1967 2082 2001 infralitteris

1190 2018 1230 2051 ad
1242 2018 1394 2051 sanctum
1410 2017 1573 2060 Cyrillum
1587 2018 1621 2051 ln
1639 2017 1841 2061 Dyptichis.
1871 2017 1919 2050 Ea
1941 2017 2086 2059 propoli-

1189 2066 1239 2100 tio
1264 2066 1320 2108 ipsi
1341 2066 1455 2108 injecit
1478 2078 1616 2100 remoras
1638 2067 1871 2111 asuscipienda
1895 2064 2082 2101 Christiana

1192 2115 1385 2160 Religione.
1420 2117 1567 2151 Eandem
1582 2117 1838 2161 propositionem
1851 2118 1984 2152 Santius
1997 2118 2082 2151 Pau-

1190 2167 1240 2200 lus
1253 2166 1434 2208 Apostolus
1460 2166 1569 2200 scribit
1583 2168 1643 2200 esse
1662 2179 1731 2201 non
1751 2167 1925 2202 dumtaxat
1954 2169 2084 2202 scanda-

1190 2217 1258 2249 lum
1280 2216 1493 2255 Gentilibus,
1520 2215 1574 2248 sed
1600 2217 1634 2248 δε
1656 2216 1825 2250 stultitiam
1845 2242 1852 2248 .
1885 2217 1979 2251 Hinc
2001 2220 2055 2260 ipsi
2074 2241 2083 2256 ‚

1190 2265 1359 2300 audientes
1373 2264 1638 2299 Christianorum
1655 2266 1767 2300 Deum
1791 2266 1955 2309 praedicari
1978 2268 2010 2301 δι
2024 2269 2082 2301 im-

1190 2315 1366 2349 mortalem
1397 2315 1430 2350 &
1453 2315 1648 2350 crucifixum
1676 2340 1686 2358 ‚
1724 2316 1757 2350 in
1781 2316 1922 2361 publicis
1945 2316 2080 2352 theatris

1190 2365 1374 2399 clamabant
1391 2376 1465 2399 eum
1490 2367 1553 2399 effe
1577 2367 1663 2400 istud
1687 2367 1869 2402 monstrum
1893 2393 1903 2409 ,
1931 2368 2020 2411 quod
2044 2370 2080 2402 in

1191 2415 1415 2460 Apologetico
1433 2415 1519 2449 libro
1539 2416 1692 2450 describit
1714 2417 1962 2452 Tertullianus.
1992 2418 2082 2461 Ejus-

1190 2464 1266 2498 dem
1291 2476 1367 2499 cum
1392 2463 1523 2500 laudato
1535 2466 1656 2501 Fausto
1674 2470 1794 2501 mentis
1805 2469 1869 2502 fuit
1886 2467 2081 2502 venerabilis

1190 2514 1383 2558 Pamphilus
1394 2541 1404 2556 ,
1432 2515 1617 2560 Abydenus
1631 2517 1811 2561 Episcopus
1825 2543 1835 2558 ‚
1865 2519 1897 2551 in
1912 2518 2026 2552 litteris
2039 2519 2078 2553 ad

1190 2565 1333 2599 eundern
1361 2565 1495 2599 Petrum
1519 2580 1531 2599 .·
1566 2569 1655 2608 ,Quid
1678 2579 1743 2611 ergo
1769 2570 1781 2601 ?
1821 2572 1956 2601 Dicemus
1975 2592 1986 2608 ,
2006 2568 2079 2611 ficut

1191 2616 1306 2648 Paulus
1320 2639 1330 2655 ‚
1358 2613 1506 2655 christum
1516 2616 1688 2657 crucifixum
1701 2642 1712 2657 ‚
1738 2617 1790 2651 vel
1794 2617 1864 2658 ficut
1877 2628 1910 2651 tu
1924 2644 1935 2659 ,
1961 2625 2079 2652 immor·

1190 2665 1280 2698 talem
1290 2664 1456 2706 crucifixum
1469 2665 1485 2697 ?
1511 2667 1554 2700 Et
1567 2667 1637 2709 post
1655 2667 1798 2711 quaedam
1813 2682 1823 2701 .-
1851 2671 1882 2701 51·
1892 2677 1991 2702 autem
2013 2669 2076 2705 bac

1188 2720 1234 2749 ita
1249 2714 1282 2759 se
1304 2715 1417 2749 habent
1434 2741 1445 2757 ,
1473 2725 1507 2749 ut
1529 2718 1606 2758 quid
1625 2719 1723 2751 Sacrae
1742 2716 1898 2761 scripturae
1918 2720 2074 2762 leguntur,

1188 2767 1240 2799 vel
1257 2765 1314 2808 ipsi
1330 2768 1492 2800 creduntur
1511 2769 1623 2800 auditae
1647 2768 1663 2799 ἓ
1689 2770 1800 2811 Ubique
1825 2774 1902 2801 enim
1926 2770 2075 2810 Christum

1187 2818 1316 2849 tradunt
1337 2824 1460 2859 propter
1481 2829 1532 2850 nos
1543 2818 1718 2861 crucifixum
1731 2845 1741 2860 ,
1771 2820 1871 2851 &non
1879 2817 2072 2863 Tris-Agim,

1180 2865 1254 2907 ficut
1277 2875 1308 2899 tu
1328 2868 1421 2901 dicis.
1448 2869 1610 2910 scripturae
1632 2881 1732 2902 omnes
1757 2869 1859 2902 dicum
1876 2870 2073 2910 rejiciendos,

1186 2921 1238 2960 qui
1251 2920 1346 2950 Deum
1352 2918 1513 2960 paffibilem
1526 2920 1644 2952 dicunt.

1235 2966 1393 3002 Attamen
1418 2969 1452 3004 in
1470 2970 1528 3002 suo
1551 2968 1700 3002 adversus
1712 2970 1772 3003 tria
1796 2968 2069 3006 Chalcedonensis

1184 3017 1313 3062 synodi
1327 3018 1482 3062 Capitula
1510 3019 1626 3052 Edicto
1650 3019 1769 3062 scripsit
1785 3019 1963 3063 Imperator
1975 3021 2069 3065 Justi-

1184 3068 1318 3103 nianus:
1347 3068 1436 3109 Istum
1453 3093 1464 3109 ‚
1489 3074 1541 3110 qui
1556 3075 1589 3101 in
1604 3068 1756 3102 Bethleem
1777 3071 1814 3103 de
1832 3068 1946 3112 semim·
1959 3074 2071 3105 David

1183 3128 1271 3151 natus
1286 3118 1325 3158 est
1332 3118 1493 3162 secundum
1507 3129 1626 3152 carnem
1638 3142 1648 3158 ,
1673 3121 1707 3153 (3·
1718 3119 1877 3162 crucifixus
1900 3121 1938 3162 est
1953 3130 2010 3164 pro
2019 3121 2069 3154 bo-

1182 3169 1310 3201 minibus
1334 3169 1390 3212 sub
1418 3172 1523 3201 Pontio
1551 3170 1672 3210 Pilato,
1694 3171 1944 3211 pra-dicaverunt
1965 3172 2067 3206 Samii

1182 3219 1303 3261 Apostobt
1325 3218 1419 3261 ipsum
1443 3219 1494 3262 effe
1506 3222 1601 3252 Deum
1618 3243 1628 3259 ‚
1656 3219 1750 3263 ipsum
1773 3219 1943 3264 bominem;
1971 3221 2066 3266 ipficm

1183 3271 1296 3302 Filium
1309 3273 1366 3302 Dei
1377 3293 1387 3308 ,
1412 3269 1509 3312 ipsum
1523 3271 1636 3302 Filium
1646 3269 1774 3303 hominis
1786 3285 1800 3313 ;
1829 3270 1926 3315 ipsum
1937 3273 1973 3306 de
1984 3274 2063 3309 coelo,

1181 3318 1275 3362 ipsum
1297 3321 1334 3353 de
1345 3330 1451 3360 terra;
1477 3317 1571 3361 ipsum
1588 3321 1808 3362 impafflbilem,
1835 3320 1932 3365 ipsum
1950 3322 2068 3363 paffibt'·

1181 3371 1253 3405 lem,
1280 3370 1445 3413 Loquitur
1457 3381 1497 3404 ex
1511 3381 1629 3413 nupera
1642 3371 1776 3414 Joannis
1798 3372 1932 3407 secundi
1951 3370 2067 3405 Ponti-

1650 3422 1671 3457 S
1721 3433 1743 3459 2
1944 3420 2015 3457 ficis
