2320 3730
361 194 458 239 322

786 237 795 251 N

289 261 445 296 intimata
460 283 471 299 ‚
498 259 639 304 ignoro.
668 254 812 299 Videtur
832 269 914 294 tunc
933 258 1086 291 intimata
1111 265 1180 288 non

286 313 382 349 fuisse
394 335 404 351 ,
432 310 491 343 nisi
502 321 558 354 per
566 311 691 346 amicas
703 310 881 358 Qaestoris
904 307 1028 342 litteras
1040 329 1047 336 ·
1075 304 1179 339 Haud

285 358 387 394 dubie
421 357 619 395 hortatorias
641 361 683 396 ad
715 355 939 395 obedientiam
960 378 968 386 .
1008 353 1178 394 Secundo,

283 409 376 453 quod
391 409 570 446 Helladius
581 423 652 445 non
666 410 773 443 statim
785 403 972 440 obediverit
983 429 994 445 ‚
1021 404 1073 438 sed
1087 404 1177 448 quod

284 469 360 494 ante
384 459 490 503 ipsum
515 459 676 496 obedierit
699 455 841 491 secunda
854 454 1006 489 Cilicia.
1033 453 1177 495 Tertio,

282 507 373 557 quod
396 509 573 546 Helladius
594 519 664 542 non
688 507 790 550 ipsam
811 506 944 544 Sacram
965 528 976 544 ‚
1015 504 1069 539 sed
1095 505 1178 539 solas

281 560 462 609 Qaestoris
489 560 631 594 Litteras
656 555 879 592 Theodoreto
912 554 1176 592 communicave-

279 610 323 648 rit
337 634 348 651 ,
376 610 544 654 postulans
558 607 732 643 confilium
743 632 750 639 .
780 604 912 650 Nempe
929 606 1059 641 Sacram
1071 605 1176 640 crede-

279 660 336 695 bat
346 671 390 694 ex
400 659 470 706 ipso
482 657 613 693 Palatio
626 658 812 692 intimatam
823 678 834 695 ‚
866 665 921 690 aut
933 655 1153 690 intimandam
1164 680 1171 688 .

277 708 431 757 Quo,
459 706 549 751 quod
568 709 668 742 etiam
691 707 772 743 alias
802 705 997 742 Amicorum
1030 706 1174 747 litteras,

275 771 334 795 aut
354 759 396 793 ab
406 758 589 798 Hessadio,
615 767 671 792 aut
696 757 738 792 ab
751 757 821 791 alio
843 757 1064 797 transmissas,
1090 757 1173 801 lege-

275 809 317 843 rit
335 820 342 839 ε
368 807 412 841 Et
431 807 521 851 quod
542 818 657 842 omnes
679 806 879 843 Helladium
897 806 1106 842 hortarentur
1131 806 1171 840 ad

273 868 399 902 pacem.
427 856 575 904 Qintd,
586 857 676 901 quod
688 858 924 893 Theodoretus
937 868 1016 892 tunc
1027 857 1066 891 ad
1080 858 1173 901 Joan-

272 919 351 943 nem
363 905 590 943 patriarcham
601 910 762 944 accesserit
776 934 787 951 ‚
810 909 844 942 &
858 920 934 943 cum
956 907 1018 943 illo
1042 907 1171 941 redierit

273 958 310 991 in
336 958 469 1001 plenam
496 959 636 1004 gratiam
658 984 666 991 .
695 960 790 994 Hinc
814 959 904 994 aliud
926 971 995 993 non
1020 968 1146 1002 poterat
1161 981 1171 996 ‚

273 1019 375 1051 quam
385 1008 467 1042 alios
477 1020 533 1052 pei·
544 1008 672 1044 easdem
685 1011 753 1044 vias
766 1008 883 1044 ducere
893 1034 901 1042 .
928 1008 1032 1043 Sexto
1043 1033 1054 1048 ‚
1081 1006 1169 1050 quod

271 1058 430 1093 extribus
453 1059 674 1103 originalibus
698 1060 787 1104 pacis
798 1058 959 1093 Articulis
981 1055 1168 1090 patriarcha

272 1107 441 1152 Ioannem
468 1108 680 1144 Theodoreti
704 1121 742 1143 ac
753 1109 898 1151 plurium
920 1106 1170 1140 alioruminter·

269 1158 412 1193 cessione
425 1157 551 1197 victus,
578 1156 991 1192 Nestoriidamnationem
1011 1154 1168 1199 dispensa-

269 1207 356 1242 torie
381 1205 566 1251 neglexerit
589 1230 601 1248 ,
627 1216 725 1251 atque
745 1207 792 1241 ita
813 1206 947 1252 fregerit
970 1231 982 1247 ‚
1008 1215 1065 1240 aut
1083 1204 1169 1240 certe

267 1257 437 1291 inflexerit
462 1256 645 1292 multorum
667 1258 824 1292 duritiam
844 1283 851 1290 .
881 1256 1051 1300 Septimd,
1078 1256 1166 1300 quod

266 1306 369 1341 etiam
380 1306 620 1343 Theodoretus
630 1307 843 1353 permanserit
862 1306 1048 1342 duriffimus
1059 1307 1099 1341 ad
1105 1318 1166 1341 ver-

265 1356 323 1391 sus
335 1356 458 1401 Cyrilli
472 1358 627 1402 Capitula
644 1372 651 1392 :
678 1359 782 1406 Quod
797 1358 1007 1402 pertinaciter
1026 1355 1166 1392 credide·

268 1407 313 1442 rit
339 1407 561 1454 dogmatizari
595 1408 793 1444 Divinitatis
821 1408 1072 1442 Paffibilitatem
1089 1427 1101 1444 ³
1130 1418 1167 1441 ac

265 1458 401 1493 unicam
423 1459 459 1493 in
473 1458 610 1493 Christo
624 1460 778 1494 Domino
790 1471 832 1494 ex
844 1459 980 1492 duarum
1005 1457 1166 1491 confusio-

264 1518 310 1541 ne
330 1516 499 1543 naturam.
526 1509 679 1548 Ostavd,
704 1509 795 1553 quod
816 1508 1075 1553 pacificatoriam
1097 1507 1163 1550 Cy·

266 1557 335 1592 rilli
348 1558 522 1601 epistolam
536 1559 727 1594 constanter
751 1559 925 1594 crediderit
938 1556 1032 1602 plene
1053 1556 1164 1592 ortho-

273 1608 399 1641 doxam
412 1631 423 1647 ,
449 1608 592 1651 ideoque
607 1620 663 1652 per
676 1610 780 1653 ipsam
796 1609 838 1644 ab
851 1608 911 1643 ilio
922 1608 998 1644 licet
1010 1617 1078 1642 non
1091 1618 1162 1641 ana-

273 1656 505 1700 thematizari,
532 1668 642 1693 tamen
663 1660 763 1693 everti
787 1671 826 1694 ac
850 1658 966 1703 projici
986 1658 1141 1701 Capitula
1159 1683 1165 1689 .

271 1707 359 1742 Haec
372 1708 590 1743 fundamenta
614 1709 753 1743 credidit
776 1708 1042 1743 sufficientissima
1054 1707 1095 1741 ad
1108 1719 1167 1751 pa·-

273 1767 355 1844 {t-{nlil
365 1758 527 1840 ,dEadem
542 1758 701 1797 omnibus
712 1759 818 1795 nervis
828 1767 968 1794 conatur
979 1758 1168 1802 imprimere

313 1818 330 1841 e
359 1818 376 1841 a
403 1819 435 1842 10
447 1833 455 1843 .

485 2034 756 2082 CAPUT
793 2038 952 2081 CLXI.
1023 2050 1165 2094 --249

275 2173 448 2226 Epistola,
469 2173 612 2223 inquit³
640 2170 786 2222 ejusdem
806 2173 852 2209 ad
872 2172 1040 2219 cyrillum
1062 2171 1169 2212 „Ada-

332 2225 462 2280 nenfi’m
481 2254 493 2274 2
534 2239 636 2279 quam
657 2223 795 2277 scripsit
824 2239 943 2276 rogam
973 2225 1010 2264 ὠ)
1033 2224 1169 2276 ipsiim,

337 2298 376 2326 ut
401 2297 468 2337 pro
492 2293 576 2335 pace
596 2280 761 2334 fiztageret
780 2310 791 2329 2
820 2279 958 2333 confisus
970 2309 982 2328 ,
1011 2287 1088 2334 quia
1117 2287 1172 2322 ni-

334 2345 385 2383 hil
414 2342 455 2381 ab
483 2355 519 2380 eo
547 2350 755 2391 expeteretur
777 2367 790 2387 ,
829 2339 896 2391 nist
915 2336 991 2391 fhla
1021 2353 1169 2379 commu-

334 2414 410 2440 mo.

372 2512 493 2551 Empus
513 2516 646 2552 pugnae,
673 2507 838 2549 &tempus
861 2509 974 2543 Pacis,
1000 2503 1170 2547 inquitsa-

398 2560 490 2603 piens
510 2559 668 2592 Salomon
682 2581 693 2596 ,
717 2568 767 2591 res
790 2555 874 2589 bene
888 2555 1080 2598 dispertiens
1100 2577 1110 2593 ‚
1137 2554 1171 2588 &

282 2610 362 2655 quid
386 2609 602 2652 fitproprium
626 2605 767 2648 tempori
787 2607 906 2650 cuique
930 2604 1170 2638 determinans.

284 2660 392 2703 Igitur
417 2659 552 2701 praesens
572 2667 703 2699 tempus
718 2666 786 2688 non
808 2655 883 2689 belli
898 2679 908 2695 ‚
936 2654 989 2688 sed
1005 2655 1091 2697 pacis
1102 2654 1147 2687 est
1163 2679 1170 2686 .

283 2709 375 2743 Nam
411 2709 444 2742 δε
466 2705 659 2749 Apostolica
682 2706 841 2739 Doctrina
864 2716 919 2748 per
943 2705 1008 2738 Dei
1033 2706 1169 2748 gratiam

284 2769 378 2797 tenet
393 2782 405 2798 ,
430 2757 463 2791 &
475 2755 698 2790 haereticorum
712 2755 835 2798 quievit
848 2766 933 2790 nova
947 2766 1013 2789 vox
1024 2754 1171 2798 Dogma—

284 2818 359 2843 tum
372 2833 382 2848 ,
408 2806 537 2841 &unus
549 2806 595 2839 est
609 2805 714 2842 sensus
726 2805 893 2838 Ecclefiae.
923 2806 966 2838 Et
977 2806 1086 2839 secum
1113 2815 1173 2838 nos

286 2857 485 2902 injustitiam
497 2857 602 2889 facere
613 2854 722 2889 nullus
734 2855 873 2897 impellit
884 2879 895 2895 ‚
918 2865 978 2889 nec
989 2855 1030 2889 ad
1041 2855 1173 2888 damna-

288 2909 417 2943 tionem
430 2906 602 2950 quisquam
613 2905 705 2948 cogit
719 2904 875 2938 insontis.
906 2904 948 2938 Et
960 2904 1027 2939 haec
1040 2906 1175 2938 manife-

289 2959 336 2993 ste
357 2956 504 3002 cognovi
527 2955 722 2998 colloquens
747 2954 900 2989 Domino
923 2965 997 2988 meo
1017 2954 1174 2989 83ηᾶἰῶ-

293 3021 351 3043 mo
367 3033 376 3049 ,
403 3007 437 3040 δε
457 3007 535 3040 Deo
558 3005 768 3039 Amiciflimo
790 3004 954 3047 Episcopo
977 3004 1115 3047 Ioanni,
1141 3005 1176 3039 &

292 3058 455 3092 subtiliter
466 3056 534 3100 ejus
546 3054 768 3090 intentionem
779 3055 999 3097 comperiens.
1029 3055 1177 3099 Dignare

291 3109 414 3152 igitur,
443 3106 641 3141 Sanctiffime
654 3104 822 3143 Domine,
847 3104 923 3148 quia
943 3101 1042 3144 &hi,
1070 3106 1126 3148 qui
1137 3105 1176 3139 ad

293 3157 469 3192 secundam
484 3156 640 3189 Ciliciam
652 3155 837 3199 pertinent,
863 3155 903 3189 ad
914 3165 966 3188 me
976 3154 1175 3196 Synodicam

295 3207 488 3240 direxerunt
498 3230 508 3245 ‚
534 3206 843 3239 Communicatores
854 3206 885 3239 se
895 3205 963 3247 ejus
975 3203 1090 3237 litteris
1103 3217 1177 3239 con·

296 3258 426 3293 fitentes
446 3279 453 3287 .
478 3256 621 3288 Hortare
642 3256 831 3289 Dominum
843 3256 922 3289 Deo
937 3253 1178 3289 Amicissimum

294 3306 498 3350 Episcopum
524 3302 719 3337 Helladium
734 3327 746 3343 ‚
772 3316 810 3339 ut
832 3316 890 3348 pro
912 3304 1065 3339 unitione
1088 3316 1178 3339 curet

298 3355 447 3393 Ecclesiae
470 3366 479 3387 z
505 3352 789 3401 Qandoquidem
812 3366 874 3390 nec
891 3355 959 3399 ejus
981 3355 1179 3390 conscientia

717 179 1048 231 Varnenum
1082 173 1332 219 Pitinum
1365 172 1698 238 Evisroiffl,

1242 253 1434 288 vulneretur
1446 278 1454 286 .
1481 255 1724 299 Oportetenim
1742 256 1956 295 sanititatem
1966 266 2058 296 tuam
2067 271 2122 306 pa·

1240 315 1313 339 cem
1330 302 1480 338 Ecclefiae
1503 315 1692 349 procurare.
1707 309 1923 346 *Sufficienter
1943 312 2123 356 quippein-

1241 354 1347 389 vicem
1373 378 1385 394 ‚
1412 354 1502 389 velut
1522 354 1559 388 in
1580 356 1740 390 nosturna
1760 367 1871 401 pugna
1889 384 1901 400 ,
1922 362 2122 405 consumpst-

1241 415 1332 438 mus:
1360 404 1405 438 Et
1426 416 1558 448 operare
1574 415 1611 441 ut
1634 406 1850 448 nosmetipsos
1861 407 1903 443 de
1924 411 2049 456 reliquo
2060 424 2120 447 co·-

1239 456 1436 500 gnoscentes
1445 455 1510 499 jam
1520 456 1654 491 tandem
1664 456 1897 500 amplestamur
1916 457 1950 491 δε
1962 471 2073 503 pacem
2084 487 2092 495 .

1241 528 1299 575 Et
1314 525 1390 573 has
1403 522 1641 593 superiores
1655 522 1870 590 Epistolas
1883 542 1935 574 ex
1947 530 2123 585 nornine

1308 593 1586 645 Theodoreti
1611 594 1771 663 positas
1797 613 1886 645 non
1914 614 1986 646 me
2011 596 2125 647 arbi-

1310 681 1401 716 tror
1415 668 1602 715 inaniter
1620 664 1875 716 transtuliffe
1887 703 1901 727 ,
1938 668 2044 717 licet
2057 684 2125 716 ra-

1313 737 1585 786 tionabiliter
1607 737 1829 800 ambigam
1853 737 1999 787 utrum
2023 737 2125 788 vere

1307 807 1390 856 sint
1415 812 1505 871 ejus
1521 844 1533 855 .
1569 806 1652 856 Sed
1677 807 1848 858 idcirco
1871 806 1919 856 id
1938 811 2033 872 egi,
2074 823 2126 856 ut

1307 880 1412 944 quia
1427 878 1587 928 talibus
1600 876 1833 928 adversarii
1858 878 2098 928 abutuntur
2109 914 2122 937 ‚

1242 970 1244 972 ·
1305 951 1440 997 etiam
1449 951 1570 998 circa
1581 949 1672 998 haec
1683 949 1945 998 instruantur
1957 950 2127 998 Ortho-

1305 1017 1409 1074 doxi
1435 1037 1512 1087 per
1523 1021 1708 1081 gratiam
1726 1022 1845 1068 Dei.
1886 1022 1980 1091 Qii
2006 1021 2124 1068 enim

1304 1091 1430 1137 Beati
1456 1089 1543 1136 Ibae
1557 1087 1800 1137 adamarint
1816 1089 2099 1156 Epistolarn-.¹
2110 1125 2123 1148 ,

1304 1161 1394 1222 ejus
1406 1155 1602 1205 abnuunt
1616 1155 1699 1205 effe
1714 1176 1726 1205 :
1755 1162 1867 1226 Quae
1885 1160 2019 1206 etiam
2031 1161 2122 1207 Ge-

1302 1227 1376 1276 stis
1408 1225 1658 1277 universalis
1695 1227 1891 1275 Concilii
1927 1227 2124 1277 absolute

1301 1296 1377 1349 sub
1392 1302 1486 1366 ej'us
1514 1300 1690 1346 nomine
1721 1300 1969 1349 continetur
1981 1335 1994 1358 ‚
2028 1296 2124 1346 abs-

1300 1386 1392 1434 que
1419 1366 1555 1417 dubio
1566 1367 1837 1417 Theodoreti
1872 1367 1990 1416 credi
2015 1366 2125 1416 defi-

1301 1437 1480 1499 derant,
1498 1437 1553 1487 eo
1570 1437 1692 1505 quod
1706 1455 1800 1487 eam
1815 1440 1937 1505 operi
1951 1436 2024 1490 suo
2035 1441 2123 1486 Ire-

1304 1527 1420 1559 naeus
1436 1510 1510 1559 ille
1527 1523 1740 1558 contexat
1758 1544 1771 1569 ,
1795 1513 1874 1575 qui
1885 1507 1989 1557 dum
2004 1507 2123 1575 prius

1302 1581 1533 1628 acerrimus
1560 1579 1758 1628 Nestorii
1773 1578 2124 1628 Defensorexsti-

1301 1653 1407 1700 terit
1420 1687 1433 1710 ,
1458 1647 1604 1716 postea
1618 1648 2010 1698 anathematizanti
2023 1665 2122 1696 eum

1305 1738 1405 1770 cum
1426 1724 1652 1782 Dogmate
1689 1717 1763 1766 suo
1777 1719 2123 1767 communicavit

1303 1789 1521 1839 Ecclesiae.
1542 1787 1673 1839 Unde
1687 1789 1783 1837 aliis
1799 1825 1813 1849 ‚
1827 1791 1870 1837 &
1882 1787 1960 1855 ipsi
1974 1787 2122 1837 Theo-

1302 1860 1461 1911 doreto
1475 1897 1487 1921 ‚
1501 1876 1768 1927 magnopere
1780 1857 1957 1907 duxerat
1970 1875 2124 1925 expro÷

1307 1931 1498 1981 bandum
1510 1966 1522 1979 .
1538 1937 1609 1980 Ac
1624 1948 1679 1979 ne
1697 1930 1781 1979 hoc
1795 1928 1967 1978 tantum
1983 1929 2123 1977 laicus

1302 2020 1431 2066 agere
1443 2001 1660 2051 videretur
1675 2038 1687 2062 ,
1725 1998 1752 2049 ὲ
1766 2004 1949 2049 Domno
1961 2000 2125 2047 Antio-

1305 2073 1448 2119 cheno
1485 2070 1665 2117 Praesule
1682 2073 1920 2135 Tyriorum
1957 2075 2123 2117 Metro-

1301 2141 1416 2208 polis
1429 2138 1669 2206 Episcopus
1682 2136 1906 2187 ordinatus
1918 2138 1992 2185 est.
2006 2138 2122 2184 Mul-

1303 2226 1351 2257 ta
1362 2211 1479 2256 enim
1493 2210 1601 2255 talia
1613 2213 1705 2272 ejus
1720 2210 1834 2255 inter
1858 2207 1936 2254 has
1953 2206 2123 2272 Episto-

1305 2279 1368 2327 las
1380 2280 1512 2326 Dicta
1527 2294 1608 2344 pro
1631 2277 1779 2325 inutili
1814 2275 2124 2338 longitudine„

1310 2346 1586 2417 praetermisi.
1623 2350 1758 2411 Cujus
1783 2344 1841 2394 ad
1870 2346 1956 2394 hoc
1969 2347 2122 2413 aliqua.

1307 2418 1504 2467 transtuli
1518 2453 1531 2477 ,
1545 2432 1594 2465 ut
1609 2420 1699 2481 ejus
1715 2417 1904 2465 intentio
1930 2415 2122 2466 noscere-

1304 2505 1376 2539 tur
1388 2525 1401 2537 .
1427 2490 1598 2536 Primus
1613 2486 1720 2549 ergo
1737 2487 1809 2536 hic
1823 2485 1912 2554 ipse
1926 2486 2122 2546 Irenaeus,

1306 2557 1466 2609 deinde
1490 2557 1733 2606 confimiles
1747 2561 1836 2621 ejus
1872 2555 1967 2606 sunt
2003 2555 2121 2604 abusi

1305 2628 1467 2679 talibus
1478 2664 1492 2686 ‚
1528 2643 1577 2675 ut
1589 2626 1710 2693 quasi
1722 2626 1777 2674 de
1790 2625 2122 2691 mutabilitate..

1303 2695 1586 2747 Theodoreto
1620 2695 1909 2762 exprobarent
1943 2730 1956 2742 .
1999 2695 2123 2743 Abu-

1305 2783 1455 2819 tuntur
1469 2767 1535 2814 his
1552 2770 1596 2814 ὅτ.
1608 2765 1824 2832 Acephali
1836 2801 1849 2825 ,
1886 2763 1989 2813 dum
2003 2765 2122 2815 certe

1310 2843 1356 2889 in
1391 2855 1479 2887 non
1515 2834 1703 2885 dicendo
1740 2835 1898 2903 Ephesi
1932 2834 2122 2884 secundo

1307 2909 1514 2960 Concilio
1527 2906 1642 2975 apud
1666 2924 1816 2956 eorum
1830 2905 2122 2953 AuthorenL„

1307 2978 1566 3029 Dioscorum
1581 2978 1700 3026 nulla
1734 2994 1786 3025 ex
1821 2976 1887 3023 his
1922 2976 2121 3036 legantur

1305 3050 1470 3114 objecta
1487 3087 1499 3097 .
1538 3047 1675 3119 Qod
1712 3045 1831 3097 certe
1869 3049 2123 3095 immaniter

1306 3119 1508 3171 videntes
1524 3118 1580 3168 ad
1605 3121 1690 3168 hoc
1724 3117 1899 3184 impulit
1915 3116 2121 3178 Indigen-

1303 3194 1366 3240 tia
1380 3191 1671 3256 objectionum
1683 3226 1696 3249 ‚
1710 3205 1757 3238 ut
1771 3188 1825 3236 de
1839 3187 1923 3235 illis
1945 3203 2119 3252 quoque

1306 3260 1570 3310 addicendus
1591 3258 1852 3326 judicaretur
1864 3294 1876 3316 ,
1913 3275 2011 3322 qus:
2045 3252 2118 3302 adn
2142 3279 2143 3284 =

1308 3331 1479 3383 versum
1498 3330 1727 3381 duodecim
1744 3328 1952 3397 Capitula
1985 3342 2055 3373 aaz·
2098 3360 2120 3377 ζ,
