2320 3730
613 178 924 255 Senottts,
964 211 1024 242 er
1060 194 1253 243 Norrs
1289 205 1680 241 1LLusrRATAE.

218 282 352 316 incumbe
360 302 371 320 ,
396 288 429 313 ut
441 284 520 313 omni
529 287 709 315 contentione
721 283 753 315 (τ
768 283 942 324 emulatione
951 278 1074 323 sublata
1084 303 1095 319 ‚

213 341 282 376 pax
307 330 359 372 bec
379 331 536 374 dillgenter
560 344 594 365 ac
601 331 727 374 firmiter
738 333 924 373 sanc‘lifflmis
937 328 1025 364 Orbis
1038 331 1097 360 Ec·

217 380 302 424 cleſsis
315 404 326 420 ,
351 392 408 423 que
428 381 537 424 ubique
550 383 758 416 orthodoxam
777 383 875 424 fidem
894 380 1094 423 profitentur,

215 434 250 467 ό·
262 439 320 472 per
329 431 399 464 illas
411 433 547 466 omnibus
558 436 578 466 5
579 434 693 468 abditis
711 433 814 472 nostris
832 433 944 474 integre
955 441 1021 462 cum
1036 432 1100 462 Det

213 482 327 515 auxilio
348 480 540 521 reflituatur}
569 488 664 527 thue
682 486 727 517 ad
737 482 910 521 Nicomedie
935 484 1094 513 civitatem

210 530 331 574 summa
349 543 413 565 cum
432 535 578 567 celeritate
592 558 603 574 ,
629 541 764 577 omnique
788 531 933 564 dilatione
941 527 1093 571 postpofita

213 588 319 615 venire
335 591 467 616 matures
485 608 493 615 .
531 589 598 617 Nec
619 586 711 618 ullum
735 583 852 615 omnino
878 579 1089 623 Episcoporum

212 641 309 665 tecum
327 633 461 666 adducas
474 658 485 674 ‚
507 631 566 676 sed
578 643 689 676 paucos
715 634 837 667 tantam
859 633 989 664 Clericos
1004 655 1014 669 ,
1041 635 1092 671 qui

212 682 375 715 sanc‘litati
399 693 448 724 tue
466 684 654 725 famulentur
672 697 685 717 .·
720 685 811 716 Certo
839 681 895 714 tibi
918 678 1092 722 persuasum

214 731 328 765 babens
345 736 451 772 cyrillo
477 734 650 774 Sanllifflmo
672 731 819 776 Episcopo
842 740 898 773 per
919 731 1090 771 MaJestatis

209 781 313 824 nostre*
327 784 446 818 litteras
456 785 631 817 mandatum
649 784 699 826 effe
711 808 722 824 ‚
749 793 782 816 ut
792 781 854 825 ipse
864 793 976 825 quoque
988 781 1092 815 eadem

214 839 312 865 animi
327 836 562 876 promptitudine
583 835 626 867 ad
650 834 775 868 eundem
810 835 904 867 locum
929 839 1064 866 accurrat
1079 853 1090 870 ,

213 881 322 924 ipfique
343 886 578 925 denuntiatum,
604 886 719 918 nullum
737 885 826 926 prius
845 885 889 916 ad
899 895 950 916 nos
973 883 1092 915 aditum

214 931 388 966 habiturum
399 959 409 974 ,
435 947 526 976 quam
534 941 612 969 inter
625 946 680 969 vos
691 939 888 968 conveneritis
900 956 911 973 ‚
922 942 1093 973 omnemque

214 990 348 1016 mutuam
359 990 548 1017 inimicitiam
557 986 682 1026 penitus
698 989 841 1018 exueritis
852 1007 864 1024 ,
890 984 925 1016 ὡ·
935 983 981 1016 ad
991 980 1093 1023 confir·

213 1035 360 1064 mandam
373 1042 480 1076 pacem
497 1041 552 1073 per
569 1038 726 1074 propriam
744 1034 928 1066 concordiam
947 1036 1092 1066 communi

213 1086 343 1114 omnium
366 1080 510 1123 Propofito
522 1081 738 1126 consenseritis.
768 1089 863 1126 Atque
882 1083 933 1117 boc
942 1081 1039 1125 ipsum
1059 1083 1094 1115 Θ

210 1137 262 1170 tue
272 1133 450 1173 Reverentie
462 1134 672 1166 denuntiatum
682 1134 765 1168 volo.
793 1137 918 1167 Etenim
929 1132 1007 1166 viris
1019 1133 1095 1165 adeo

209 1180 370 1215 celebribus
381 1206 390 1222 ‚
416 1193 450 1215 ut
471 1195 518 1216 eos
529 1193 584 1216 aut
594 1183 671 1217 bona
683 1190 772 1226 pacis
783 1193 836 1218 aut
858 1185 940 1217 mala
951 1181 1095 1226 discordie

210 1236 363 1273 excipiant
383 1232 639 1275 &consequantur
651 1257 662 1273 ,
690 1235 768 1266 nullo
790 1235 874 1266 modo
896 1233 1094 1276 ignorandum

210 1287 288 1321 erit,
314 1286 534 1324 nonprimoeos
556 1289 589 1316 in
598 1281 782 1326 conspec‘lum
793 1283 920 1324 nfflrum
930 1284 1093 1316 admitten-

209 1332 265 1364 dos
276 1354 288 1371 ‚
313 1343 406 1373 quam
427 1344 463 1366 ea
472 1339 571 1366 omnia
596 1334 726 1368 coneda
739 1345 774 1367 ac
784 1334 944 1367 emendata
948 1332 1072 1375 fuerint
1082 1356 1093 1374 ,

210 1391 269 1423 que
277 1388 414 1414 maxima
427 1395 479 1415 nos
494 1385 664 1426 egritudine
686 1383 848 1425 affecerunt
860 1409 868 1416 .

262 1432 357 1467 Hinc
368 1431 524 1467 docemur
552 1434 658 1468 varia.
685 1433 825 1475 Primo,
852 1432 942 1478 quod
965 1433 1094 1477 praefata

212 1479 414 1518 Maximiani
427 1481 580 1525 Synodus
602 1495 670 1518 non
683 1496 726 1518 ex
737 1484 815 1518 solis
837 1483 1006 1527 Episcopis
1016 1495 1095 1518 con·

212 1529 355 1571 stiterit,
379 1531 433 1569 sed
455 1533 556 1566 etiam
574 1544 617 1572 eat
637 1535 781 1577 ipsorum
796 1534 951 1568 Clericis.
978 1534 1094 1568 Proin-

211 1580 260 1616 de>
277 1582 387 1624 potius
406 1582 469 1615 fuit
483 1583 725 1619 Ecclesiasticus
745 1584 965 1623 Conventus,
991 1595 1092 1627 quam

212 1640 288 1665 veta
298 1630 470 1674 synodus.
499 1633 682 1674 Secundo,‘
701 1634 794 1678 quod
816 1632 883 1668 haec
894 1633 1096 1678 contigerint

213 1680 296 1716 vivo
316 1680 424 1719 adhuc
448 1683 616 1719 Celestino
627 1683 810 1719 Pontifice.
837 1684 936 1720 Obiit
959 1684 987 1719 is
1007 1694 1097 1719 anno

214 1730 424 1766 istiusvsaeculi
440 1735 605 1779 trigefimo
632 1734 776 1770 secundo
789 1759 800 1776 ‚
825 1735 880 1769 die
892 1736 979 1769 sexta
1000 1734 1099 1778 Apri-

213 1782 257 1816 lis
268 1805 277 1815 .
304 1783 451 1818 Proinde
461 1781 529 1819 haec
541 1786 636 1820 Sacra
649 1810 660 1825 ‚
685 1797 756 1830 quae
768 1797 827 1820 nec
835 1786 925 1820 diem
937 1796 997 1818 nec
1010 1786 1101 1820 Con-

215 1832 320 1866 sulem
332 1832 432 1868 habet
445 1859 456 1874 ‚
482 1835 558 1868 data
570 1835 615 1869 est
629 1836 671 1869 acl
685 1837 776 1870 istius
800 1836 915 1869 mensis
926 1834 1099 1869 exordium

216 1891 274 1915 aut
301 1881 465 1920 medium:
496 1882 685 1928 Antequam
706 1884 883 1919 Pontificis
899 1895 988 1918 mors
1002 1885 1098 1919 inno·

216 1932 327 1966 tuiffet
355 1933 440 1975 apud
469 1933 800 1978 Constantinopolim
828 1947 837 1977 ;
875 1935 985 1969 medio
1011 1946 1102 1968 anno

216 1981 289 2025 post
306 1981 508 2017 Maximiani
531 1984 794 2019 ordinationem
819 2009 831 2026 ‚
858 1986 894 2019 &
922 1985 1039 2020 fadiam
1063 1985 1100 2018 in

215 2032 283 2074 ipsa
302 2032 491 2074 Synodum.
521 2035 655 2068 Etenim
677 2033 807 2074 turbas,
832 2045 912 2074 quas
937 2034 1100 2076 Ephefina

215 2079 305 2115 ultro
314 2091 464 2126 citroque
475 2083 559 2116 Asta
572 2084 606 2116 in
621 2083 780 2118 Ecclefias
802 2082 1002 2118 induxerant
1014 2107 1024 2123 ,
1038 2082 1098 2117 ista

215 2131 371 2173 Synodus
391 2143 459 2166 non
483 2132 615 2167 modice
639 2133 753 2167 auxit:
779 2131 881 2180 Qod
903 2133 1100 2178 degradatos

213 2181 257 2215 ab
269 2181 427 2224 Ephefina
438 2182 577 2224 Synodo
591 2184 772 2226 Episcopos
794 2184 946 2217 sanxisset
957 2184 1097 2227 expelli.

215 2230 396 2265 Praesertim
418 2242 559 2273 quatuor
572 2246 583 2266 .·
612 2232 824 2267 Dorotheum
838 2233 1098 2276 Marcianopoli-

216 2289 333 2315 tanum
359 2305 370 2322 ‚
397 2280 589 2326 Helladium
619 2281 840 2318 Tharsensem
865 2307 877 2323 ,
904 2282 1102 2318 Eutherium

216 2328 456 2373 Thyanensem
476 2356 487 2372 ,
512 2344 550 2366 ac
571 2332 763 2368 Himerium
784 2333 1078 2368 Nicomediensem
1093 2358 1100 2365 .

217 2380 341 2416 Tertio
362 2405 373 2420 ‚
399 2381 489 2423 quod
513 2383 646 2424 praesens
672 2383 767 2416 Sacra
794 2383 892 2417 fuerit
913 2383 1034 2417 diresta
1059 2381 1101 2417 ad

219 2428 328 2462 solum
340 2430 520 2472 Joannem.
548 2428 626 2463 Alia
640 2430 761 2464 direCia
787 2431 851 2463 fuit
878 2431 920 2464 ad
946 2431 1101 2464 sanctum

219 2478 389 2521 Cyrillum
401 2503 408 2512 .
436 2479 479 2512 Et
491 2477 558 2513 haec
570 2479 665 2523 periit
676 2490 733 2514 aut
746 2479 824 2514 latet
834 2505 844 2520 ,
873 2480 1012 2524 ideoque
1031 2480 1100 2523 ejus

219 2530 351 2562 Arcana
363 2530 553 2573 ignoramus
569 2553 575 2559 .
604 2529 735 2563 Diresta
745 2530 791 2562 est
805 2540 859 2573 per
867 2531 1010 2567 eundem
1024 2530 1099 2566 Ari-

218 2578 376 2613 stolaum.
407 2579 454 2612 lta
467 2577 576 2612 scribit
589 2577 762 2614 Liberatus
773 2579 945 2614 Diaconus
958 2605 965 2615 .
993 2581 1099 2629 Qar-

219 2628 277 2668 to‚
304 2628 391 2669 quod
406 2638 540 2671 uterque
559 2628 825 2663 fueritevocatus
847 2639 917 2662 non
932 2630 1094 2664 Constan-

219 2678 421 2721 neopolim,
447 2677 501 2712 sed
522 2677 775 2713 Nicomediam.
805 2678 933 2713 Neuter
956 2680 1098 2725 Regiam

219 2728 340 2765 intrare
360 2729 529 2763 civitatem
542 2753 553 2768 ,
579 2737 636 2762 aut
656 2728 820 2773 Principis
829 2730 951 2763 faciem
974 2730 1095 2765 intueri

220 2778 332 2822 potuit
342 2803 353 2819 ‚
366 2777 505 2822 nili-post
518 2778 717 2822 completam
725 2779 942 2814 concordiam
955 2805 962 2812 .
989 2780 1098 2829 Quin·

220 2828 277 2869 to,
303 2829 393 2873 quod
407 2838 543 2872 uterque
563 2828 712 2864 debuerit
729 2830 883 2870 advenire
895 2831 999 2871 solus,
1027 2831 1095 2866 fine

220 2880 382 2913 comitatu
396 2879 492 2913 ullius
505 2879 658 2923 Episcopi
670 2905 681 2921 ,
706 2891 782 2916 cum
795 2881 908 2926 paucis
920 2881 1094 2916 dumtaxat

221 2929 456 2964 famulantibus
477 2929 633 2965 Clericis.
661 2930 816 2976 Princeps
841 2933 932 2967 enim
953 2932 1098 2976 sperabat

222 2979 353 3013 facilius
374 2980 457 3014 duos
476 2979 602 3014 traduci
622 2980 656 3014 in
670 2991 802 3025 pacem,
828 2994 929 3026 quam
950 2984 1092 3019 multos.

223 3028 325 3063 Sexto
336 3053 347 3068 ‚
373 3031 462 3073 quod
475 3030 645 3067 Liberatus
657 3032 803 3067 videatur
824 3033 892 3067 falli
906 3035 942 3067 in
966 3032 1018 3069 his
1031 3045 1095 3068 ver-

223 3079 275 3113 bis
296 3092 303 3111 :
330 3083 372 3112 In.
390 3091 452 3122 qua
473 3087 666 3115 comminatus
686 3082 724 3123 est
748 3088 866 3127 utrique
885 3086 1096 3120 Nicomediam

223 3130 365 3170 exilium,
394 3129 557 3172 m'fipacem
574 3130 715 3166 haberent
733 3135 914 3169 adinvicem
926 3160 933 3167 .
962 3135 1095 3169 Etenim

223 3179 319 3214 Sacra
332 3191 388 3214 eos
398 3180 531 3224 quidem
543 3183 641 3225 usque
652 3183 692 3218 ad
705 3185 823 3218 fastam
834 3196 946 3229 pacem
961 3186 1097 3220 secludit

224 3229 243 3266 a
258 3230 364 3275 Regia
387 3231 484 3270 urbe,
513 3231 567 3265 sed
591 3231 631 3266 de
643 3232 888 3269 Nicomedienfi
906 3236 1009 3270 exilio
1026 3235 1098 3270 nul..

224 3280 289 3313 lam
303 3281 380 3315 facit
396 3282 590 3316 memoriam
602 3307 609 3314 .
635 3283 739 3333 Qd
749 3285 853 3329 ipsum
863 3286 948 3321 clare
959 3287 1044 3321 lucet
1055 3298 1096 3321 ex

224 3329 292 3365 fine
305 3332 424 3366 Sacrae:
450 3334 565 3367 siverci
578 3357 587 3372 ,
613 3336 693 3375 qued
702 3344 760 3367 non
781 3337 945 3376 credimus,
971 3337 1097 3378 nostram

226 3378 304 3416 banc
309 3380 493 3426 sententiam
506 3407 518 3425 ,
541 3383 708 3429 rei‘lumque
719 3384 894 3428 Propositum
898 3386 1025 3429 privato
1034 3398 1097 3421 con·

1879 212 1895 245 1
1907 209 1941 244 6
1950 213 1970 257 5

1159 276 1223 318 filio
1244 301 1256 318 ,
1294 274 1478 320 humaneque
1497 277 1623 319 alicujus
1645 278 1880 320 perturbationis
1915 282 2043 327 impulsu

1167 337 1347 361 contemnere
1358 326 1551 370 aususfueris
1562 353 1573 368 ,
1600 328 1752 371 nostraque
1763 333 1824 364 alia
1837 335 1961 367 Decreta
1966 343 2042 378 par·

1167 383 1202 410 vi
1202 378 1315 419 fecerit
1329 403 1341 418 ,
1367 378 1421 411 tibi
1435 378 1599 422 imputabis
1612 404 1623 420 ,
1642 378 1673 421 Ji
1677 380 1835 413 sanctitas
1847 391 1901 415 tua
1909 385 2042 419 obedien-

1164 433 1205 468 tie
1227 426 1517 471 &promptitudinis
1531 455 1541 470 ,
1567 442 1624 473 que
1633 430 1753 465 santiae
1768 434 1826 464 Dei
1837 433 1958 474 Ecclefie
1967 446 2043 468 com-

1156 482 1304 519 ponendae
1315 480 1457 514 debentur
1469 505 1481 522 ‚
1507 481 1633 524 neglec‘ie
1642 487 1765 516 meritas
1783 490 1892 523 poenas
1903 483 2019 517 dederit
2031 509 2040 517 .

1160 528 1200 561 Ei
1225 540 1294 564 non
1318 531 1458 566 exilium
1478 530 1645 573 decernit,
1671 532 1725 567 sed
1748 533 1893 568 minatur
1914 532 2045 568 arbitra-

1157 589 1237 612 riam
1261 592 1412 622 poenam.

1208 628 1413 665 Adducenda
1435 633 1510 666 sunt
1531 630 1643 671 &haec
1654 633 1758 668 Sacrae
1780 632 1898 669 verba:
1925 637 2044 667 Interea

1159 680 1233 711 verb
1242 681 1315 713 dum
1335 689 1477 721 exoptata
1484 689 1569 724 pacis
1583 707 1594 723 ,
1621 686 1857 727 concordiaque,
1886 686 2045 718 &mutuae

1141 732 1235 794 ¹inter
1246 740 1301 762 vos
1312 734 1453 763 amicitiae
1470 733 1632 772 εοηῙιιηθὶο
1642 734 1828 776 confirmetur
1838 759 1850 775 ,
1875 736 1911 769 Θ·
1918 743 1975 776 per
1987 733 2044 767 illa

1158 782 1214 811 iter
1224 780 1267 811 ad
1279 778 1403 818 nostrum
1423 781 1595 822 colloquium
1611 784 1696 817 vobis
1715 784 1906 826 pate-fadum
1920 784 2020 826 fuerit
2032 807 2046 824 ,

1157 829 1241 861 nulla
1253 827 1378 872 prorsus
1391 840 1634 872 quorumcumque
1657 834 1871 877 Episcoporum
1891 844 1947 868 aut
1968 843 2048 867 crea·

1156 882 1216 919 tio,
1244 889 1299 912 aut
1315 878 1473 922 depoſsita,
1500 889 1555 914 aut
1564 892 1752 926 quoecumque
1765 887 1927 919 Ordinatio
1949 892 2048 918 tenta·

1142 927 1257 981 ibitur,
1277 927 1342 973 sed
1348 929 1379 971 fi
1384 931 1459 972 quid
1469 935 1592 965 interim
1613 929 1906 974 buJ‘usmodtfac‘Zum
1917 933 1968 977 effe
1980 945 2049 967 con-

1143 983 1281 1023 tugerit,
1306 980 1343 1012 id
1351 985 1506 1014 immotum
1530 983 1565 1015 (9·
1576 982 1826 1023 imperturbatum
1845 982 1977 1025 Ecclefiae
1990 987 2049 1018 σα.

1158 1028 1262 1071 tbolice
1283 1029 1510 1072 compofitionem
1531 1029 1698 1073 exspeHet.
1733 1022 1910 1076 praesertim
1932 1045 1995 1066 cum
2004 1045 2051 1068 re-

1157 1079 1318 1124 ligiofiffimi
1343 1082 1452 1115 Clerici
1479 1082 1524 1114 ad
1551 1084 1671 1115 Divina
1694 1082 2052 1126 ministeriafxequendae

1155 1128 1284 1173 suffere
1303 1140 1416 1173 queant
1435 1156 1446 1172 ,
1472 1132 1561 1166 donec
1582 1130 1723 1177 persedit
1745 1138 1815 1166 unio
1837 1130 2049 1176 consequatur.

1162 1179 1377 1218 Theodofius
1402 1192 1536 1216 noverat
1548 1183 1721 1226 populares
1742 1186 1872 1223 motus,
1899 1181 2055 1227 quiMar-

1162 1231 1328 1274 tianopoli
1341 1255 1353 1272 ‚
1379 1230 1558 1274 Thyanae,
1584 1231 1705 1267 Tharfi
1719 1257 1731 1274 ,
1757 1232 1842 1268 acin
1855 1232 1927 1266 aliis
1939 1231 2054 1266 civita-

1161 1279 1251 1315 tibus
1264 1292 1439 1316 evenerant
1449 1293 1491 1316 ex
1503 1292 1629 1319 tentata
1649 1283 1852 1319 executione
1862 1283 2059 1318 Constanti·

1164 1331 1365 1375 nopolitanae
1374 1332 1503 1376 Synodi
1515 1357 1527 1374 ,
1554 1333 1587 1367 in
1600 1344 1663 1376 qua
1677 1334 1906 1369 Maximianus
1918 1333 2058 1368 Patriar·

1161 1380 1224 1416 cha
1246 1381 1377 1426 jufferat
1401 1381 1560 1428 quosdam
1577 1383 1697 1428 Ephefi
1708 1384 1905 1430 degradatos
1919 1383 2061 1428 Episco-

1164 1442 1226 1476 ρος
1247 1431 1379 1468 extrudi
1399 1457 1412 1475 ,
1450 1445 1489 1469 ac
1512 1435 1658 1478 ipsorum
1680 1433 1832 1470 Thronis
1859 1447 1899 1470 ac
1922 1434 2058 1477 Populis

1164 1482 1409 1526 imponialios.
1435 1484 1530 1519 Hinc
1547 1484 1655 1528 juffit,
1684 1483 1846 1529 pendente
1858 1484 1948 1529 pacis
1958 1495 2060 1528 nego·

1165 1533 1214 1567 tio
1228 1557 1239 1574 ,
1267 1534 1398 1569 nullum
1418 1533 1575 1579 deinceps
1598 1535 1698 1580 ejici,
1726 1536 1857 1570 nullum
1870 1545 1997 1570 novum
2008 1545 2061 1568 or-

1165 1582 1272 1619 dinari
1286 1610 1293 1620 .
1322 1585 1372 1620 Ea
1385 1594 1496 1619 tamen
1519 1586 1615 1629 lege,
1643 1595 1679 1619 ut
1690 1586 1781 1629 quod
1806 1585 1872 1619 huc
1897 1586 2000 1627 usque
2013 1585 2062 1617 fa·

1166 1634 1253 1667 &um
1267 1636 1372 1669 suerat
1385 1659 1396 1675 ,
1423 1636 1518 1669 staret
1536 1635 1767 1669 inconcussum
1790 1636 1889 1678 usque
1907 1634 1949 1668 ad
1971 1633 2061 1677 pacis

1166 1686 1312 1718 exitum.
1342 1685 1502 1719 Notanda
1514 1686 1605 1718 enim
1628 1686 1702 1719 sunt
1731 1684 1826 1719 verba
1849 1698 1856 1717 :
1884 1683 2065 1727 sedfiquid

1166 1739 1288 1769 interim
1302 1734 1426 1778 salium
1447 1735 1499 1779 effe
1511 1739 1665 1779 contigerit
1678 1759 1689 1774 ‚
1716 1737 1774 1769 &a
1802 1734 1982 1769 Manifeste
1994 1735 2064 1768 san·

1167 1786 1261 1820 ciunt
1272 1786 1314 1820 de
1325 1787 1492 1828 praeteritis
1502 1809 1513 1825 ‚
1526 1796 1595 1819 non
1608 1787 1650 1819 de
1660 1786 1780 1819 futuris
1791 1810 1798 1818 .
1829 1785 1871 1818 Et
1883 1783 1964 1818 hinc
1976 1785 2066 1818 Mat-

1169 1834 1351 1878 tianopolis
1369 1845 1407 1870 ao
1418 1834 1568 1877 Thyana
1590 1833 1745 1868 videntur
1757 1835 1859 1877 usque
1877 1844 1958 1869 tunc
1971 1844 2065 1869 man-

1169 1884 1238 1918 fisse
1263 1884 1328 1917 fine
1352 1884 1519 1927 Episcopo
1531 1907 1538 1914 .
1569 1883 1706 1918 Etenim
1720 1882 1936 1920 Dorotheum
1949 1895 1986 1919 ac
1999 1883 2064 1920 Eu·

1169 1933 1314 1968 therium
1336 1932 1464 1976 adjutus
1486 1933 1528 1967 ab
1555 1932 1709 1978 Augusto
1734 1935 1899 1978 Principis
1925 1932 2063 1969 brachio

1169 1984 1400 2018 Maximianus
1413 1983 1593 2026 abjecerat,
1620 1994 1654 2017 at
1667 1982 1745 2017 vero
1766 1985 1854 2026 ipsos
1877 1983 1997 2027 Populi
2010 1985 2065 2018 de·

1169 2033 1340 2067 fenderant
1364 2056 1375 2072 ,
1401 2043 1438 2065 ac
1461 2034 1625 2074 ejecerant
1653 2033 1920 2077 superordinatos
1940 2059 1947 2066 .
1979 2034 2064 2068 Haec

1169 2080 1384 2116 Theodosius
1406 2081 1489 2116 stare
1509 2082 1615 2116 voluit
1640 2083 1839 2126 perinterim
1851 2108 1862 2124 ,
1890 2085 2003 2119 &non
2017 2096 2066 2119 re-

1170 2133 1264 2167 serari
1286 2142 1394 2175 portas
1420 2132 1516 2166 novis
1530 2132 1760 2168 turbulentiis.
1793 2135 1886 2169 Hinc
1899 2135 1994 2169 Sacra
2008 2134 2065 2168 ad-

1169 2183 1237 2217 dit:
1270 2180 1442 2224 Praesertim
1462 2192 1527 2215 cum
1551 2182 1741 2225 religiofifflmi
1752 2187 1859 2219 Clerici
1883 2186 1929 2218 ad
1942 2189 2064 2219 Divina

1170 2231 1332 2271 ministeria
1342 2232 1516 2273 exequenda
1531 2229 1662 2273 sufficere
1674 2241 1804 2274 queant.
1832 2233 1882 2267 At
1903 2235 1979 2268 vero
1989 2247 2066 2271 cau·

1171 2283 1208 2316 sae
1217 2282 1324 2316 exitus
1336 2279 1550 2315 Dorotheum
1565 2305 1576 2321 ,
1591 2278 1787 2316 Eutherium
1804 2308 1815 2324 ,
1842 2283 2041 2318 Helladium
2051 2308 2063 2323 ,

1170 2344 1207 2366 ac
1221 2331 1413 2366 Himerium
1437 2330 1574 2366 exclufit
1595 2330 1613 2364 a
1626 2342 1706 2375 pace
1718 2357 1725 2365 .
1751 2332 1845 2367 Hinc
1857 2335 1992 2370 tandem
2008 2334 2065 2369 Sa·

1169 2382 1323 2415 turninus
1332 2380 1480 2414 obtinuit
1494 2381 1770 2426 Martianopolim
1779 2408 1786 2419 ..
1815 2384 1981 2421 Omnium
1990 2385 2062 2420 sor·-⁴

1170 2439 1236 2465 tem
1247 2431 1331 2464 infra
1342 2429 1534 2464 docebimur
1545 2453 1553 2461 .

1220 2479 1358 2514 Praesens
1381 2478 1530 2523 Epistola
1550 2478 1596 2513 est
1619 2480 1735 2525 scripta
1763 2482 1881 2517 eodem
1892 2492 2061 2527 tempore:

1171 2529 1301 2574 Nempe
1324 2528 1395 2572 post
1415 2529 1563 2562 emissam
1586 2531 1716 2566 Sacram
1737 2542 1776 2566 ac
1788 2532 1992 2568 Aristolaum
2005 2546 2062 2578 po·

1168 2581 1262 2614 litum
1285 2580 1321 2613 in
1342 2576 1563 2612 Antiocheno
1585 2579 1722 2614 itinere.
1749 2582 1840 2616 Dum
1862 2583 1903 2618 ad
1923 2594 2062 2619 evocan-

1169 2630 1250 2664 dum
1263 2629 1424 2676 Joannem
1435 2628 1502 2671 jam
1513 2637 1581 2662 erat
1592 2628 1679 2673 quafi
1701 2630 1742 2664 ad
1756 2643 1865 2675 portas
1878 2634 2062 2669 Antioche-

1167 2691 1244 2714 nas.
1274 2680 1385 2715 Docet
1408 2688 1470 2713 nos
1492 2678 1584 2723 plura
1604 2703 1612 2710 .
1639 2678 1773 2723 Primo,
1800 2682 1890 2726 quod
1912 2684 2063 2726 Cyrillus

1167 2731 1202 2768 &
1226 2730 1368 2774 Joannes
1389 2728 1498 2772 primo
1520 2741 1588 2763 non
1603 2729 1835 2767 Nicomediam
1850 2735 1977 2768 evocati
1992 2736 2063 2769 fue·

1167 2783 1253 2821 rint,
1278 2780 1331 2814 sed
1353 2778 1683 2824 Constantinopolim
1704 2806 1711 2814 .
1740 2782 1813 2817 Aut
1835 2783 1946 2827 potius
1967 2784 2060 2827 quod

1167 2833 1255 2866 fama
1278 2830 1324 2865 ita
1347 2829 1474 2864 tulerit.
1504 2830 1598 2865 Hinc
1619 2832 1710 2866 enim
1721 2831 1764 2866 de
1774 2833 1972 2868 adventante
1984 2834 2059 2868 Ari-

1167 2880 1273 2915 stolao
1287 2880 1369 2916 dicit
1382 2880 1544 2924 Joannes:
1573 2883 1639 2925 ‚Qui
1664 2892 1709 2915 me
1728 2888 1850 2916 vocavit
1859 2885 1904 2916 ad
1915 2882 2060 2923 constane

1167 2931 1320 2974 cinopolim
1339 2955 1346 2963 .
1375 2930 1519 2967 Videtur
1544 2930 1740 2975 legendum:
1768 2935 1833 2976 ,Qui
1853 2944 1898 2966 me
1917 2934 2058 2969 vocabit.

1166 2981 1324 3018 Attamen
1352 2982 1489 3017 retinere
1523 2982 1614 3015 volui
1638 2981 1861 3017 Caffinensem
1873 2983 2057 3019 Codicem.

1165 3032 1252 3067 Fieri
1276 3033 1368 3067 enim
1380 3032 1484 3077 potest
1497 3039 1533 3067 ut
1544 3030 1726 3066 Aristolaus
1738 3033 1900 3075 Ioannem
1912 3034 1989 3071 ante
2000 3045 2058 3078 per

1164 3084 1287 3118 litteras
1312 3083 1461 3118 docuerit
1490 3082 1696 3116 voluntatem
1728 3081 1894 3127 Principis
1919 3109 1931 3126 ‚
1955 3095 2055 3128 atque

1165 3134 1209 3168 ita
1219 3135 1386 3168 monuerit
1397 3132 1559 3178 praeparari
1571 3131 1611 3166 ad
1625 3133 1703 3166 iter·
1732 3131 1836 3168 Pofflt
1856 3135 1970 3169 eadem
1981 3135 2057 3169 fuiss

1165 3185 1196 3219 se
1220 3183 1399 3220 monitus&
1417 3184 1480 3217 suis
1499 3182 1586 3225 apud
1607 3180 1795 3226 Principem
1817 3182 2052 3228 Apocrisariis.

1167 3235 1210 3269 Et
1222 3234 1257 3269 hi
1269 3234 1496 3280 Augustorum
1508 3234 1713 3268 secretorum
1729 3234 1835 3280 ignari
1847 3235 1967 3279 poffint
1980 3234 2058 3270 scri·

1165 3285 1255 3329 pfiffe
1276 3297 1352 3320 eum
1371 3284 1576 3319 evocandum
1587 3283 1627 3318 ad
1638 3284 1759 3330 faciem
1771 3284 1948 3331 Principis.
1977 3284 2053 3319 Poss

1165 3334 1203 3369 fit
1225 3335 1328 3372 etiam
1349 3333 1559 3370 Theodotius
1579 3334 1723 3378 primum
1746 3335 1790 3372 fic
1821 3336 1958 3373 voluisse
1979 3359 1991 3375 ‚
2014 3333 2052 3368 δε

1172 3385 1347 3430 postmodo
1372 3386 1507 3422 mutaffe
1527 3410 1534 3419 .
1562 3385 1717 3424 secunde>
1745 3386 1933 3480 docemurl,
1957 3381 2051 3427 quod

1922 3443 1999 3473 03¹1·
