2320 3730
620 160 931 211 ScuoLns,
978 170 1042 201 ετ
1077 154 1275 202 Norls
1315 167 1707 204 niusa-ansas.

414 314 671 365 CAPUT
717 315 903 364 CXCII.
942 312 1098 360 ...281

219 455 466 525 Synodica,
503 462 648 524 inquit,
685 456 903 517 Helladii,
937 459 981 505 &
998 456 1107 505 alio-

289 545 384 577 rum
422 529 591 577 Ciliciae
628 526 942 597 Episcoporum
969 563 983 587 ,
1026 526 1106 591 qui

290 597 524 647 scribentes
550 597 695 666 postea
721 600 912 666 Principi
940 595 1108 645 direxe-

288 683 390 718 runt
409 704 423 728 ,
459 672 661 718 veniente
691 667 747 716 ad
777 669 862 717 hoc
888 685 989 717 cum
1015 671 1108 715 De-

287 753 412 786 creto
452 740 671 807 Imperiali
722 736 1107 787 Admirandissimo

295 807 501 858 Tribuno
525 813 568 859 δε
592 811 786 859 Notario
809 808 1032 861 Aristolao
1046 843 1059 855 .

221 927 524 1015 Religicfiſsimis
559 954 619 997 (9⁴
647 949 826 1018 piissimis
871 949 1113 1033 Impfratorz'-

290 1019 359 1065 bus
383 1020 512 1080 noslrz‘s
528 1054 543 1078 ‚
591 1018 700 1084 ᾰζςηὲ
737 1018 922 1066 honoratis
946 1038 973 1066 a·
1010 1023 1112 1076 Deo,

42 1065 210 1150 ssssffiffigj
293 1083 497 1150 Theodosio
531 1089 592 1132 (9⁴
616 1087 869 1136 Wleminiano
904 1088 1112 1155 Augustis,

42 1145 206 1223 fffffflffi
289 1154 493 1203 Helladius
510 1191 523 1215 ,
558 1156 747 1222 cyrillus,
767 1157 979 1206 Valentinus
991 1197 1005 1219 ,
1021 1162 1113 1205 Mi.

42 1222 205 1297 ἷξέξώῗῧξῖ
291 1224 444 1273 nodarus
469 1262 484 1286 2
519 1231 703 1279 Jaticmus
723 1264 739 1288 ,
774 1227 951 1297 Episcopi
981 1233 1115 1296 primae

45 1304 190 1350 lentinus·
291 1295 424 1363 vestrae
457 1294 597 1344 Ciliciae
613 1333 628 1346 .

42 1343 206 1379 Mallum-

46 1383 175 1414 nodorus

37 1424 212 1504 ffiffssgg}
291 1435 425 1471 mentes
447 1461 460 1478 ‚
485 1436 507 1472 ὁ
532 1436 645 1473 Amici
669 1439 735 1474 Dei
758 1464 769 1480 ,
795 1439 828 1474 ει
852 1439 968 1475 Amici
990 1437 1114 1474 christi

44 1506 207 1542 „5939stst
314 1486 530 1531 Imperatores
552 1513 563 1529 ‚
589 1489 730 1523 vestrum
762 1490 848 1524 circa
883 1490 1037 1534 pietatem
1058 1491 1117 1524 Ze-

44 1544 194 1583 Pompejo-
227 1535 298 1570 lum
308 1561 319 1577 ,
346 1536 434 1581 quod
446 1538 488 1571 ab
499 1538 599 1573 initio
613 1539 769 1573 habuistis
786 1551 862 1584 erga
876 1540 1035 1573 Ecclesias
1046 1540 1117 1573 Do-

44 1583 126 1619 polis
173 1591 207 1614 ex
225 1586 399 1620 minatoris
423 1586 547 1621 Christi
570 1588 715 1622 studium
738 1588 772 1621 δε
792 1588 1032 1631 providentiam
1046 1613 1057 1629 ‚
1082 1588 1117 1622 &

44 1622 192 1694 sygsshssl
224 1635 481 1670 Dominatorem
495 1634 663 1671 Christum
676 1637 899 1682 glorificantes
912 1638 1118 1682 persistimus,

44 1670 118 1739 ἓῗέο
124 1685 152 1733 1]
163 1667 198 1734 ἕ
200 1684 207 1691 ”
225 1683 316 1729 quod
329 1695 395 1720 tarn
406 1687 463 1729 pio
475 1687 598 1731 dignos
611 1688 689 1722 fecit
702 1688 844 1731 Imperio
860 1713 870 1728 ,
896 1689 930 1722 ὅ(
943 1700 1001 1732 pro
1015 1688 1115 1723 vestra

44 1740 176 1779 Jatianus
224 1734 440 1769 diuturnitate
461 1744 561 1780 atque
584 1737 720 1771 victoria
733 1749 800 1771 non
822 1738 994 1773 definimus
1007 1750 1116 1773 exora·

49 1782 185 1820 Augustae
198 1801 208 1812 ·
222 1796 258 1820 re
268 1809 276 1817 .
306 1785 382 1819 Hac
393 1784 491 1820 nobis
501 1786 640 1821 actionis
653 1787 834 1833 gratiarum
848 1788 987 1832 praeditis
999 1789 1118 1823 volun-

223 1843 292 1869 tate
303 1860 314 1877 ,
341 1834 407 1870 haec
417 1836 485 1880 ipsa
498 1837 675 1882 gratiarum
687 1838 773 1872 astio
786 1839 930 1882 praesenti
941 1839 976 1872 in
991 1848 1117 1883 tempo-

224 1894 259 1919 re
281 1886 388 1931 magis
420 1886 559 1930 suscepit
582 1898 819 1932 augmentum.
850 1888 1065 1923 Adveniente
1084 1890 1115 1923 fi-

225 1934 359 1979 quidem
370 1935 411 1970 ad
438 1936 547 1971 vestrae
561 1937 686 1972 Cilicia
707 1938 918 1973 Provinciam
930 1939 1116 1975 Clariffimo

224 1985 296 2019 viro
311 1984 501 2028 Aristolao,
527 1986 686 2023 Tribuno
711 1989 919 2031 &Notario,
945 2000 1057 2024 verum
1071 1991 1117 2024 se·

223 2035 372 2070 cundum
385 2037 473 2080 piam
486 2038 687 2073 sanstionem
700 2038 836 2073 vestram
850 2040 883 2073 ὃς
898 2040 968 2083 ipso
979 2051 1113 2083 quoque

222 2085 322 2119 nobis
331 2086 515 2121 declarante
528 2087 678 2121 ardorem
692 2111 703 2127 ,
728 2090 955 2132 fervoremque
971 2089 1112 2122 vestrum

223 2135 309 2170 circa
320 2134 595 2170 Orthodoxorum
609 2138 696 2180 piam
709 2137 924 2183 Religionem
939 2163 950 2179 ,
976 2139 1010 2172 ὃς
1022 2138 1112 2182 quod

222 2185 266 2220 ab
290 2185 442 2219 unitione
472 2186 694 2220 Ecclefiastica
718 2187 804 2220 nihil
825 2187 966 2230 amplius
993 2187 1117 2220 studea·

223 2235 266 2268 tis
277 2258 289 2274 ,
302 2245 438 2278 pronam
452 2235 597 2268 nostram
608 2244 740 2277 quoque
757 2235 961 2269 voluntatem
974 2259 984 2275 ,
995 2236 1030 2269 ἀ
1040 2235 1117 2269 obe-

223 2283 406 2324 dientiam,
431 2295 531 2326 quam
552 2284 637 2318 circa
661 2284 765 2318 vestrae
789 2284 867 2319 Deo
890 2283 1116 2318 Amabilitatis

223 2334 294 2378 pias
320 2334 503 2368 sanctiones
530 2332 686 2369 habemus
707 2358 719 2375 ,
747 2333 950 2369 ostendimus
974 2359 982 2367 .
1021 2334 1115 2378 Juxta

224 2385 317 2418 enim
341 2383 484 2417 Divinas
508 2383 748 2427 Praeceptiones
771 2385 886 2420 vestras
908 2385 1115 2419 communio-

223 2436 303 2468 vnem
327 2443 403 2466 cum
427 2433 545 2467 Sancta
561 2434 723 2477 Synodo,
751 2445 823 2477 quae
847 2435 880 2468 in
894 2434 1024 2478 Epheso
1034 2435 1115 2469 fasta

225 2483 271 2525 est
295 2507 307 2523 ,
333 2483 558 2526 amplestimur
577 2508 588 2524 ,
615 2484 649 2517 ὅ(
672 2483 868 2518 Nestorium
885 2509 896 2526 ,
925 2485 981 2528 qui
1011 2495 1117 2528 quon·

225 2532 304 2568 dam
315 2532 379 2566 fuit
391 2532 578 2567 feliciffimae
591 2533 910 2578 Constantinopolis
920 2535 1116 2578 Episcopus,

225 2582 385 2617 habemus
408 2582 614 2626 depositum,
638 2584 670 2618 ἀ
695 2583 971 2620 anathematismo
984 2583 1117 2627 subjeci-

226 2642 301 2666 mus
320 2633 353 2666 su
359 2644 414 2676 per
434 2631 612 2674 omnibus,
642 2645 711 2677 quae
732 2633 833 2677 impie
850 2646 962 2669 coram
975 2634 1116 2669 Ecclesia

225 2682 344 2718 docuit
358 2706 369 2723 ,
394 2683 448 2716 seu
469 2683 504 2716 ‘m
531 2682 655 2726 scriptis
678 2684 833 2727 exposuit
850 2706 862 2723 ,
888 2685 941 2719 seu
964 2684 1116 2719 semotim

227 2732 360 2767 locutus
371 2732 415 2765 est
429 2755 441 2772 ,
465 2733 637 2776 sequentes
645 2732 780 2768 Sanaos
792 2734 973 2779 Episcopos
983 2734 1116 2770 Xistum

227 2782 346 2816 Romae
357 2806 368 2823 ,
394 2783 429 2815 ὅ(
450 2781 607 2816 Proclum
629 2783 744 2827 magni
763 2785 910 2819 nominis
928 2784 1116 2820 Constanti-

227 2832 384 2875 nopolis,
411 2832 445 2865 ὅ(
459 2831 626 2875 Cyrillum
649 2831 861 2869 Alexandriae
874 2859 884 2875 ,
910 2835 1114 2878 &Ioannem

228 2879 421 2917 Antiochiae
443 2905 455 2922 ,
492 2882 526 2916 &
545 2893 661 2917 omnes
683 2882 826 2925 reliquos
847 2884 1116 2931 Religiosiffimos

229 2931 435 2976 Episcopos,
461 2931 496 2966 in
518 2930 675 2966 omnibus
697 2943 767 2977 quae
787 2933 838 2977 pie
861 2935 1064 2970 definiuntur
1074 2935 1115 2969 ab

230 2982 278 3016 eis
303 3006 315 3021 ,
340 2980 692 3018 coanathematizantes
714 2983 821 3026 ipsum
841 2984 1054 3027 Nestorium,
1082 2987 1115 3020 ὃ(

229 3042 289 3065 eos
303 3030 357 3071 qui
371 3031 485 3065 eadem
499 3057 509 3073 ,
535 3044 606 3077 quae
617 3032 673 3066 ille
684 3056 695 3073 ‚
708 3033 809 3077 impie
818 3036 957 3071 afferunt
967 3061 974 3068 .
1001 3036 1038 3070 ld
1052 3036 1116 3077 est,
1146 3045 1151 3052 ·

231 3079 469 3122 NestorIanos,
494 3092 577 3126 quos
587 3082 669 3125 juste
678 3082 819 3119 vestrum
840 3086 883 3122 sic
901 3086 1115 3134 cognomina-

231 3129 281 3164 vit
304 3129 500 3174 Imperium.

328 3378 438 3423 Christ.
452 3383 532 3426 Lupi
544 3386 643 3427 opera
653 3386 687 3418 T.
695 3385 763 3418 Vn.

1884 168 1987 215 349

1357 323 1858 385 SenoiLION.

1279 484 1347 519 AEc
1359 484 1405 520 est
1427 483 1605 529 synodalis
1623 482 1788 528 Epistola,
1812 481 1950 527 ideoque
1960 483 2058 519 docet

1302 535 1409 580 prim&
1420 560 1431 576 ‚
1457 535 1548 580 quod
1558 534 1598 570 ad
1606 533 1846 570 admittendam
1856 544 1968 578 pacem
1978 533 2061 568 Hel-

1169 584 1274 620 ladius
1296 586 1507 631 congregarit
1518 584 1692 630 Synodum
1707 585 1769 618 suae
1778 582 1960 619 Provinciae
1973 607 1980 614 .
2006 583 2062 618 Se-

1171 634 1282 669 cundo
1296 661 1307 677 ,
1336 636 1424 680 quod
1437 647 1552 670 omnes
1564 635 1632 679 ejus
1643 634 1841 680 Episcopiin
1853 644 1965 678 pacem
1982 643 2061 666 con·

1172 686 1352 727 senserint,
1377 697 1516 730 excepto
1535 698 1604 721 uno
1630 684 1784 720 Zenobio
1810 682 2062 728 Zephyrii'Epi-

1173 735 1271 776 scopo
1283 760 1291 767 .
1318 735 1461 776 Tertio,
1481 736 1572 780 quod
1583 737 1713 771 Sacram
1726 734 1883 770 faciendae
1895 732 2064 779 pacis‘Jus-

1173 785 1295 818 sionem
1314 783 1498 821 Aristolaus
1518 785 1692 821 Tribunus
1713 784 1868 820 detulerit
1886 784 1928 819 ad
1950 782 2068 818 Hella-

1174 834 1265 868 dium
1288 859 1296 866 .
1321 836 1469 870 Forsitan
1491 847 1532 870 ex
1554 836 1705 881 singulari
1730 834 1905 871 reverentia
1924 847 1932 867 :
1959 830 2065 881 Qod

1174 884 1294 918 Cilicia
1319 887 1395 920 esset
1413 885 1589 921 Provincia
1603 885 1782 921 admodum
1795 885 1915 930 devota
1925 896 1963 919 ac
1974 882 2067 928 utilis

1177 934 1334 969 Romano
1356 935 1499 979 Imperio
1511 961 1518 968 .
1545 935 1696 984 Qarto,
1726 935 1816 980 quod
1830 935 1951 971 Cilices
1962 932 2068 969 admi-

1174 985 1271 1019 serint
1297 995 1413 1018 omnes
1433 986 1466 1019 ὅ(
1487 985 1633 1030 singulos
1657 986 1745 1029 pacis
1755 986 1923 1021 articulos.
1951 985 2068 1020 Etiam

1176 1034 1424 1070 damnationem
1448 1034 1596 1069 Nestorii
1623 1049 1634 1067 .-
1659 1036 1771 1082 Qam
1792 1043 1903 1070 tamen
1925 1036 2068 1078 Ioannes

1177 1084 1363 1120 patriarcha
1387 1081 1621 1128 dispensatorie
1644 1083 1830 1127 permiserat
1861 1085 2069 1128 singulorum

1177 1135 1310 1169 arbitrio
1323 1158 1331 1167 .
1360 1132 1493 1182 Qinto
1506 1158 1519 1176 ‚
1544 1133 1634 1177 quod
1656 1131 1732 1177 haec¹
1743 1133 1858 1168 omnia
1875 1134 1972 1167 fuerit
1985 1136 2070 1168 fasta

1176 1196 1217 1220 ex
1237 1186 1390 1219 Decretis
1411 1186 1509 1219 etiam
1529 1182 1823 1218 Xist11’0ntificis.
1855 1182 1959 1218 Haud
1969 1181 2071 1218 dubie

1179 1237 1210 1269 in
1232 1234 1406 1269 Orientem
1429 1234 1586 1279 scripserit
1613 1234 1715 1269 varias
1725 1233 1871 1274 litteras,
1898 1228 1978 1277 qu'as
1990 1242 2071 1268 tem-

1179 1286 1266 1329 poris
1299 1284 1415 1327 injuria
1445 1285 1544 1319 nobis
1570 1283 1714 1329 abripuit
1735 1310 1742 1317 .
1770 1282 1966 1318 Notandum
1996 1283 2070 1325 est,

1178 1333 1268 1379 quod
1295 1333 1472 1369 Helladius
1484 1334 1640 1369 Proclum
1652 1333 2068 1378 Constantinopolitanum

1179 1395 1342 1430 praeponat
1362 1384 1494 1429 Cyrillo
1514 1384 1768 1428 Alexandrino,
1797 1395 1836 1419 ac
1856 1383 1977 1428 Joanni
1996 1383 2069 1419 An·

1178 1434 1356 1471 tiocheno.
1390 1435 1523 1470 Etenim
1537 1434 1635 1471 Pacta
1648 1461 1659 1477 ‚
1679 1446 1747 1481 qua:
1757 1435 1798 1470 de
1810 1434 1969 1470 servando
1979 1434 2071 1469 Con-

1181 1485 1468 1530 stantinopolitani
1495 1485 1642 1520 Concilii
1664 1486 1809 1521 secundo
1829 1485 1972 1530 Canone
1990 1483 2070 1518 Pro·

1180 1536 1250 1569 clus
1270 1535 1348 1570 fecit
1368 1547 1444 1570 cum
1468 1534 1684 1571 Antiochena
1711 1534 1875 1575 Ecclesia,
1900 1547 1970 1570 non
1990 1545 2072 1569 cum

1182 1585 1309 1628 Joanne
1330 1585 1433 1627 fecit,
1456 1585 1509 1620 sed
1529 1596 1606 1620 cum
1628 1585 1696 1629 ejus
1715 1586 1900 1620 Successore
1910 1586 2073 1619 Domno.

1181 1636 1230 1669 Ita
1254 1634 1493 1671 Theodoretus
1514 1635 1633 1670 diserte
1654 1635 1765 1670 scribit
1776 1634 1817 1669 ad
1829 1635 1983 1669 SanClum
2003 1633 2074 1668 Fla-

1181 1685 1316 1719 vianum
1332 1710 1343 1727 ,
1369 1687 1591 1720 Successorem
1613 1684 1745 1720 Procli.
1772 1684 1917 1719 Proinde
1939 1683 2017 1719 hinc
2027 1684 2076 1718 di-

1183 1736 1302 1769 scimus
1320 1761 1331 1777 ,
1355 1735 1445 1780 quod
1467 1735 1603 1771 Proclus
1627 1735 1736 1771 statim
1753 1734 1772 1769 ὲ
1797 1735 1845 1770 sui
1859 1735 2076 1780 Episcopatus

1181 1786 1322 1822 exordio
1344 1786 1478 1829 coeperit
1499 1797 1613 1833 urgere
1631 1787 1665 1821 ἀ
1677 1785 1846 1820 observare
1857 1785 1956 1820 istum
1967 1786 2076 1820 Cano-

1181 1846 1278 1876 nem,
1306 1836 1339 1869 &
1365 1835 1498 1870 tandem
1523 1847 1578 1879 per
1588 1835 1647 1870 ista
1669 1834 1766 1870 Pacta
1777 1835 2006 1875 confirmarit,
2032 1843 2078 1869 at·

1180 1896 1243 1930 que
1265 1886 1311 1920 ita
1335 1895 1373 1919 os
1393 1885 1543 1921 clauserit
1565 1885 1722 1920 omnibus
1741 1883 2076 1920 contradictionibus.

1182 1935 1364 1977 Discimus,
1390 1936 1481 1980 quod
1494 1936 1599 1980 plures
1622 1935 1766 1971 Ecclesiae
1779 1935 1898 1971 Proclo
1910 1937 2009 1971 etiam
2021 1948 2077 1971 an·

1180 1985 1210 2020 te
1222 1987 1312 2029 pasta
1324 1986 1511 2020 obedierint
1523 2012 1530 2018 .
1559 1986 1611 2019 Ex
1624 1985 1674 2020 his
1685 2010 1695 2026 ,
1725 1985 1837 2020 Procli
1856 1987 1960 2031 gratia
1971 1996 2080 2029 capta-

1181 2045 1272 2068 turus
1287 2059 1297 2075 ,
1324 2036 1355 2069 se
1377 2046 1451 2069 cum
1474 2037 1568 2069 omni
1582 2038 1636 2069 sua
1648 2036 1786 2077 Synodo
1799 2035 1951 2078 adjunxit
1962 2035 2080 2069 Hella-

1179 2083 1253 2117 dius
1266 2109 1273 2116 .
1301 2084 1349 2117 At
1369 2095 1495 2119 certum
1509 2084 1554 2118 est
1566 2109 1577 2125 ‚
1603 2083 1693 2129 quod
1714 2086 1848 2119 Sanctus
1859 2084 2004 2129 Cyrillus
2019 2085 2080 2120 ista

1146 2164 1148 2166 ,
1179 2134 1293 2167 omnia
1305 2133 1465 2177 probarit.
1498 2135 1633 2169 Etenim
1646 2134 1807 2169 similibus
1818 2136 1983 2178 Juvenalis
1995 2136 2081 2170 Hie-

1180 2183 1409 2225 rosolymitani
1428 2184 1583 2226 Episcopi
1596 2184 1862 2225 praetenfionibus
1884 2187 1917 2218 se
1927 2186 2080 2220 constan-

1179 2240 1227 2265 ter
1247 2231 1369 2272 objecit
1391 2231 1426 2282 53<
1440 2231 1474 2263 in
1500 2231 1665 2274 Ephesino
1677 2230 1861 2272 Concilio,
1889 2233 2079 2277 &postmo-

1178 2279 1224 2314 dd
1243 2278 1330 2324 apud
1355 2275 1509 2314 sancium
1523 2281 1672 2315 Leonem
1685 2280 1881 2316 Pontificem
1894 2308 1902 2316 .
1931 2285 1975 2318 Et
1991 2286 2080 2319 Dio-

1181 2330 1288 2364 scorus
1308 2329 1445 2370 omnia,
1472 2341 1544 2374 quae
1559 2331 1667 2374 postea
1686 2330 1885 2367 declamavit
1904 2334 2076 2371 adversum

1179 2381 1238 2415 ista
1262 2379 1358 2414 Paeta
1371 2405 1381 2420 ,
1409 2378 1497 2414 haud
1517 2380 1617 2417 dubie
1638 2380 1835 2417 declamavit
1855 2394 1896 2416 ex
1919 2382 2025 2419 Dictis
2040 2386 2073 2420 &

1178 2431 1282 2464 Factis
1303 2431 1412 2465 Sancti
1425 2431 1562 2473 Cyrilli.
1593 2430 1698 2467 Porro
1714 2432 1890 2467 Helladius
1899 2433 1970 2477 post
1984 2434 2072 2470 hanc

1179 2491 1290 2524 pacem
1305 2492 1373 2515 non
1385 2480 1442 2514 diu
1466 2481 1643 2525 supervixit
1657 2496 1668 2516 .·
1697 2484 1776 2518 Erat
1788 2484 1877 2517 enim
1889 2483 2070 2520 admodum

1178 2532 1294 2564 senex.
1323 2530 1366 2565 Et
1388 2528 1505 2565 habuit
1529 2533 1749 2568 Successorem
1769 2532 1957 2568 Marianum
1972 2559 1979 2567 .
2003 2534 2074 2570 Lu·

1177 2591 1227 2614 cet
1250 2579 1316 2615 hoc
1336 2592 1378 2614 ex
1402 2580 1524 2615 Basilio
1544 2582 1740 2617 Seleuciensi
1764 2582 1952 2627 Episcopo,
1979 2584 2013 2618 in
2024 2586 2070 2621 se·

1176 2629 1288 2665 cundo
1310 2630 1397 2664 libro
1420 2629 1462 2666 de
1484 2631 1552 2665 vita
1565 2631 1599 2665 &
1611 2632 1776 2668 miraculis
1791 2634 1899 2669 Sancti
1910 2634 2070 2679 Martyris

1176 2680 1332 2715 Theclae.
1361 2681 1477 2715 Refert
1499 2680 1568 2716 illic
1589 2681 1683 2717 litem
1707 2683 1798 2717 istius
1821 2683 1968 2718 Mariani
1989 2696 2067 2721 cum

1177 2732 1235 2765 suo
1246 2730 1459 2766 Anteceffore
1471 2731 1643 2773 Dexiano,
1654 2733 1688 2767 ὅ(
1700 2734 1840 2768 affirmat
1851 2732 1947 2768 illum
1959 2733 2004 2769 ob
2013 2746 2070 2780 pa-

1175 2790 1292 2816 tratam
1306 2781 1546 2817 irreverentiam
1557 2781 1653 2820 fuisse
1673 2784 1852 2828 percussum
1863 2783 1881 2817 a
1893 2784 2042 2827 Martyre
2053 2810 2066 2826 ‚

1174 2832 1209 2865 ἀ
1230 2831 1276 2865 ita
1296 2831 1488 2867 defun-stum
1501 2857 1508 2864 .
1534 2831 1606 2867 Hic
1628 2832 1674 2867 est
1695 2833 1887 2873 DexianuS,
1917 2834 2065 2877 quicum

1174 2881 1300 2925 Joanne
1312 2880 1531 2917 Antiocheno
1555 2882 1660 2917 adfuit
1674 2880 1790 2926 Ephesi
1803 2906 1814 2923 ‚
1839 2883 1875 2916 &
1887 2883 2065 2925 postmodo

1175 2932 1325 2975 pertinax
1335 2929 1466 2967 adhaesit
1479 2931 1624 2975 praesenti
1636 2931 1808 2967 Schismati
1820 2958 1827 2965 .
1856 2932 1951 2967 Hinc
1961 2934 2062 2970 etiam

1173 2981 1325 3016 discimus
1352 2982 1457 3026 ipsum
1467 2982 1561 3016 fuisse
1573 2982 1945 3019 veraciterconversum.
1974 2984 2061 3020 Eum

1173 3032 1263 3068 enim
1276 3031 1410 3068 Basilius
1421 3031 1590 3078 infigniter
1600 3031 1792 3078 depraedicat
1800 3056 1809 3067 .

1350 3183 1446 3255 aa
1790 3185 1888 3259 aa

1927 3382 2002 3421 CA-
