2320 3730
551 234 863 288 Scrtomts,
901 245 964 275 ετ
999 228 1197 278 Norrs
1233 238 1649 272 ILLUSTRATAE.
1842 242 1960 288 >135

203 308 421 361 {pransum
443 311 477 348 in
488 311 625 349 Divinis
642 312 777 349 Litteris
787 312 962 347 educatum
973 312 992 347 a
1001 321 1077 354 pue-

203 365 326 406 ros&
335 363 630 399 constantiffimum
642 366 676 397 in
689 363 782 397 rebus
793 364 909 407 asperis
920 387 927 394 .

255 414 388 448 Eaedem
408 417 545 449 virtutes
565 414 832 459 resplenduerunt
852 415 952 446 eriam
974 409 1078 446 inIba

195 464 415 507 Presbytero.
444 466 537 499 Hinc
550 476 620 500 non
641 466 727 499 solus
737 462 897 498 Rabbulae
909 460 1080 495 contradi-

199 514 274 554 xit,
301 514 355 550 sed
366 515 475 551 secum
486 516 527 550 ab
547 516 608 549 illo
618 514 771 549 abstraxit
787 512 943 554 majorem
957 520 1080 552 partem

201 563 308 599 Cleri.
341 565 476 600 Etenim
498 567 534 600 in
546 565 658 608 Tyrio
680 562 806 608 judicio
816 559 920 595 dixit:
946 559 1001 601 Est
1015 561 1081 593 cle-

202 626 257 650 rus
276 614 366 656 noster
388 622 538 649 nominum
562 612 752 650 ducentorum
768 612 840 654 plus
863 619 964 645 minus
988 635 1000 652 ‚
1026 619 1081 644 aut

203 670 298 700 etiam
309 666 442 711 plurium
452 691 459 698 .
490 670 598 709 Neque
618 670 697 699 enim
708 668 816 697 retineo
829 673 983 695 numerum
993 686 1000 693 .
1029 661 1081 694 Ex

202 714 258 750 his
279 725 349 749 non
367 716 425 750 nifi
443 715 558 751 decem
577 724 633 749 aut
655 713 833 748 duodecim
856 710 1033 755 postmodo
1047 712 1082 744 in

203 765 313 811 ipsum
331 765 592 806 recalcitrarunt‚
618 763 789 808 ipsumque
809 762 1014 798 deduxerunt
1021 761 1083 806 pri-

202 814 263 852 mo
273 814 315 851 ad
324 817 456 852 Domni
464 812 658 850 patriarchae
670 813 881 848 Antiocheni
893 811 1061 848 Tribunal
1071 835 1081 851 ,

203 866 328 902 deinde
336 867 379 902 ad
391 867 572 911 Delegatos
582 866 600 898 a
612 864 767 909 Principe
774 864 921 908 Judices,
949 862 1028 896 hinc
1041 860 1082 895 ad

203 915 408 960 Ephefinum
426 915 658 950 Latrociuium
672 940 683 955 ‚
710 927 748 950 ac
775 914 907 949 tandem
928 913 969 947 ad
988 910 1084 945 Chal-

203 966 389 1001 eedonense
407 966 618 1001 Concilium.
649 965 845 1009 Erpalmare
867 962 1083 998 accusationis

203 1026 305 1060 eaput
322 1016 386 1050 fuit
407 1015 478 1050 laesa
497 1027 553 1059 per
565 1016 799 1049 Nestorianam
810 1014 977 1048 'Haerefim
985 1012 1081 1046 fides.

204 1065 310 1111 Qud
331 1063 462 1098 'dixisset
484 1076 494 1096 :
519 1068 593 1097 Non
617 1065 739 1098 invideo
759 1063 875 1105 christo
890 1061 977 1105 fac‘lo
1003 1066 1082 1095 Deo.

203 1117 243 1147 In
260 1118 492 1156 quantumenim
512 1112 681 1156 ipsefacqus
694 1114 752 1155 est,
782 1112 984 1157 &egofablus
992 1111 1082 1154 sum.

202 1163 250 1198 Et
265 1162 358 1207 quod
378 1162 518 1198 Beatum
546 1163 713 1207 Cyrillum
739 1163 925 1208 appellasset
950 1162 1084 1196 Haereti-

202 1224 281 1248 cum
300 1238 308 1246 .
336 1213 441 1261 Qud
468 1213 598 1249 dixisset
618 1227 625 1246 :
654 1215 751 1247 Bonae
773 1220 921 1247 memoriae
943 1212 1085 1250 Cyrillum

203 1272 362 1309 tamquam
377 1264 548 1297 baereticum
567 1262 682 1303 habui,
708 1264 744 1297 Θ·
763 1264 854 1296 donec
879 1261 1082 1295 anathemati-

201 1313 292 1357 zaffet
305 1311 366 1357 sua
378 1313 546 1356 capitula,
570 1324 629 1347 non
646 1318 740 1355 recepi
754 1323 821 1346 eum
835 1337 842 1344 .
869 1312 1004 1346 Summa
1016 1319 1083 1345 erat

204 1361 263 1398 hic
277 1362 430 1398 articulus
447 1377 454 1396 :
481 1365 568 1407 ,Quia
589 1362 786 1403 Nestor-ianus
811 1361 849 1403 est
864 1386 876 1402 ,
902 1363 936 1396 (ν
951 1363 1085 1395 Beatum

203 1413 344 1452 omnum
365 1411 516 1455 accusavit
527 1413 703 1446 Haereticum
714 1438 721 1444 .
753 1412 796 1446 Et
808 1411 874 1446 haec
886 1411 1001 1446 omnia
1013 1422 1083 1454 pro-

204 1462 324 1498 barunt
345 1472 415 1497 non
437 1461 651 1497 solummodo
666 1474 707 1497 ex
718 1462 859 1506 publicis
879 1462 947 1505 ejus
958 1460 999 1496 ad
1014 1461 1086 1495 Cle-

203 1520 280 1547 rum
289 1510 499 1546 Trabiatibus
508 1523 547 1546 ac
556 1512 692 1555 privatis
703 1511 784 1545 hinc
798 1511 875 1546 inde
886 1512 1063 1556 colloquiis
1074 1535 1085 1551 ,

204 1562 262 1598 sed
275 1562 378 1597 etiam
396 1573 438 1596 ex
455 1562 579 1596 famosa
607 1561 677 1605 ejus
697 1561 846 1605 Epistola
868 1583 876 1592 .
908 1562 994 1609 Quis
1014 1573 1083 1595 non

204 1610 317 1648 videat
335 1610 404 1646 haec
423 1611 538 1646 omnia
559 1610 691 1646 fundari
714 1612 750 1645 in
772 1611 842 1656 ejus
854 1609 946 1645 Astis
969 1619 1084 1645 contra

201 1661 422 1698 Rabbulam?
449 1661 552 1712 Qod
564 1671 680 1706 nempe
699 1661 853 1696 noluisset
872 1659 1087 1696 anathemati-

204 1722 283 1749 zare
307 1710 532 1747 Theodorum
555 1737 567 1754 ,
592 1712 684 1758 quod
711 1712 864 1747 noluisset
890 1712 1088 1747 canonizare

205 1762 319 1799 Sansti
326 1761 448 1807 Cyrilli
460 1761 615 1807 Capitula
626 1787 638 1802 ,
664 1762 755 1806 quod
768 1763 920 1797 noluisset
930 1758 1087 1797 damnare

204 1822 321 1848 eorum
331 1813 554 1848 Damnatores
566 1838 573 1845 .
601 1813 676 1848 lbas
687 1825 766 1858 ergo
777 1812 938 1847 Rabbulae
960 1813 1088 1847 facinus

205 1863 317 1898 retulit
326 1863 368 1896 ad
382 1863 552 1897 Andream
574 1863 829 1897 Samosatens'em
841 1886 848 1893 .
875 1861 978 1895 Haud
991 1860 1090 1895 dubie

208 1913 245 1947 &
264 1912 306 1947 ad
315 1910 591 1947 Theodoretum.
619 1911 670 1945 Hi
692 1912 782 1946 enim
807 1911 875 1945 duo
887 1911 1091 1956 singulariter

206 1962 395 1997 invaserant
413 1961 474 1995 ista
496 1962 651 2005 Capitula
665 1986 672 1993 .
700 1962 745 1995 Et
754 1961 795 1996 ab
806 1962 880 2005 ipsis
894 1961 1090 2005 postulavit,

206 2023 250 2047 an
264 2012 342 2046 ‘non
362 2019 549 2055 oporteret,
577 2020 634 2045 aut
644 2010 757 2045 saltem
772 2010 939 2055 expediret
950 2010 1092 2045 deserere

205 2061 480 2098 communionem
516 2059 672 2095 Rabbulae
690 2061 705 2093 ἒ
740 2059 893 2094 Andreas
923 2059 1092 2093 consuluit

204 2110 720 2154 AlexandrumMetropolitam:
748 2108 884 2143 Etlicet
898 2106 996 2152 hujus
1022 2119 1089 2143 non

204 2161 383 2197 habeamus
402 2161 612 2205 Responsum
636 2183 647 2201 ‚
672 2171 744 2194 non
769 2159 888 2194 dubito
915 2159 996 2201 quin
1026 2159 1092 2203 ipse

204 2211 391 2256 probaverit
398 2211 513 2246 omnia
523 2234 536 2251 ‚
561 2219 661 2254 atque
674 2210 718 2244 ita
731 2209 773 2244 ab
785 2210 855 2253 ipsis
869 2209 1092 2243 inflammatus

207 2261 281 2297 lbas
306 2260 391 2295 istud
404 2258 543 2295 schisma
555 2259 641 2303 apud
654 2259 804 2294 Edessam
818 2260 948 2294 fecerit.
975 2259 1092 2294 Statim

207 2310 368 2347 adducam
388 2309 556 2354 Synodale
567 2310 703 2359 Ioannis
714 2309 922 2345 Antiocheni
945 2309 986 2343 ad
1002 2308 1090 2343 Edes-

207 2363 319 2397 fenam
333 2360 512 2395 Ecclesiam
527 2360 710 2395 Decretum
732 2362 767 2395 in
779 2359 846 2396 haec
871 2360 966 2394 verba
981 2373 987 2392 z
1015 2359 1091 2392 Rab·

209 2411 280 2445 bula
302 2413 338 2445 <rt
360 2411 501 2452 Edessam
517 2410 703 2450 perturbat,
728 2412 874 2443 &omnes
896 2415 948 2451 qui
973 2414 1094 2442 vicinas

210 2463 390 2494 Provincias
414 2456 555 2490 habitant
568 2457 729 2498 apostolica
746 2458 822 2499 fidei
832 2458 924 2490 valde
942 2461 1095 2489 contraria

205 2517 408 2553 perpetrans.
435 2510 481 2539 Et
490 2518 538 2539 eor
549 2513 601 2549 qui
612 2507 692 2539 rebla
698 2506 804 2549 sapere
816 2507 965 2550 elegerunt
987 2530 997 2546 ,
1023 2517 1091 2540 ver-

210 2566 251 2593 tit
269 2564 302 2592 in
316 2558 426 2602 fugam
438 2581 445 2588 .
471 2557 557 2589 Unde
577 2555 815 2598 compullssumus
830 2556 1019 2600 Religiofitati
1039 2568 1090 2590 ve-

205 2608 278 2650 flrae
287 2607 453 2651 Epistolam
472 2605 638 2646 destinare,
667 2614 702 2638 ut
716 2605 748 2646 fi*
763 2604 917 2648 verasunt
928 2606 981 2645 ista
1000 2629 1011 2645 ,
1041 2610 1094 2638 im-

209 2665 314 2693 munes
336 2666 392 2691 vos
403 2656 442 2690 ab
463 2657 526 2697 ejus
536 2660 735 2689 communione
741 2652 872 2698 servetis
885 2679 895 2694 ,
922 2655 1012 2687 donec
1026 2665 1092 2688 cum

209 2716 364 2743 evocantes
375 2707 418 2741 ad
427 2716 500 2746 nos,
527 2707 585 2741 &a
609 2705 796 2750 lbasigitur
818 2706 925 2740 secum
940 2704 1094 2739 abstraxit

210 2768 348 2795 omnem
368 2757 506 2792 Clerum
526 2755 636 2800 praeter
658 2755 736 2790 istos
756 2754 871 2790 decem
893 2765 949 2789 aut
972 2753 1095 2790 duode-

210 2809 299 2849 cim,
325 2806 384 2852 qui
405 2807 499 2840 illum
524 2804 699 2849 postmodo
721 2807 915 2840 accusarunt
937 2830 944 2837 .
972 2804 1018 2838 Et
1041 2805 1093 2838 isti

210 2858 308 2893 illum
329 2882 340 2899 ,
366 2865 482 2901 utpote
509 2856 602 2890 suum
622 2855 752 2890 Ducem
779 2881 791 2898 ,
829 2856 901 2900 post
930 2855 1090 2889 Rabbulae

211 2917 354 2943 mortem
365 2907 533 2952 elegerunt
549 2906 582 2941 in
597 2905 812 2950 Episcopum.
842 2906 945 2940 Pauci
958 2906 1014 2940 alii
1029 2905 1095 2949 per-

213 2957 364 2993 rexerunt
385 2957 420 2991 in
433 2957 538 3001 ipsum
548 2956 701 3000 grunno,
727 2956 925 2999 tandemque
946 2966 1094 3001 prorupe-

214 3018 291 3042 runt
299 3008 338 3040 'm
350 3017 495 3050 apertam
507 3006 750 3041 accusationem
763 3032 770 3040 .

266 3055 324 3090 An
337 3055 504 3091 Rabbulas
525 3056 652 3091 dato—in
662 3057 883 3093 Theodorum
906 3069 943 3092 ac
967 3057 1035 3101 ejus
1056 3056 1091 3090 li-

215 3107 291 3142 bros
301 3105 498 3141 anathemati
519 3118 559 3142 ex
573 3106 772 3142 Maximiani
785 3107 1094 3151 Constantinopoli-

216 3157 286 3191 tani
302 3155 456 3190 instinstu
479 3156 641 3192 addiderit
661 3158 946 3194 canonizationem
958 3158 1093 3201 Capitu-

215 3207 326 3241 lorum
338 3206 442 3240 SanCti
456 3206 575 3249 Cyrilli
590 3231 601 3246 ,
627 3218 694 3241 non
707 3209 833 3252 possum
853 3209 964 3244 firmus
977 3208 1094 3242 asseve-

215 3268 302 3291 rare.
331 3254 433 3290 Poffit
454 3255 489 3290 id
503 3256 612 3290 fecisse
631 3268 674 3291 ex
685 3259 818 3301 praevisae
830 3258 1095 3294 contradictionis

216 3316 327 3342 metu:
355 3305 407 3339 Ex
418 3292 623 3350 providentia
641 3307 675 3340 δε
687 3308 741 3351 spe
751 3309 807 3343 sibi
818 3309 1022 3344 conciliandi
1043 3319 1097 3342 au-

216 3357 296 3391 xilia
309 3355 427 3400 cyrini
436 3381 443 3389 .
471 3355 574 3390 Poffit
586 3366 761 3401 utrumque
772 3360 941 3395 attendisse
954 3385 961 3392 .
988 3358 1098 3407 Qid-

1123 308 1219 374 'inde
1240 307 1396 354 angustiis
1420 309 1538 352 pressus
1557 320 1595 343 ac
1607 309 1741 343 moestus
1759 313 1874 348 omnia
1886 313 1927 349 ad
1945 315 2027 350 San-

1124 376 1127 414 ἱ
1140 362 1228 394 stum
1241 358 1404 403 Cyrillum
1417 359 1536 394 tetulit.
1544 359 1589 394 Et
1599 368 1676 393 ante
1688 362 1802 395 omnia
1815 366 1966 406 exposuit
1979 364 2031 399 sui

1125 411 1227 444 iFasti
1239 411 1401 444 rationes:
1423 412 1508 455 Jam
1531 412 1603 443 ver&
1619 410 1745 452 quidam
1766 416 1914 445 unitatem
1924 413 2028 455 secun-

1125 449 1427 502 *damsubfistemiam
1439 460 1575 494 omnibus
1598 461 1696 493 modis
1708 460 1853 494 abdicant
1868 485 1875 493 .
1904 465 2029 497 Morbus·

1140 517 1218 543 enim
1231 512 1340 553 aliquis
1344 509 1502 554 sublatens
1524 516 1713 545 inveteravit
1728 515 1869 552 Orienti,
1895 515 2030 545 immedi-

1125 561 1246 618 'cabilis
1259 562 1394 595 vulneris
1416 562 1499 594 modo
1509 559 1670 609 depascens
1685 560 1820 604 Ecclelt'ae
1841 569 1944 602 corpur
1960 586 1970 601 ,
1997 563 2032 596 o·

1125 619 1128 659 ξ
1137 613 1282 651 plurimos
1301 612 1420 651 quidem
1440 611 1560 652 latens,
1587 612 1672 654 apud
1687 622 1790 646 autem
1811 610 1899 654 quasi
1919 612 2040 644 Studio-

1125 662 1129 721 l
1136 658 1187 702 sos
1221 662 1255 693 (st
1270 658 1430 702 supercilia
1461 662 1632 695 extollentes
1658 664 1827 696 eruditione
1856 686 1867 702 ,
1905 663 2037 695 latenter

1125 708 1318 792 'honoratae
1347 710 1408 742 Uti
1429 711 1599 746 adversum
1612 711 1686 746 Arii
1711 713 1809 748 dolos
1824 712 1960 746 Nicaena
1975 711 2034 754 Sy·

1143 760 1250 793 nodus
1283 769 1398 792 vocem
1422 781 1432 796 ‚
1462 760 1716 803 consubstantiale
1737 787 1748 803 ‚
1778 764 1822 797 ita
1860 762 2035 797 adversum»

1142 809 1262 842 similes
1275 808 1421 842 Nestorii
1433 807 1569 843 technas
1580 811 1713 846 Sanstus
1728 812 1877 857 Cyrillus
1889 837 1900 853 ‚
1929 824 1966 846 ac
1983 821 2038 855 per

1142 859 1246 903 ipsum
1258 858 1377 892 directa
1391 855 1551 900 Ephefina
1564 860 1716 899 Synodus
1737 887 1748 903 ,
1775 863 2039 898 introduxerunt

1144 921 1248 943 voces:
1262 913 1335 941 Unio
1337 906 1497 951 secundum
1510 907 1678 950 hypostasim.
1710 913 1842 948 Etenim
1858 914 1892 948 N
1903 912 2043 947 eston-ius

1144 959 1476 1003 profitebatur‚immo
1486 958 1590 1001 plenis
1599 957 1709 992 buccis
1721 963 1870 1003 crepabat
1889 968 2047 1002 unitatem,

1144 1017 1299 1049 unionem,
1329 1009 1581 1050 conjunctionem.
1611 1009 1658 1041 At
1673 1008 2020 1046 secundumaffestum
2032 1036 2046 1052 ‚

1144 1060 1422 1095 inhabitationem
1437 1083 1448 1099 ‚
1476 1069 1586 1102 parem
1607 1057 1794 1099 honorem,
1819 1071 1857 1093 ac
1882 1063 2041 1104 aequalem

1144 1110 1397 1145 authoritatem.
1425 1108 1530 1143 Porro
1553 1108 1777 1143 Orientalium
1803 1108 2043 1152 Episcoporum

1145 1162 1180 1195 δε
1205 1160 1411 1195 Clericorum
1428 1159 1540 1202 plures
1576 1157 1643 1193 hoc
1669 1157 1844 1202 Iudaicum
1873 1169 2041 1193 venenum

1146 1210 1304 1245 fovebant
1321 1210 1467 1244 clausum
1487 1209 1523 1243 in
1546 1211 1696 1253 petitore,
1723 1207 1864 1254 ideoque
1896 1209 2049 1243 laudatas

1145 1260 1253 1294 Sansti
1276 1260 1397 1303 Cyrilli
1419 1271 1518 1295 voces
1546 1261 1677 1303 penitus
1700 1259 1931 1296 aversabantur
1958 1283 1965 1292 .
1996 1259 2043 1293 Et

1145 1309 1233 1344 certe
1253 1309 1335 1354 ipsas
1359 1311 1393 1344 in
1408 1311 1495 1353 pacis
1507 1310 1653 1345 Decreto
1671 1322 1731 1345 nec
1745 1311 1889 1354 Ioannes
1904 1309 2045 1344 patriar-

1146 1360 1208 1395 cha
1227 1360 1393 1395 0btulerat
1411 1383 1421 1399 ‚
1449 1372 1510 1395 nec
1533 1361 1669 1395 sanetus
1694 1361 1841 1403 Cyrillus
1871 1368 2045 1406 exegerat.

1149 1410 1317 1446 Rabbulas
1329 1410 1411 1445 reste
1424 1410 1535 1445 scribit
1549 1410 1644 1445 fuisse
1655 1410 1877 1446 inveteratum
1895 1410 2048 1446 Orientis

1147 1461 1291 1495 malum.
1319 1461 1450 1505 Nempe
1472 1462 1547 1496 istic
1567 1461 1754 1506 plantatum
1782 1462 1802 1495 a
1816 1461 1924 1496 Paulo
1938 1463 2058 1496 Samo-

1150 1512 1261 1546 satensi
1293 1537 1303 1553 ‚
1328 1512 1362 1545 &
1385 1512 1485 1556 usque
1503 1520 1585 1546 tunc
1607 1523 1677 1546 non
1701 1512 1850 1546 evulsum
1875 1510 2050 1545 radicitus.

1153 1559 1259 1596 Addit
1273 1562 1379 1605 ipsum
1393 1562 1516 1606 semper
1528 1562 1642 1597 vixisse
1655 1562 1690 1595 in
1703 1560 1893 1596 Theodoro
1905 1586 1916 1602 ‚
1930 1562 1963 1594 &
1977 1562 2062 1603 spar-

1151 1612 1220 1645 sum
1237 1623 1291 1655 per
1302 1612 1370 1655 ejus
1389 1612 1508 1646 libros.
1536 1611 1649 1645 Etiam
1668 1611 1866 1655 originalem
1888 1622 1926 1643 ac
1940 1609 2059 1642 fundae

1154 1662 1331 1696 mentalem
1342 1663 1447 1696 totius
1461 1660 1653 1695 Nestoriani
1666 1661 1783 1695 erroris
1798 1659 2034 1704 blasphemiam
2049 1683 2060 1702 2

1150 1723 1220 1755 quae
1232 1713 1383 1746 Sanctam
1407 1710 1586 1756 Virginem
1600 1720 1698 1755 negat
1713 1710 1779 1744 Dei
1792 1729 1803 1736 ·
1816 1710 1934 1744 Param
1950 1736 1957 1742 .

1200 1761 1283 1813 (ζμ-τ
1305 1761 1418 1796 omnia
1445 1762 1563 1796 Sansto
1581 1761 1714 1804 Cyrillo
1735 1760 1923 1806 gravissime
1950 1759 2061 1803 displi-

1150 1823 1308 1846 cuerunt.
1336 1812 1477 1845 Hinc&
1492 1810 1670 1845 firmiffime
1682 1812 1756 1846 sunt
1769 1812 1870 1844 infixa
1893 1810 1961 1853 ejus
1992 1820 2061 1842 me-

1153 1861 1282 1895 moriae.
1310 1860 1436 1896 Omnia
1451 1861 1542 1894 enim
1556 1885 1566 1899 ‚
1593 1871 1664 1902 quae
1678 1861 1785 1894 statim
1800 1861 1986 1894 audivimus
2011 1860 2062 1902 ip-

1154 1911 1224 1944 sum
1237 1909 1277 1944 ad
1289 1910 1452 1953 Joannem
1465 1908 1691 1944 patriarcham
1707 1910 1740 1944 &
1752 1911 1834 1944 alios
1852 1909 2001 1953 scripsisse
2018 1909 2058 1942 de

1154 1961 1291 1995 latenter
1303 1960 1390 2004 apud
1404 1961 1580 1993 Orientem
1593 1960 1732 1993 restante
1762 1971 1800 1994 ac
1811 1960 1974 2004 grassante
1989 1959 2062 1993 Ne·

1155 2010 1246 2043 storii
1266 2020 1371 2043 errore
1394 2034 1406 2049 ‚
1434 2009 1564 2043 videtur
1587 2008 1720 2043 hausisse
1743 2020 1785 2042 ex
1808 2009 1868 2042 hac
1895 2008 2057 2043 relatione

1155 2057 1336 2099 Rzzbbulae,
1350 2069 1387 2092 ac
1398 2058 1461 2092 alia
1477 2057 1770 2093 Archi-Mandrirae
1782 2057 1947 2093 Maximi.
1977 2057 2058 2102 Ejus

1155 2118 1302 2143 mentem
1313 2107 1497 2154 gravissime
1508 2107 1690 2143 momordit
1704 2109 1853 2153 pertinax
1879 2108 2058 2155 abnegatio

1155 2159 1434 2194 Sacrosanstarum
1457 2170 1576 2194 vocum
1599 2173 1605 2192 ε
1636 2163 1709 2198 Unio
1732 2158 1896 2202 secundum
1918 2160 2062 2202 Hyposta-

1149 2208 1205 2250 fim
1222 2235 1229 2241 .
1257 2208 1454 2243 penetrabat
1476 2210 1568 2243 enim
1596 2209 1681 2243 istud
1707 2210 1845 2252 peffimae
1870 2210 2055 2252 iniquitatis

1155 2258 1365 2302 mysterium.
1396 2259 1490 2293 Hinc
1514 2258 1671 2302 rescripsit
1686 2259 1845 2293 Rabbulae
1857 2285 1868 2301 ‚
1895 2271 1933 2294 ac
1949 2261 1983 2293 in
1999 2262 2057 2294 suo

1155 2309 1326 2353 Rescripto
1340 2309 1485 2344 laudavit
1497 2309 1566 2352 ejus
1578 2309 1840 2352 incomparabilem
1864 2312 2055 2344 alacritatem

1137 2346 1190 2417 lac
1201 2359 1462 2403 inexpugnabilem
1476 2361 1703 2403 confidentiam.
1732 2360 1777 2394 Et
1802 2360 1954 2404 adjunxit
1971 2375 1981 2394 .·
2010 2363 2056 2394 53-

1138 2418 1140 2424 “
1156 2417 1203 2441 cut
1215 2411 1283 2441 vero
1290 2408 1428 2450 sollicitos
1441 2411 1550 2449 optime
1556 2410 1726 2451 gubernare
1737 2435 1746 2450 ,
1774 2422 1831 2443 non
1844 2417 1875 2443 in
1894 2410 2056 2453 serenitate

1156 2461 1304 2501 navigare
1319 2481 1329 2497 ,
1350 2456 1410 2500 sed
1429 2463 1460 2489 in
1483 2457 1650 2499 tempestate
1676 2460 1753 2500 posse
1779 2471 1892 2492 navem
1907 2459 2033 2502 servare
2046 2484 2058 2499 ,

1138 2507 1361 2559 'probatifflmor
1386 2507 1520 2540 declarat
1540 2521 1555 2550 ;
1591 2506 1632 2548 fic
1654 2515 1746 2542 etiam
1767 2507 1891 2551 sortitos
1920 2508 2055 2549 Ecclefiae

1138 2563 1141 2594 ι
1153 2556 1308 2600 praefidere
1318 2581 1330 2597 ,
1355 2568 1415 2590 non
1426 2560 1591 2590 omnimodo
1602 2570 1702 2591 rerum
1708 2557 1861 2600 serenitas
1885 2561 1979 2592 claros
2006 2561 2060 2593 de-

1138 2603 1141 2644 Ι
1156 2606 1300 2645 monstrat
1310 2631 1321 2647 ‚
1348 2611 1446 2650 mergit
1457 2609 1528 2640 vero
1540 2605 1662 2649 solertia
1677 2614 1709 2640 in
1720 2608 1965 2643 tribulationibus
1978 2635 1988 2650 ‚
2014 2611 2049 2643 &¹

1138 2652 1141 2689 l
1149 2657 1301 2700 fortitudo
1312 2681 1323 2697 ‚
1351 2658 1545 2698 &patientia
1561 2681 1572 2697 ,
1600 2657 1764 2699 &fortiter
1789 2659 1911 2698 resistere
1932 2661 2057 2700 instabi-

1137 2707 1234 2740 ¹libus
1259 2712 1468 2741 Haereticorum
1485 2705 1667 2750 sermonibus
1682 2734 1689 2740 .
1717 2710 1837 2750 semper
1852 2711 1974 2752 quidem
1998 2719 2053 2743 tua

1137 2739 1140 2809 ί
1152 2756 1305 2800 splenduit
1334 2757 1485 2790 santiitas
1500 2781 1510 2796 ,
1532 2760 1684 2800 praecipue'
1707 2767 1806 2792 autem
1833 2761 1916 2792 modo
1930 2785 1940 2800 ‚
1961 2760 2055 2802 fao‘la

1156 2807 1287 2840 omnibus
1297 2808 1501 2841 Orientalibus
1515 2810 1649 2841 columna
1675 2810 1708 2842 (9⁹
1714 2809 1943 2851 firmamentum
1973 2819 2060 2843 vert-

1156 2864 1231 2891 tatIs
1245 2882 1256 2898 ‚
1276 2856 1349 2899 ficut
1375 2859 1581 2901 &quemdam
1600 2859 1774 2901 pestiferum
1795 2859 1926 2892 morbum
1954 2861 2056 2900 expel-

1137 2933 1140 2952 ,
1156 2909 1220 2941 lens
1230 2932 1240 2946 ,
1268 2919 1356 2942 novae
1367 2909 1402 2942 (9
1417 2909 1627 2943 abominanda·
1641 2908 1796 2952 Haereseos
1819 2908 1952 2949 Nestorii
1975 2908 2054 2952 blas-

1137 2955 1140 3000 }
1151 2957 1323 3000 phemiam.
1355 2963 1441 2992 Nam
1458 2961 1591 3002 procedit
1613 2960 1734 3001 quidem
1755 2970 1793 2993 ex
1817 2960 1914 2993 altera
1932 2961 2055 3001 radice,

1137 3008 1237 3074 'illius
1258 3009 1320 3042 dico
1340 3015 1391 3051 qui
1412 3012 1450 3045 de
1464 3011 1569 3043 Cilicia
1588 3018 1655 3042 erat
1670 3034 1681 3050 ,
1706 3008 1761 3048 ista
1782 3014 1921 3052 impietas
1933 3035 1940 3041 .
1967 3009 2057 3043 Arbi-

1161 3066 1262 3093 tratus
1275 3059 1347 3093 vero
1357 3058 1395 3100 est
1406 3082 1416 3098 ,
1441 3061 1523 3103 quod
1531 3058 1641 3093 tenebit
1653 3059 1762 3092 Orbem
1773 3068 1921 3094 terrarum
1927 3067 2055 3102 propter

1153 3114 1319 3151 potentiam
1341 3109 1432 3153 nescio
1443 3111 1582 3152 quomodo
1626 3110 1672 3142 illi
1683 3110 1810 3143 datam.
1837 3113 1954 3152 Rapuit
1976 3115 2058 3145 enim

1157 3161 1177 3192 5
1179 3161 1261 3193 edem
1266 3159 1454 3202 fhrtifflmam
1468 3185 1479 3202 ‚
1506 3162 1540 3194 (9⁶
1550 3158 1654 3200 salius
1667 3158 1706 3199 est
1723 3159 1808 3193 cibus
1826 3159 1958 3195 Draconi
1978 3161 2056 3195 mul-

1161 3218 1197 3243 ta
1207 3215 1307 3252 capita
1316 3209 1440 3244 habenti
1450 3235 1457 3242 .
1484 3212 1630 3252 speravit
1641 3212 1714 3244 vert)
1725 3216 1818 3244 etiam
1842 3209 1904 3254 ips}
1922 3210 2054 3244 sancia:

1162 3263 1220 3293 Dei
1232 3258 1372 3301 Ecclefias
1383 3262 1530 3294 devorare
1540 3283 1551 3300 ,
1579 3261 1614 3294 cb·
1625 3270 1723 3294 omnes
1736 3260 1973 3304 apprehendere.
2005 3264 2054 3294 Et

1165 3309 1221 3352 nifi
1228 3321 1282 3344 nos
1291 3309 1434 3354 salvaffit
1452 3314 1532 3343 Deus
1546 3315 1728 3352 omnipotens
1739 3335 1751 3352 ‚
1772 3313 1977 3354 praevaluiffet
1996 3314 2053 3342 uti-

1160 3371 1215 3402 que
1225 3382 1236 3399 ,
1260 3371 1409 3403 quantum
1422 3361 1637 3402 adpetentiam
1647 3371 1804 3395 conatuum
1816 3363 1882 3403 ejus
1894 3365 2026 3403 pertinet
2038 3381 2050 3397 ‚

218 3406 296 3450 qnid
319 3407 379 3446 fit,
405 3407 534 3450 praefata
555 3406 602 3440 sui
626 3406 714 3441 Cleri
734 3407 932 3451 rebellione,
962 3410 995 3444 &
1011 3409 1094 3444 natis
1155 3408 1367 3454 sceleratasque
1380 3410 1566 3452 concurfiones
1578 3411 1694 3445 illorum
1710 3434 1721 3451 ‚
1743 3420 1798 3454 qut
1808 3422 1875 3446 eum
1884 3414 2045 3443 continent.

319 3455 424 3498 Christ.
436 3460 516 3500 Lupi
526 3461 623 3501 Opera
634 3460 734 3491 TVH.

1596 3461 1638 3495 M
1689 3474 1712 3498 2
1912 3456 2001 3493 Rab-
