2320 3730
80 1567 147 1606 Sap.
168 1570 200 1599 6.
216 1561 379 1597 ultiones.
406 1562 521 1605 Inquit
542 1563 633 1597 enim
647 1563 812 1605 Scriptura
825 1564 970 1597 Divina:
997 1568 1093 1598 Poten

81 1679 200 1718 HebM.
216 1660 346 1702 datum,
371 1662 499 1696 multum
522 1661 562 1694 ab
576 1671 608 1695 eo
630 1663 664 1696 (ν
680 1666 816 1704 exigent.
844 1665 889 1697 Et
901 1668 1001 1697 omnia
1023 1664 1104 1699 nuda

42 1809 70 1828 ²·
84 1798 155 1827 cor·
173 1805 199 1834 5·
215 1813 322 1852 qualia
332 1816 392 1855 egit
404 1836 411 1843 .
438 1813 495 1844 Seu
517 1810 624 1845 bonum
635 1835 646 1851 ‚
664 1811 729 1852 sive
753 1813 866 1845 malum
881 1838 888 1846 .
917 1813 960 1847 Et
984 1814 1104 1849 Beatus

41 1874 197 1910 Psalmffl·
214 1860 331 1895 David
344 1862 465 1895 clamat
487 1860 528 1895 ad
542 1861 654 1897 Deum
670 1875 682 1896 .·
708 1863 793 1905 ,Quia
814 1872 847 1897 tu
858 1864 968 1898 reddes
977 1862 1102 1909 fingults

78 2382 200 2425 Jobaz.

621 181 934 237 Senotlis,
969 190 1031 221 ετ
1064 173 1258 223 Norts
1294 187 1688 223 ILLUSTRATAE.

417 334 626 383 CAPUT
665 338 922 385 CXXXIII.
958 351 1094 384 --221

221 471 410 541 Epistola,
452 475 598 541 inquit
621 512 634 535 ,
670 474 894 524 Theodorei
926 472 1104 543 Epifiopl'

292 544 345 591 ad
358 544 782 611 Magnficemifiimum
793 544 1034 612 Magistrum

395 614 579 663 Militum
603 613 757 686 scripta
781 615 823 663 de
844 613 927 666 his.

324 766 577 808 Uanticumque
608 766 742 801 Divinae
760 764 942 811 agnitionis
972 765 1103 801 lumine

345 817 437 861 digni
448 817 522 851 fasti
540 818 671 856 sumus,
698 816 833 850 &illius
853 816 937 850 radii
961 815 1102 851 nitorem

356 867 568 910 suscepimus,
594 866 755 901 credimus
778 868 886 901 &effe
908 867 1044 905 Deum,
1069 864 1103 898 &

220 914 363 950 humana
376 915 543 952 intendere
553 941 563 957 ‚
580 916 614 951 &
628 917 786 960 sapienter
796 926 932 953 omnem
942 914 1089 961 guberna

221 975 256 998 re
276 977 455 1001 creaturam
476 980 487 1002 ,·
514 965 648 1014 Qippe
670 977 769 1010 quam
785 965 964 1011 produxit,
991 964 1027 998 ὅτ.
1050 964 1103 999 cui

218 1016 284 1048 esse
301 1015 458 1051 donavit.
486 1015 631 1050 Cernens
653 1014 755 1058 igitur
776 1023 875 1058 atque
896 1013 1103 1057 conspiciens

217 1074 311 1102 eam,
336 1064 450 1107 utique
470 1063 568 1098 bonis
589 1064 711 1107 gaudet
738 1064 891 1107 operibus
909 1089 920 1104 ‚
948 1064 1089 1108 iniquita

218 1122 287 1145 tem
310 1111 387 1147 vero
405 1135 417 1151 ‚
441 1112 476 1147 δε
497 1111 562 1147 alia
586 1113 802 1158 malignitatis
835 1114 942 1149 studia
962 1115 1100 1158 respuit.

217 1161 311 1197 Dum
322 1161 400 1197 vero
409 1161 618 1197 abominetur
628 1163 687 1196 ista
700 1187 712 1203 ‚
737 1163 772 1197 δε
784 1163 840 1198 illa
851 1163 984 1208 recipiat
997 1187 1008 1204 ,
1032 1176 1089 1199 om

217 1212 302 1245 nino
314 1211 533 1258 utiquejustas
546 1211 779 1248 retributiones
800 1214 937 1249 metitur
946 1215 1102 1256 operariis

217 1259 355 1297 horum:
387 1262 431 1296 Et
455 1272 562 1305 neque
575 1261 794 1307 dignitatem,
820 1274 927 1307 neque
944 1263 1079 1298 divitias
1093 1289 1103 1305 ‚

215 1321 326 1355 neque
336 1311 549 1347 Potentatum
562 1336 572 1352 ,
598 1324 704 1356 neque
726 1313 852 1357 aliquid
865 1312 984 1348 horum
997 1338 1008 1355 ,
1033 1326 1104 1356 quae

215 1358 254 1395 in
275 1361 337 1396 hac
351 1362 417 1396 vita
433 1363 581 1406 praeclara
593 1363 688 1405 sunt,
713 1363 837 1408 judicat
858 1365 1101 1409 computanda,

217 1410 273 1445 sed
297 1413 417 1446 mentis
437 1413 580 1453 fruitus,
608 1413 894 1457 &cogitationum
914 1425 1044 1459 partus,
1068 1415 1103 1450 ὅ(

215 1472 327 1497 rerum
344 1461 480 1496 discutit
489 1463 631 1497 aetiones
642 1487 650 1496 .
679 1464 748 1498 Eos
760 1474 868 1500 autem
880 1489 891 1505 ‚
908 1463 1025 1510 quibus
1039 1476 1092 1500 ma

215 1509 303 1554 jores
328 1511 583 1557 dispensationes
607 1514 775 1548 commisit
794 1538 806 1554 ‚
832 1515 971 1558 majores
996 1515 1103 1560 exigit

215 1618 264 1643 tes
270 1618 410 1652 potenter
429 1619 578 1645 tormenta
592 1616 752 1654 patientur
764 1637 771 1644 .
799 1615 845 1646 Et
864 1617 910 1646 cui
928 1614 1056 1647 multum
1066 1614 1104 1654 est

215 1710 373 1753 &aperta
389 1709 463 1754 sunt
477 1722 574 1746 coram
592 1722 624 1744 eo
635 1736 642 1744 .
669 1715 716 1745 Et
726 1723 826 1745 omnes
843 1712 1026 1752 adstabimus
1038 1717 1103 1748 Trl-

218 1759 323 1795 bunalt
343 1759 453 1802 Christ't
465 1785 475 1801 ,
501 1770 537 1796 ut
557 1765 683 1803 recipiat
703 1760 901 1805 unusquisque
923 1771 977 1805 per
1000 1772 1102 1806 corpus

211 1908 381 1956 secundam
391 1919 480 1953 opera
489 1922 587 1946 eorum
598 1935 605 1944 .

268 1961 359 2008 Qia
380 1972 461 2007 ergo
482 1961 567 1996 hanc
579 1960 699 2003 habes,
726 1963 863 2008 Optime
884 1988 896 2005 ,
922 1965 1045 2005 fidem,
1070 1966 1103 1999 &

219 2011 257 2045 in
268 2010 415 2046 terminis
438 2023 476 2046 ac
497 2011 624 2057 legibus
636 2014 807 2057 Scripturae
826 2015 1092 2058 Divinitusinspi

218 2071 297 2095 ratae
319 2071 508 2105 permanere
530 2062 689 2096 desideras
710 2085 722 2101 ‚
747 2065 783 2098 δε
805 2074 961 2108 magnam
989 2064 1102 2103 illam,

218 2111 396 2146 terribilem
416 2134 427 2150 ‚
455 2110 760 2157 desiderabilemque
789 2112 967 2147 Salvatoris
998 2113 1101 2147 nostri

216 2161 420 2204 praesentiam
433 2160 570 2195 sustines
581 2184 591 2201 ,
601 2160 635 2194 in
647 2173 710 2204 qua
723 2162 953 2198 retributiones
967 2164 1102 2207 quisque

218 2210 402 2245 secundum
422 2211 525 2243 vitam
544 2211 633 2244 suam
657 2212 1006 2255 conversationemque
1026 2212 1103 2246 reci-

218 2261 311 2303 piet,·
337 2258 430 2299 noli,
455 2270 537 2298 oro,
563 2258 791 2301 deceptoribus
811 2260 939 2293 credere
952 2284 962 2300 ,
989 2271 1048 2294 nec
1060 2260 1101 2293 fa-

217 2311 319 2344 cilem
341 2307 479 2354 praebeas
512 2319 621 2343 aurem
643 2309 848 2343 tentantibus
869 2309 981 2344 fallere
1001 2333 1009 2341 .
1036 2310 1101 2343 Sed

213 2359 394 2396 fortiffimo
404 2359 465 2404 Job
477 2357 592 2399 crede,
618 2356 740 2392 dicenti
757 2373 768 2393 .-
794 2362 880 2403 ,Quia
897 2365 981 2393 auris
1008 2359 1102 2393 verba

214 2410 367 2451 dijudicat
379 2432 390 2448 ,
411 2408 513 2452 gustus
523 2416 624 2442 autem
640 2408 715 2441 cibos
727 2410 858 2453 degustat
874 2434 885 2449 ‚
910 2411 1042 2442 tumulto
1053 2421 1102 2443 ve-

217 2461 253 2492 rb
274 2466 402 2500 tempore
416 2457 569 2501 sapientia
589 2462 743 2491 invenitur
767 2482 778 2497 ,
802 2459 837 2492 Θ·
858 2464 891 2491 tn
919 2459 1008 2502 longa
1031 2465 1101 2493 vita·

219 2507 399 2552 disciplina.
428 2507 472 2541 Et
483 2507 524 2541 ab
536 2507 602 2546 eis,
629 2508 685 2551 qui
711 2519 772 2542 nos
792 2508 987 2543 calumniari
1009 2509 1100 2544 &ac-

215 2560 543 2601 cusarepertentant,
568 2557 664 2602 exige
687 2556 868 2592 ultionem.
897 2559 931 2592 Si
955 2570 1100 2603 unquam

216 2609 255 2643 in
275 2608 352 2641 vico
386 2606 613 2641 Ecclefiastico
651 2607 824 2651 agrestium
849 2608 1098 2645 multitudinem

216 2656 681 2703 congregantesarmavimus;
708 2657 933 2701 siOperariis,
961 2657 1099 2694 Curato-

214 2707 345 2743 ribusve
357 2706 564 2749 praecepimus
574 2706 694 2740 reditus
706 2717 775 2740 non
796 2707 939 2751 praestare
950 2708 1100 2753 Praepofi-

218 2757 283 2791 tis:
310 2756 332 2789 fi
344 2755 470 2798 aliquid
483 2765 598 2789 eorum
608 2779 620 2796 ,
647 2767 717 2798 quae
725 2754 765 2791 ad
777 2768 834 2791 eos
846 2757 1007 2801 pertinent
1017 2781 1028 2798 ,
1054 2771 1100 2794 re·

216 2805 397 2841 tinuimus.
425 2805 518 2839 Dum
529 2804 616 2840 certe
629 2805 732 2840 multa
750 2807 853 2842 millia
866 2807 1098 2854 injustitiarum

221 2855 322 2894 nobis
330 2855 372 2890 ab
382 2854 429 2890 eis
442 2856 583 2900 irrogata
594 2856 749 2891 ferremus
758 2882 766 2889 .

267 2905 436 2941 Grandem
458 2905 615 2949 siquidem
637 2915 753 2941 contra
773 2918 833 2943 nos
852 2909 1098 2945 multitudinem

215 2965 457 3003 congregantes
467 2980 478 2995 ,
489 2955 663 2991 incendere
671 2956 877 2994 minabantur
886 2959 1078 2995 Sanctorum
1088 2985 1098 3002 ,

214 3006 449 3050 bonorumque
459 3006 635 3041 Vistorum
648 3030 660 3047 ,
686 3007 719 3040 δε
730 3006 938 3045 Athletarum
952 3009 1075 3045 Christi
1090 3033 1100 3049 ,

215 3055 350 3090 Cosmae
368 3056 401 3090 δε
420 3056 580 3091 Damiani
600 3055 789 3092 Basilicam:
817 3059 860 3095 Et
881 3059 970 3105 quod
998 3060 1102 3095 mina·

214 3105 363 3147 bantur,
385 3106 492 3141 forsan
515 3117 614 3150 opere
635 3110 883 3151 perpetrassent,
910 3111 969 3145 nisi
992 3122 1100 3145 occur-

215 3157 291 3191 sum
304 3154 451 3190 nostrum
469 3157 604 3190 reverita
623 3157 804 3193 multitudo
825 3160 970 3205 fugisset.
998 3161 1099 3204 Expe-

213 3214 264 3241 tat
275 3204 316 3240 ab
325 3206 542 3240 eisultionem
562 3205 814 3251 Magnificentia
828 3219 884 3245 tua
906 3223 965 3256 pro
987 3210 1103 3255 impie-

213 3264 284 3290 tate
295 3256 464 3291 commissa
477 3256 513 3290 in
533 3256 770 3293 Sanctiffimum
783 3259 957 3296 Abbibum
970 3262 1102 3305 Episco-

214 3316 297 3349 pum
316 3329 327 3345 ‚
351 3318 450 3351 quem
466 3306 565 3341 nobis
586 3307 753 3351 ejecerunt
780 3309 985 3346 semi-vivum
1005 3337 1016 3354 ,
1041 3323 1100 3346 nec

211 3355 289 3397 uitae
298 3357 400 3393 finem
413 3358 447 3393 in
460 3356 578 3394 lectulo
590 3369 666 3393 eum
683 3359 845 3406 suscipere
856 3362 1081 3408 permittentes
1091 3386 1103 3404 ,

1883 196 1977 240 295

1163 261 1218 303 qui
1234 271 1293 294 nec
1308 258 1433 296 libellos
1447 260 1653 294 refutatorios
1665 263 1771 304 dedit,
1798 277 1904 312 neque
1923 265 2046 302 delirus

1163 310 1207 344 est
1228 310 1348 351 fastus,
1373 310 1408 344 ὅ(
1434 311 1576 352 perdidit
1599 309 1824 356 intellectum,
1850 319 1932 352 ficut
1952 327 2046 351 men-

1163 361 1345 401 tiuntur,.se
1361 360 1512 398 excusare
1524 370 1710 397 tentantes..
1738 362 1780 395 Et
1792 369 1964 409 cognoscet
1976 366 2044 401 hoc

1162 411 1414 456 Magnificentia
1435 420 1490 447 tua
1510 422 1551 444 ex
1573 411 1688 448 litteris
1701 436 1712 452 ,
1739 423 1807 455 quae
1819 416 1859 446 ad
1874 426 1932 448 nos
1951 416 1990 449 ab
2002 428 2043 451 eo

1163 462 1236 495 sunt
1249 461 1393 506 scriptae‚
1418 461 1510 505 cujus
1521 461 1630 497 vestrae
1642 461 1871 506 Magnitudini
1896 464 1981 507 paria
1991 465 2045 499 de-

1163 511 1298 552 stinavi,
1324 522 1361 546 ut
1373 523 1413 546 ex
1435 512 1482 549 eis
1502 512 1688 557 agnoscatis
1700 512 1876 556 impietatis
1889 536 1901 553 ‚
1925 525 1995 556 quae
2008 514 2043 548 in

1163 561 1221 595 illo
1245 563 1434 605 praesumpta
1464 562 1510 597 est
1535 586 1546 602 ‚
1585 562 1851 607 magnitudinem
1876 586 1883 593 -
1919 564 2046 598 Nonne

1164 622 1313 654 perquam
1335 611 1461 655 optime
1483 613 1752 647 acommunione
1764 623 1877 647 eorum
1892 613 2046 655 nosipsos

1164 660 1380 697 abscidimus?
1407 662 1468 697 Sed
1479 662 1556 707 justi
1567 662 1683 710 judicis
1694 661 1854 708 judicium
1868 662 2050 698 formidan-

1163 720 1210 744 tes
1222 735 1229 742 .

1211 760 1338 796 Scimus
1365 773 1507 805 namque
1537 762 1696 798 subtiliter
1721 762 1893 799 Athanasii
1924 763 2061 802 vitam..

1165 810 1392 853 Deprehensus
1413 812 1457 845 est
1479 813 1570 846 enim
1592 813 1720 857 &apud
1744 825 1805 849 nos
1817 814 1851 847 in
1862 814 2051 853 Xeneona,

1164 861 1295 902 turpiter
1317 861 1429 896 vivens
1447 886 1455 894 .
1484 863 1529 896 Et
1550 861 1664 897 vivunt
1689 863 1799 899 adhuc
1822 875 1863 898 ex
1885 866 1932 899 eis
1956 887 1967 903 ‚
1993 866 2053 907 qui

1162 921 1237 943 eum
1260 911 1452 945 detexerunt
1474 932 1485 948 ,
1509 911 1633 952 multi,
1659 913 1692 947 &
1713 915 1903 950 testimonio
1930 914 2028 959 digni
2043 938 2051 948 .

1163 960 1225 994 Sed
1244 961 1323 994 &in
1336 960 1444 1004 Regia
1465 960 1543 997 urbe
1565 962 1687 996 multos
1701 962 1821 1005 habet,
1846 965 1903 1008 qui
1917 965 2054 1007 conspe·

1164 1020 1279 1044 xerunt
1293 1009 1558 1053 ejusillecebras,
1586 1011 1809 1046 Praefestianos
1823 1037 1834 1052 ,
1860 1014 2053 1058 Magistria-

1163 1070 1222 1094 nos
1236 1083 1248 1099 ,
1273 1060 1307 1094 δε
1318 1059 1478 1096 Publicos
1490 1059 1630 1094 civitatis
1643 1085 1653 1101 ‚
1679 1072 1820 1104 quorum
1842 1062 2028 1098 testimonia
2041 1085 2053 1101 ‚

1164 1110 1198 1143 in
1219 1109 1346 1152 Scripto
1370 1109 1465 1143 nobis
1487 1108 1705 1145 Chalcedone
1726 1110 1836 1144 oblata
1855 1133 1866 1149 ‚
1892 1123 1951 1144 nos
1975 1113 2055 1156 legi-

1164 1171 1255 1200 mus,
1285 1159 1387 1202 &qui
1407 1170 1483 1194 eum
1507 1159 1852 1195 consecravitillieite.
1882 1161 1936 1195 De
1955 1160 2055 1195 Mari·

1168 1209 1269 1244 niano
1289 1209 1379 1243 enim
1399 1208 1508 1244 dicere
1531 1209 1731 1253 superfluum
1752 1220 1852 1253 puto,
1878 1211 2058 1252 quiomni-

1164 1260 1223 1294 bus
1247 1259 1313 1293 fere
1326 1258 1518 1296 Antiochiae
1537 1258 1776 1296 habitatoribus
1788 1271 1888 1307 parvo
1902 1269 2052 1304 tempore

1164 1311 1264 1344 faetus
1273 1309 1318 1343 est
1331 1319 1431 1343 notus
1445 1334 1452 1345 ,
1480 1309 1584 1344 Multi
1606 1311 1680 1344 sunt
1692 1309 1848 1347 Canones
1862 1336 1873 1352 ,
1902 1312 1963 1356 qui
1975 1323 2055 1354 prae-

1164 1360 1290 1404 cipiunt
1299 1371 1367 1394 non
1380 1359 1496 1396 debere
1507 1359 1708 1405 Episcopum
1720 1362 1902 1397 consecrari
1916 1386 1926 1402 ,
1947 1373 2056 1405 neque

1165 1410 1284 1455 absque
1299 1409 1566 1456 Metropplitano
1587 1411 1663 1450 suo,
1688 1422 1795 1455 neque
1817 1411 1885 1447 sine
1905 1413 2053 1447 Decreto

1165 1462 1228 1495 suae
1246 1460 1391 1505 regionis
1413 1460 1651 1505 Episcoporum
1673 1486 1685 1503 ,
1711 1462 1764 1498 sed
1787 1472 1824 1497 ut
1849 1472 1906 1497 aut
1928 1463 2056 1497 cunetis

1165 1510 1371 1554 praesentibus
1381 1510 1558 1545 Ordinatio
1581 1510 1779 1552 celebretur,
1809 1522 1865 1546 aut
1889 1512 1956 1546 illis
1977 1511 2056 1546 solis

1164 1560 1349 1595 absentibus
1370 1585 1380 1601 ,
1408 1561 1466 1604 qui
1490 1561 1539 1595 vel
1560 1571 1690 1606 propter
1715 1563 1943 1596 infirmitatem
1965 1586 1977 1601 ,
2003 1562 2056 1596 vel

1165 1621 1291 1654 propter
1311 1611 1390 1645 alias
1408 1611 1597 1646 necessarias
1620 1612 1854 1654 occupationes
1866 1609 2055 1651 abfuerint,

1163 1662 1198 1694 &
1215 1672 1270 1704 per
1282 1661 1406 1704 Scripta
1429 1661 1663 1697 consentiunt,-
1692 1660 1748 1695 Ut
1760 1659 1886 1694 Christi
1904 1660 2053 1705 Gregum

1164 1710 1311 1745 Pastores
1321 1721 1396 1745 cum
1408 1710 1587 1746 concordia
1599 1711 1829 1745 consecrentur
1851 1721 1889 1745 ac
1902 1721 1980 1755 pace
1989 1737 1996 1744 .

1214 1762 1247 1796 Si
1259 1762 1332 1806 quis
1360 1760 1439 1796 vero
1451 1760 1502 1796 his
1522 1761 1647 1796 omiffis
1660 1761 1759 1796 suerit
1770 1761 1939 1796 ordinatus
1951 1786 1962 1802 ‚
1989 1760 2058 1795 hu-

1163 1810 1304 1854 jusmodi
1326 1811 1583 1846 Ordinationem
1605 1810 1790 1851 infirmam,
1815 1810 2057 1855 reprobamque

1164 1862 1226 1895 effe
1237 1861 1404 1895 dixerunt.
1437 1861 1564 1895 Contra
1573 1860 1698 1905 Legem
1711 1860 1786 1896 vero
1799 1871 1934 1905 agentes
1946 1884 1958 1901 ‚
1974 1861 2057 1896 &in

1164 1911 1269 1947 aliena
1287 1910 1465 1945 Provincia
1486 1909 1676 1945 ordinantes
1697 1934 1708 1950 ,
1733 1912 1766 1945 δε
1788 1911 1873 1956 ipsos
1898 1912 2053 1946 Canones

1163 1960 1283 2005 deponi
1297 1961 1505 2004 praecipiunt.
1535 1961 1597 1995 Hae
1610 1971 1670 1995 nos
1681 1961 1807 2005 Leges,
1822 1961 1941 1995 abillis
1953 1962 2053 1994 trans-

1163 2013 1270 2054 gresi'ae
1283 2035 1294 2050 ,
1321 2011 1362 2044 ab
1383 2007 1581 2053 *iniquitatis
1601 2007 1794 2045 Authorum
1814 2010 2054 2044 communione

1162 2060 1308 2093 recedere
1327 2060 1577 2101 compulerunt.
1608 2059 1692 2093 Non
1715 2060 1806 2093 enim
1834 2058 2000 2093 discordiae
2024 2060 2058 2093 &

1164 2110 1238 2143 rixae
1259 2109 1471 2147 servivaus,
1497 2109 1579 2143 sicut
1600 2118 1657 2143 tua
1680 2110 1841 2152 suspicata
1865 2109 1910 2143 est
1924 2110 2061 2155 Magni-

1163 2160 1246 2194 tudo
1267 2184 1277 2199 ,
1305 2170 1365 2193 nec
1389 2158 1689 2202 perturbationibus
1712 2159 1912 2194 delestamur
1936 2161 1970 2194 δε
1994 2170 2062 2195 tur-

1163 2209 1213 2242 bis
1225 2233 1237 2248 ,
1263 2208 1315 2240 sed
1327 2208 1444 2240 omnia
1456 2207 1610 2251 eligimus
1631 2209 1696 2248 pati
1710 2230 1721 2245 ,
1747 2219 1846 2249 quam
1859 2209 1976 2242 calcari
1997 2210 2061 2243 Ec-

1163 2255 1347 2290 clefiasticas
1362 2254 1542 2289 sanfiiones
1554 2280 1562 2287 .
1590 2253 1721 2289 Idcirco
1734 2255 1829 2291 illum
1840 2257 1942 2291 alium
1957 2257 2061 2292 Absa-

1163 2307 1224 2340 lon
1259 2314 1374 2340 contra
1416 2304 1545 2340 Patrem
1583 2305 1786 2340 reunivimus
1812 2307 2032 2343 oblatrantem
2045 2331 2055 2347 ‚

1165 2366 1262 2399 atque
1275 2354 1316 2389 ab
1328 2366 1369 2389 eo
1379 2355 1566 2398 accepimus
1589 2355 1807 2400 juramentum
1819 2382 1830 2398 ,
1856 2358 1946 2399 quod
1960 2359 2059 2392 Doli-

1165 2405 1348 2441 chiensium
1368 2416 1438 2439 non
1462 2404 1632 2440 invaderet
1658 2406 1850 2448 civitatem,
1872 2407 2056 2442 adhucillo

1167 2454 1353 2500 superstite,
1380 2455 1438 2498 qui
1461 2466 1539 2491 eum
1561 2454 1815 2500 Presbyterum,
1841 2457 2057 2501 Dispensato-

1168 2517 1300 2550 remque
1322 2504 1512 2546 constituit,
1540 2505 1767 2552 commisitque
1788 2508 1819 2541 ei
1839 2508 1941 2542 sacras
1962 2519 2056 2553 pecu-

1167 2557 1237 2592 nias
1250 2580 1261 2595 ,
1287 2555 1321 2589 δε
1334 2554 1499 2589 continuo
1512 2554 1694 2591 dimisimus
1705 2568 1781 2592 eum
1795 2583 1802 2589 .

1214 2605 1282 2652 Qj
1296 2604 1404 2648 jurans
1433 2603 1545 2639 decem
1558 2605 1705 2641 millibus
1719 2608 1954 2649 Sacramentis,
1983 2620 2054 2644 non

1165 2667 1220 2700 per
1231 2656 1355 2698 Scripta
1382 2654 1494 2693 solum
1514 2653 1567 2689 sed
1590 2655 1692 2690 etiam
1712 2657 1780 2691 sine
1792 2658 1927 2701 Scriptis
1940 2658 1998 2693 sub
2010 2670 2059 2694 te-

1165 2707 1263 2741 stium
1289 2704 1454 2751 praesentia
1477 2704 1717 2749 plurimorum,
1743 2708 2053 2751 moxqueimpieta-

1165 2767 1232 2792 tem
1255 2765 1384 2790 tantam
1404 2755 1604 2798 despiciens,
1629 2756 1662 2790 δε
1682 2768 1743 2791 nec
1763 2757 1870 2793 Patris
1889 2760 2051 2794 senectam

1166 2808 1332 2842 miseratus
1345 2829 1357 2846 ,
1371 2816 1430 2840 nec
1443 2806 1718 2841 communionem
1731 2810 1846 2841 mensae
1857 2808 2053 2849 formidans,

1166 2869 1225 2892 nec
1249 2864 1396 2890 naturam
1417 2856 1571 2890 reveritus
1584 2882 1594 2898 ,
1621 2867 1776 2900 tanquam
1788 2857 1967 2898 Tyrannus
1979 2858 2050 2892 Do·

1166 2906 1303 2941 lichium
1327 2904 1575 2949 comprehendit
1597 2931 1604 2938 .
1633 2906 1769 2948 Propter
1790 2905 1855 2941 haec
1877 2906 2048 2942 adversum

1167 2968 1228 2991 nos
1241 2967 1350 3002 pugna
1373 2956 1530 2997 surrexit,
1555 2957 1589 2989 &
1603 2967 1662 2989 nos
1685 2956 1774 2990 illam
1790 2967 1949 3000 equorum
1972 2957 2049 3001 pha-

1166 3008 1297 3052 langem
1319 3017 1395 3041 curn
1416 3007 1581 3049 voluptate
1602 3006 1818 3049 suscepimus,
1845 3006 2049 3050 &vitupera-

1166 3058 1293 3092 tionem
1305 3079 1316 3097 ‚
1340 3068 1411 3100 quae
1423 3056 1518 3090 variis
1530 3056 1698 3101 Praeceptis
1711 3056 1755 3090 est
1769 3056 1868 3100 posita
1882 3081 1889 3089 .
1916 3057 2049 3092 Memo-

1168 3118 1215 3142 res
1225 3107 1368 3142 Domini
1391 3106 1542 3150 Legum,
1568 3105 1743 3147 quidixit:
1769 3108 1863 3141 Beati
1873 3106 1959 3148 effis,
1984 3119 2048 3141 cum

1166 3157 1411 3200 exprobraverint
1421 3167 1476 3190 vor
1490 3179 1501 3196 ,
1526 3157 1561 3190 &
1569 3154 1716 3198 persecuti
1725 3167 1779 3191 vos
1785 3156 1906 3200 fuerint
1919 3183 1930 3199 ,
1957 3159 1991 3192 ό·
2003 3160 2050 3191 dt·-
2066 3154 2168 3185 Matth.

1167 3213 1268 3243 xerint
1280 3218 1363 3243 omne
1375 3206 1496 3240 verbum
1515 3207 1628 3239 malum
1646 3215 1750 3242 contra
1762 3218 1816 3241 vos
1833 3232 1844 3248 ,
1868 3214 2047 3243 mentientes

1162 3266 1284 3301 propter
1300 3269 1364 3292 me.
1392 3257 1527 3289 Gaudete
1550 3257 1729 3292 &exultate
1743 3282 1753 3298 ,
1779 3264 1919 3302 quomam
1939 3270 2047 3293 merces

1167 3308 1264 3349 vestra
1273 3310 1368 3343 multa
1377 3306 1414 3346 est
1424 3311 1456 3339 in
1469 3307 1548 3340 coelo
1557 3331 1564 3338 .
1593 3308 1637 3341 Et
1649 3307 1768 3343 iterum
1782 3320 1789 3340 ε
1803 3311 1834 3342 5}
1847 3309 1981 3342 Mundus
1994 3320 2047 3343 vos

1167 3359 1234 3393 odit
1244 3381 1257 3401 ‚
1277 3357 1380 3406 scitote
1392 3362 1462 3400 quia
1483 3358 1571 3391 &me
1578 3363 1709 3400 priorem
1731 3358 1817 3395 vobis
1840 3361 1905 3394 odio
1925 3358 2044 3391 babuit.
2063 3346 2144 3385 102⁰·
2158 3358 2199 3387 15·

1919 3408 1950 3443 51
1961 3407 1999 3443 de
