2320 3730
343 184 410 230 70

276 266 353 290 eam
364 253 538 289 anathema
558 259 739 287 recantare.
767 249 999 286 Nihilominus
1010 251 1081 294 post
1094 251 1157 283 ini-

278 316 346 339 tam
369 317 387 338 a
408 304 495 338 dieto
513 303 639 347 Joanne
660 313 735 337 cum
758 304 877 337 Saneto
890 301 1021 344 Cyrillo
1042 310 1154 343 pacem

275 354 426 397 oportuit
451 364 567 388 vocem
588 353 733 397 profiteri
757 378 764 385 .
794 351 874 394 Ejus
900 351 1058 385 recusatio
1086 358 1155 382 erat

274 405 374 447 plana
398 416 436 438 ac
464 403 561 447 plena
595 403 748 448 professio
788 402 990 436 Nestorianae
1010 396 1153 441 blasphe-

274 454 350 488 miae
375 478 381 485 .
420 454 515 488 Hinc
538 454 623 489 inter
644 453 831 490 orientales
852 452 1060 494 Episc0p0s‚
1087 448 1154 483 Ne-

273 503 422 538 storianae
447 504 600 538 destrinae
625 514 681 538 aut
704 502 817 537 saltem
838 501 978 545 personae
1004 499 1149 540 amicos,

272 563 364 592 erant
384 563 447 588 tres
469 554 655 589 sententiae.
681 552 791 586 Prima
813 561 924 585 vocem
937 548 1152 589 admittebat,

270 615 310 638 ea
332 614 441 639 tamen
464 605 536 649 lege
561 628 572 644 ‚
598 612 635 637 ut
662 604 781 646 semper
803 601 1033 643 adjungeretur
1060 611 1150 640 vox,

270 659 404 691 Homini·
404 663 515 697 para.-
541 654 637 688 lllam
647 652 786 687 solitarie
795 650 931 692 positam
946 648 1150 692 pertinaciter

268 703 472 739 refutabant.
500 703 546 738 Et
556 703 652 747 hujus
663 700 827 736 sententiae
849 698 1076 734 saith-,cnaeus
1104 700 1147 735 Et

268 754 327 798 ipfi
340 755 434 789 fuiffe
452 754 557 798 plures
579 749 799 795 symmystam,
828 749 914 783 infra
934 749 1146 785 docebimus.

267 803 341 838 Alii
363 815 479 838 vocem
503 815 565 838 nec
577 797 813 840 admittebant,
840 810 902 833 nec
917 799 1124 845 abnegabant
1136 825 1146 842 ‚

266 852 320 887 sed
341 855 390 890 uti
416 855 586 896 suspectam
608 848 848 894 supprimebant
872 862 878 881 :
906 850 1073 885 Dicebant
1094 852 1148 885 Sa·

265 915 354 938 cram
375 903 548 945 Virginem
570 900 633 934 esIe
651 898 700 933 sui
722 899 801 933 Filii
824 899 967 934 Matrem
987 902 1020 935 ὅς
1033 900 1145 935 Ancrl·

263 998 405 1036 solitarie
426 1001 611 1043 sumptam,
638 1001 684 1033 ita
694 1008 804 1034 tamen
830 1011 865 1034 ut
877 1000 1065 1045 legitimum
1076 1002 1145 1045 ejus

259 1050 388 1084 sensum
402 1049 474 1084 aliis
484 1049 654 1084 vocabulis
677 1048 869 1085 declararet.
897 1051 941 1085 Et
953 1063 994 1086 ex
1005 1051 1056 1086 his
1068 1064 1144 1086 con·

258 1098 465 1135 tentionibus
487 1110 563 1135 nata
587 1099 633 1135 est
664 1100 840 1144 postmodo
862 1100 959 1134 alia.-
985 1106 1033 1134 An
1050 1104 1143 1135 Sacra

264 954 348 987 lam.
377 950 492 984 Tertia
511 950 625 989 Fadio
646 948 841 983 admittebat
867 961 984 985 vocem
1007 976 1019 993 ,
1046 947 1163 1127 etiam!

255 1200 458 1244 Apostolicae
509 1201 601 1235 Sedis
648 1201 814 1244 Judicium
879 1198 990 1234 retulit
1037 1200 1143 1244 primo

263 1250 405 1294 Ioannes
431 1251 625 1285 Maxentius
652 1275 663 1290 ‚
699 1250 820 1284 deinde
840 1250 1020 1294 Imperator
1050 1251 1130 1294 Justi

248 1155 345 1195 Virga
364 1151 431 1194 effer
455 1151 527 1185 vere*
549 1162 583 1183 ac
601 1152 723 1193 proprie
745 1154 801 1183 Dei
823 1151 950 1184 Mater?
976 1152 1089 1199 Qam
1102 1133 1163 1313 adl

258 1302 378 1336 nianus
404 1312 412 1331 :
452 1300 496 1335 Et
521 1300 591 1345 ejus
615 1300 844 1339 affirmativam
875 1311 1000 1344 partem
1027 1301 1144 1336 defini-

254 1353 302 1386 vit
328 1352 469 1395 Joannes
494 1351 675 1385 secundus.
702 1342 889 1385 videantur
903 1351 985 1385 Aeta
1008 1351 1042 1385 δε
1063 1352 1142 1386 Scri-

252 1412 308 1446 pta
335 1402 456 1446 praefati
482 1400 667 1442 Maxentii,
692 1402 814 1444 praefati
832 1402 1042 1445 Imperatoris
1066 1403 1141 1436 Edi·

252 1455 340 1487 stum
361 1477 372 1494 ,
401 1453 435 1487 ὅς
461 1452 583 1497 primus
609 1451 709 1487 Liber
728 1451 876 1487 Facundi
896 1453 1141 1487 Hermianensis

253 1503 429 1547 Episcopi.

302 1553 347 1587 Et
362 1553 457 1588 istam
471 1555 601 1588 tertiam
613 1553 807 1588 sententiam
819 1554 945 1589 secutus
969 1553 1015 1588 est
1027 1554 1141 1588 Theo·

253 1603 386 1638 doretus
404 1628 410 1635 .
440 1604 488 1637 lta
501 1604 542 1637 ad
557 1614 685 1646 ternpus
696 1603 794 1638 evasit
805 1605 947 1639 furorem
960 1604 1115 1639 Dioscori
1129 1629 1140 1645 ‚

254 1650 454 1696 Chrysaphii
481 1677 491 1693 ,
518 1664 565 1687 acr
583 1652 780 1695 Eutychetis
800 1679 808 1685 .
841 1655 1026 1689 Dioscorus
1050 1655 1139 1688 enim

258 1704 291 1738 &
316 1701 487 1746 Eutyches
509 1714 625 1739 vocem
648 1727 659 1743 ,
686 1707 856 1745 Det-para
875 1728 886 1744 ‚
913 1715 982 1738 non
1006 1703 1139 1738 admitti

253 1754 312 1787 nisi
336 1765 414 1788 cum
439 1751 590 1797 adjuncta
616 1764 718 1794 voce,
746 1757 957 1795 Homini-para
971 1778 982 1794 ‚
1009 1753 1140 1797 peffime

253 1804 482 1841 aversabantur
496 1829 503 1835 .
531 1803 576 1838 Et
591 1805 828 1846 consequenter
841 1804 883 1837 ad
896 1805 948 1838 sua
958 1805 1119 1848 principia
1130 1830 1137 1837 .

251 1854 390 1889 Etenim
405 1853 574 1890 Christum
589 1854 774 1888 Dominum
789 1853 945 1887 volebant
956 1854 1019 1888 esse
1042 1855 1139 1888 unius
1154 1867 1158 1886 l

252 1916 393 1945 naturae,
420 1917 458 1939 ac
485 1904 618 1937 unicam
645 1911 792 1934 naturam
827 1915 838 1934 s
866 1902 1074 1945 Assumptam
1097 1903 1139 1936 ab

254 1955 321 1998 ipso
341 1954 487 1989 hominis
513 1963 662 1987 naturam
688 1961 757 1985 non
779 1952 843 1985 esse
862 1951 964 1985 nostri
988 1953 1138 1996 generis,

254 2017 315 2037 nec
325 2005 423 2037 nobis
434 2001 744 2037 consubstantialem
755 2025 763 2034 .
791 2001 885 2036 Hinc
899 2002 1135 2045 consequenter

253 2054 414 2088 nolebant
442 2053 625 2088 Dominam
644 2054 705 2087 esse
728 2051 1019 2094 Homini-param
1042 2077 1051 2085 .
1079 2052 1135 2086 Ad

255 2103 373 2139 horum
392 2104 493 2148 igitur
516 2104 612 2137 furias
633 2101 816 2137 evadendas
830 2099 1064 2137 Theodoretus
1077 2103 1139 2136 Ire-

254 2166 324 2188 naeo
336 2155 448 2195 suasu,
476 2164 513 2188 ut
525 2153 661 2198 tempori
678 2153 805 2188 cederet
818 2177 829 2193 ‚
840 2150 929 2186 daret
941 2152 1052 2187 locum
1066 2153 1139 2194 irae,

258 2206 293 2239 ὅ(
311 2216 447 2246 vocem,
474 2207 672 2247 Dei-param,
694 2205 759 2237 fine
771 2203 1001 2239 additamento
1024 2203 1140 2238 admit-

254 2263 366 2290 teret.
404 2256 505 2290 Suasit
538 2267 579 2289 ex
606 2254 805 2290 authoritate
842 2253 1022 2289 multorum
1058 2255 1140 2290 anti·

255 2317 395 2348 quorum
421 2305 573 2345 Parrum,
602 2317 644 2340 ex
670 2305 798 2350 propria
825 2306 880 2339 sua
892 2306 1075 2347 sententia,
1102 2318 1140 2345 ac

258 2456 422 2490 orationes
469 2456 563 2492 fuiffe
603 2457 748 2501 vulgatas
788 2482 799 2497 ,
836 2468 874 2491 ac
917 2455 1139 2492 Theodoreto

255 2506 482 2550 perplacuisse.
511 2506 639 2541 Verum
651 2507 786 2541 irenaeus
798 2507 1000 2550 acquiescere
1012 2507 1120 2541 noluit
1132 2532 1139 2539 .

255 2557 332 2589 Nec
367 2557 505 2590 mirum.
534 2558 613 2590 Erat
625 2558 714 2589 enim
727 2557 823 2598 plene
836 2557 1068 2589 Nestorianus.
1096 2558 1140 2590 Et

258 2616 374 2639 vocem
389 2628 400 2643 ,
427 2608 598 2645 Dei-para
612 2627 623 2642 ,
649 2615 717 2636 non
736 2604 795 2635 nifi
821 2604 854 2634 in
875 2602 956 2635 dolo
991 2605 1142 2639 admitte-

262 2655 334 2689 bat.
371 2654 465 2687 Hinc
487 2653 551 2686 fuit
576 2650 801 2684 aTheodofio
822 2649 976 2694 Principe
996 2651 1140 2694 ejedmse

258 2703 424 2738 Cathedra
437 2727 449 2742 ‚
473 2703 508 2735 δε
520 2702 632 2735 nescio
645 2712 712 2744 quo
724 2701 883 2745 relegatus
895 2727 902 2734 .
930 2702 1139 2750 Qapropter

258 2752 465 2798 apologetica
475 2751 685 2785 Theodoreti
706 2751 747 2785 ad
760 2751 932 2785 Domuum
948 2751 1140 2786 Antiochiae

258 2801 481 2838 Patriarcham
503 2813 561 2846 pro
582 2801 706 2836 lrenaeo
726 2801 871 2843 Epistola
892 2802 938 2836 est
954 2802 1142 2836 recleintel-

260 2854 395 2898 ligenda
419 2866 426 2886 ε
454 2857 520 2886 Nec
535 2850 644 2896 ftimus
666 2856 812 2885 Jrenaeum
845 2862 977 2894 unquam
997 2851 1136 2895 recusaffe

260 2907 319 2938 Dei
324 2912 443 2946 -param
452 2903 603 2946 appellare
613 2902 755 2936 santiam
769 2906 918 2944 Virginem
927 2927 934 2934 .
962 2902 1044 2936 Non
1056 2902 1139 2936 dicit

260 2955 351 2998 quod
378 2953 472 2988 istam
497 2964 614 2987 vocem
641 2962 788 2995 unquam
814 2953 879 2986 fine
912 2950 1137 2987 additamento

261 3004 428 3038 admiserit
449 3028 460 3044 ‚
487 3004 542 3038 sed
567 2998 777 3037 solummodo
798 3027 810 3044 ,
836 3002 926 3046 quod
950 3013 1022 3037 eam
1043 3013 1136 3036 num-

264 3064 363 3096 quam
385 3053 537 3088 recusarit
552 3077 560 3085 .

310 3102 547 3138 Theodoretus
569 3104 603 3137 in
624 3103 739 3138 eadem
760 3102 906 3147 Epistola
929 3103 1030 3138 edicit
1042 3103 1141 3137 aliam

265 3152 425 3187 rationem
438 3174 448 3194 ⁵
473 3166 515 3189 ex
526 3165 589 3197 qua
603 3153 910 3196 Irenaeusjudicatus
921 3154 1018 3187 fuerit
1028 3154 1142 3197 plenus

266 3200 478 3237 Nestorianus
497 3229 510 3244 ‚
544 3203 682 3246 ideoque
714 3204 910 3247 Episcopatu
942 3203 1061 3246 ejeelus
1087 3215 1143 3247 per

266 3249 469 3293 Principem.
498 3253 586 3300 Qia
609 3264 725 3295 nempe
747 3253 1076 3292 fuitunusistorum,
1102 3252 1143 3287 de

266 3299 384 3343 quibus
416 3301 451 3333 in
474 3301 674 3336 N‘estorianae
698 3312 735 3335 ac
757 3302 976 3347 Eutychianae
1007 3302 1142 3336 Haerefis

267 3349 436 3384 Breviario
447 3348 557 3384 scribit
566 3352 736 3385 Liberatus
756 3351 1021 3397 Carthaginenfis
1034 3352 1143 3389 Eccle-

268 3398 317 3435 [ἴω
329 3398 647 3436 Archi-Diaconum
672 3399 800 3440 Nestorii·
821 3403 984 3438 Sedatores
999 3426 1010 3443 ‚
1038 3404 1141 3437 viden-

255 2357 335 2389 item
361 2367 402 2389 ex
434 2357 592 2390 sententia
620 2357 713 2399 ipfius
746 2356 857 2390 Irenaei
881 2381 888 2388 .
928 2356 980 2389 Ex
1001 2367 1068 2400 quo

256 2406 375 2440 scimus
401 2406 554 2450 quasdam
580 2406 691 2440 Irenaei
719 2406 872 2451 Episcopi
900 2406 940 2440 ad
967 2406 1135 2450 Populum

693 166 1024 213 VARIORUM
1058 165 1304 211 PATRUM
1339 163 1673 226 Harsa-oren,

1213 256 1258 281 tes
1268 249 1357 282 libros
1369 251 1447 284 illius
1457 252 1637 296 blasphemos
1649 263 1707 286 non
1725 251 1802 297 posse
1808 250 1943 296 proferri
1953 256 1984 286 ln
1994 253 2093 296 publi·

1214 309 1294 339 cum,
1324 311 1355 333 eo
1366 302 1446 341 quod
1453 303 1558 338 synodo
1570 303 1720 345 prefina
1735 300 2009 338 anathematizante
2023 304 2094 345 fue-

1212 359 1283 382 rant
1305 351 1512 391 condemnati,
1539 353 1573 384 (ar
1596 355 1749 393 Imperial}
1770 355 1831 397 lege
1837 353 2094 395 prohibitumfue·

1212 409 1263 432 rat
1274 424 1284 440 ‚
1311 411 1347 433 ne
1358 406 1426 442 quis
1439 412 1485 433 eos
1506 403 1599 443 legere
1620 402 1743 435 auderet
1755 411 1806 434 aut
1815 403 1969 445 defendere
1982 429 1992 445 ,
2021 412 2092 438 tune

1211 458 1357 491 caeperunt
1370 451 1491 483 Diodori
1509 449 1677 493 Tharsensis
1689 475 1699 490 ,
1727 453 1762 485 (τ
1771 450 1912 487 Theodori
1923 452 2094 497 Mopsueste-

1207 500 1260 533 ‘nae
1269 506 1405 534 civitatis
1419 499 1578 543 Episcopi,
1602 502 1635 534 (Ὗ
1646 501 1772 534 altorum
1783 500 1993 544 Episcoporum
2002 528 2013 545 ,
2038 510 2092 546 qur·

1210 561 1312 583 contra
1326 555 1504 585 Eunomium
1515 562 1549 584 ac
1563 552 1759 593 Apollinarem
1769 576 1781 592 ‚
1806 558 1895 585 unius
1909 563 2026 587 naturae
2034 555 2090 587 ad·

1206 599 1231 643 s
1225 610 1332 634 errores
1346 625 1356 640 ,
1381 601 1471 634 libros
1494 600 1712 644 compoficerant
1721 627 1731 644 ‚
1751 603 1827 635 duas
1838 609 1871 635 in
1881 601 1997 643 christo
2006 602 2092 643 ellen-

1210 652 1315 685 dentes
1327 661 1453 685 naturas
1465 658 1498 685 in
1524 663 1584 685 una
1591 651 1718 695 persona
1731 677 1742 692 ,
1768 652 1955 694 circumferre
1967 654 2092 686 volumt-

1211 713 1252 733 na
1261 724 1271 740 ,
1298 704 1331 735 (st
1337 701 1547 744 fimplict'ffimos
1555 701 1679 746 quosque
1690 704 1822 744 decipere
1830 708 1982 744 cupientes
1993 725 2004 742 ,
2029 705 2091 744 aie-

1208 751 1283 783 hant
1309 764 1367 785 non
1382 751 1506 796 sapuisse
1529 764 1608 786 nova
1618 751 1785 792 Nestorium
1798 777 1810 793 ,
1832 751 1891 796 sed
1899 759 2090 795 antiquorum

1210 804 1337 834 Parrum
1345 802 1621 846 prosecutumfuiffi’
1632 804 1797 837 dominam
1808 828 1815 835 .
1829 806 1873 835 Et
1886 808 1919 836 in
1930 814 1962 837 eo
1970 811 2089 837 tantum

1199 851 1292 890 studii
1310 853 1478 895 gesserunt,
1504 862 1537 886 ut
1556 852 1622 895 ipsa
1642 866 1739 886 eorum
1765 853 1920 888 volumina
1942 855 2093 897 malitiose,

1206 907 1238 934 ln
1247 903 1379 945 linguam
1390 905 1523 942 syrorum
1534 928 1544 944 ,
1572 905 1606 936 (Ὗ
1631 907 1835 937 Armeniorum
1845 929 1856 945 ,
1882 911 1972 945 atque
1985 901 2090 946 Persa-

1205 963 1270 985 rum
1290 953 1516 995 transferrent.
1544 953 1572 986 F
1573 954 1679 987 actum
1691 951 1723 987 id
1736 954 1800 987 fuit
1811 955 1829 987 ὲ
1841 954 1997 996 Syrorum
2011 953 2090 996 Epi-

1206 1002 1327 1046 scopis.
1342 1003 1442 1047 Apud
1455 1002 1515 1038 hos
1526 1005 1616 1038 enim
1629 1003 1711 1037 istud
1726 1004 1812 1038 virus
1825 1005 1844 1037 ἶ),
1859 1002 1964 1037 Paulo
1977 1003 2090 1037 Samo-

1206 1053 1318 1087 sateno
1340 1066 1395 1097 per
1416 1055 1555 1099 longum
1575 1055 1740 1088 tramitem
1761 1054 1895 1088 devenit
1918 1053 1952 1086 in
1968 1053 2092 1087 Nesto-

1206 1102 1289 1136 rium
1304 1128 1315 1143 ,
1340 1105 1373 1138 δε
1385 1105 1454 1147 post
1466 1105 1535 1148 ejus
1545 1105 1645 1139 etiam
1656 1103 1902 1138 damnationem
1918 1113 2090 1146 nunquam

1206 1153 1314 1194 potuit
1327 1154 1482 1187 eradicari
1494 1179 1501 1185 .
1529 1155 1568 1187 In
1592 1153 1827 1188 Armeniorum
1844 1153 1994 1198 linguam
2005 1163 2091 1187 tran-

1206 1202 1364 1237 stulerunt
1385 1213 1499 1237 contra
1522 1205 1682 1237 Acacium
1695 1203 1944 1237 Melitinensem
1957 1203 2090 1245 Episco-

1206 1262 1284 1295 pum
1295 1275 1306 1291 ‚
1332 1253 1476 1288 secundae
1499 1252 1666 1287 Armeniae
1690 1253 1962 1297 Metropolitarn,
1989 1260 2089 1297 quem

1206 1303 1362 1336 Nestorio
1382 1315 1420 1337 ac
1441 1303 1649 1337 Nestorianis
1660 1303 1753 1337 fuisse
1765 1304 1964 1338 adversatum
1975 1315 2089 1349 poten-

1205 1351 1343 1393 tissime,
1369 1353 1491 1387 docent
1516 1351 1686 1396 Ephefinae
1710 1353 1838 1396 Synodi
1853 1354 1959 1393 Asta,
1983 1355 2017 1388 &
2033 1355 2088 1386 in·-

1205 1404 1252 1436 fra
1263 1403 1354 1445 plura
1365 1402 1557 1437 docebimur
1568 1402 1587 1435 ὲ
1599 1402 1776 1435 Caffinenfi
1788 1402 1931 1437 Codice.
1951 1403 2094 1436 Factum

1206 1452 1240 1486 id
1263 1453 1326 1486 suit
1350 1452 1422 1496 post
1444 1452 1567 1486 editam
1590 1451 1729 1495 priorem
1758 1451 1904 1496 Augusti
1927 1450 2088 1486 Theodo-

1205 1502 1240 1535 sii
1268 1502 1418 1537 adversus
1440 1501 1586 1536 Nestorii
1612 1502 1781 1544 personam
1814 1512 1852 1534 ac
1870 1500 2025 1546 dogmata
2045 1501 2089 1536 le·

1204 1564 1279 1597 gem
1293 1577 1303 1592 ,
1330 1564 1400 1597 quae
1422 1551 1544 1597 prodiit
1565 1551 1731 1597 trigesimo
1753 1550 1873 1595 quinto
1892 1562 1982 1586 anno
1993 1550 2086 1586 istius

1204 1602 1326 1637 saeculi.

1254 1651 1380 1687 Verum
1406 1653 1567 1687 sceleratis
1578 1653 1750 1687 conatibus
1761 1653 1907 1688 obviavit
1918 1652 2087 1688 Rabbulas

1205 1702 1383 1738 Edeffenus
1395 1703 1574 1747 Epffopus,
1603 1702 1793 1738 Osrhooenae
1818 1703 2003 1738 Provinciae
2014 1705 2088 1738 Me·

1204 1754 1358 1797 tropolita
1386 1778 1396 1793 ‚
1423 1753 1591 1798 proximus
1627 1753 1836 1788 Anteceffor.
1857 1755 1970 1788 famosi
1999 1753 2087 1795 lbae,

1202 1802 1378 1838 Theodori
1391 1803 1491 1838 libros
1500 1804 1662 1838 affirmans
1673 1802 1839 1839 haereticos
1851 1804 1997 1840 Nestorii
2013 1805 2088 1837 fon-

1203 1860 1249 1885 tes
1269 1878 1280 1892 ,
1305 1854 1339 1887 &
1364 1855 1572 1896 Synodaliter
1595 1855 1753 1887 damnans
1777 1855 1835 1889 sub
1856 1853 2086 1889 anathemate.

1205 1902 1248 1934 Et
1263 1900 1368 1944 plures
1391 1903 1448 1944 ipsi
1472 1904 1547 1935 sunt
1558 1903 1741 1946 adstipulari
1755 1927 1765 1942 ,
1793 1905 1904 1945 &ejus
1914 1916 1997 1947 opus
2009 1914 2090 1937 con·

1204 1951 1323 1986 stanter
1344 1951 1559 1994 adjuverunt.
1588 1952 1700 1987 Etiam
1728 1954 1758 1986 S.
1772 1952 1917 1996 Cyrillus
1930 1977 1941 1993 ‚
1967 1962 2030 1987 tres
2042 1953 2089 1986 li·-

1204 2000 1277 2035 bros
1291 2001 1432 2035 scribens
1442 2001 1482 2036 ad
1488 2002 1592 2036 versus
1605 2003 1793 2036 Diodorum
1807 2014 1844 2035 ac
1855 2002 2088 2037 Theodorum.

1204 2051 1250 2085 At
1264 2050 1340 2085 vero
1351 2052 1494 2094 ipsorum
1506 2053 1635 2086 causam
1648 2052 1783 2094 suscepit
1797 2052 1938 2095 Joannes
1950 2051 2090 2087 patriar-

1201 2101 1262 2135 cha
1285 2100 1542 2143 Antiochepus,
1568 2102 1652 2145 ipsos
1678 2102 1855 2136 defendens
1868 2103 1901 2136 in
1915 2102 2010 2136 variis
2021 2102 2088 2137 suis

1201 2151 1343 2195 Synodis
1357 2175 1369 2192 ,
1394 2164 1432 2186 ac
1447 2163 1503 2196 per
1512 2151 1618 2196 plures
1630 2151 1808 2195 synodales
1820 2153 1983 2197 Epistolas
1994 2178 2002 2185 .
2031 2154 2088 2188 Et·

1201 2203 1266 2236 iam
1281 2201 1518 2237 Theodoretus
1529 2228 1540 2244 ‚
1567 2214 1626 2247 pro
1638 2202 1712 2246 ipsis
1722 2202 1860 2238 Librum
1872 2215 2091 2246 componens,

1201 2254 1234 2287 &
1245 2252 1424 2287 conflatam
1435 2254 1468 2287 in
1483 2253 1569 2296 ipsos
1581 2252 1822 2287 accusationem
1844 2252 1998 2291 diluens,
2026 2264 2086 2287 nec

1203 2304 1440 2338 Accusatorum
1464 2302 1678 2338 reformidans
1698 2304 1898 2346 potentiam.
1928 2305 2011 2346 Qae
2023 2315 2089 2337 vet-

1201 2354 1242 2388 ba
1253 2354 1394 2388 omnino
1405 2354 1592 2399 diriguntur
1605 2354 1640 2387 in
1651 2353 1806 2389 Sanctum
1820 2353 1988 2397 Cyrillum
2000 2377 2011 2393 ‚
2031 2354 2093 2387 cui

1200 2404 1235 2437 &
1245 2405 1324 2439 vivo
1335 2405 1370 2440 ὃς
1383 2414 1516 2438 mortuo
1543 2402 1776 2438 Theodoretus
1790 2403 1854 2437 fuit
1865 2403 2024 2447 intrepide
2034 2403 2089 2437 ad·

1203 2455 1346 2488 versatus
1362 2479 1369 2486 .
1395 2454 1560 2489 Omnium
1582 2463 1691 2487 autem
1706 2452 1926 2495 potentiffime
1938 2453 2089 2487 adversa·-

1203 2508 1263 2539 tus'
1277 2504 1323 2538 est
1335 2503 1490 2538 Irenaeus.
1519 2502 1654 2538 Etenim
1664 2500 1919 2537 Theodoretum
1946 2503 2088 2546 graviter

1205 2555 1369 2599 increpuit
1379 2578 1390 2594 ‚
1420 2552 1510 2596 quod
1521 2554 1555 2585 in
1569 2553 1680 2586 nescio
1693 2562 1760 2592 quo
1773 2551 1996 2593 Apologetico
2006 2553 2089 2587 Scri-

1201 2614 1260 2645 pto
1280 2627 1292 2642 ,
1319 2605 1391 2635 suas
1414 2599 1600 2634 assertiones
1621 2599 1783 2632 variorum
1809 2601 2000 2633 Sanctorum
2029 2602 2098 2643 Pa·—

1201 2662 1286 2685 trum
1299 2648 1553 2684 authoritatibus
1566 2660 1604 2682 ac
1622 2647 1821 2682 testimoniis
1832 2649 1965 2683 firmans
1975 2674 1986 2689 ,
2013 2655 2089 2693 prae-

1201 2700 1333 2735 teriiffet
1357 2698 1546 2732 Diodorum
1577 2708 1614 2731 ac
1640 2696 1893 2732 Theodorum.
1923 2699 1991 2733 Eos
2016 2711 2087 2734 non

1201 2748 1372 2784 dumtaxat
1386 2748 1532 2782 damnari
1546 2747 1657 2781 noluit
1667 2772 1678 2788 ,
1705 2748 1758 2781 sed
1771 2748 1900 2791 insuper
1912 2749 2018 2783 voluit
2030 2749 2088 2785 ha-

1203 2799 1271 2834 beri
1295 2800 1379 2833 inter
1400 2797 1608 2832 authenticos
1627 2809 1666 2831 ac
1688 2797 1921 2843 irrefragabiles
1936 2798 2086 2834 Ecclefiae

1203 2850 1332 2884 Patres.
1360 2850 1404 2883 Et
1425 2848 1604 2882 solemnem
1625 2847 1721 2891 hujus
1741 2848 1786 2882 rei
1801 2849 2030 2891 profeffionem
2043 2862 2087 2884 ex

1204 2899 1294 2934 nulla
1304 2897 1535 2942 dispensatoria
1545 2898 1669 2932 cautela
1679 2899 1697 2932 ὲ
1713 2909 1882 2942 quoquam
1893 2899 2086 2942 praetermit-

1204 2951 1248 2985 ti.
1274 2950 1357 2983 Haec
1380 2949 1481 2994 igitur
1504 2947 1638 2982 audacia
1659 2948 1807 2991 plurimis
1818 2950 2086 2993 persuasitipsum

1203 3012 1244 3036 ex
1255 2999 1385 3044 integro
1410 3000 1474 3033 effe
1488 2998 1738 3032 Nestorianum.
1766 2999 1853 3033 Istud
1866 2998 1971 3043 ipsum
1983 3000 2086 3044 longe
2136 3023 2138 3027 -

1197 3050 1274 3095 ,plus
1284 3050 1435 3092 persuasit
1445 3048 1624 3091 composita
1635 3047 1675 3082 ab
1687 3050 1756 3092 ipso
1768 3049 1943 3093 Tragaedia
1955 3063 1963 3082 ε
1987 3049 2085 3084 Liber

1205 3100 1336 3135 infamis
1346 3124 1356 3140 ,
1376 3111 1414 3133 ac
1425 3098 1602 3142 plenissime
1617 3097 1781 3133 haereticus
1791 3122 1799 3132 .
1825 3099 1948 3133 Nescio
1962 3110 2087 3140 tamen,

1204 3163 1246 3185 an
1270 3161 1339 3183 non
1359 3149 1397 3183 sit
1411 3148 1465 3182 his
1472 3148 1569 3183 rebus
1580 3149 1757 3193 posterior,
1786 3159 1822 3184 ut
1835 3148 1912 3194 pote
1923 3149 2086 3184 conflatus

1203 3213 1244 3235 ex
1256 3198 1396 3233 vindista
1407 3223 1416 3232 a

1255 3251 1348 3284 Hinc
1370 3249 1470 3284 etiam
1482 3248 1697 3290 addiscimus,
1723 3259 1780 3284 aut
1792 3250 1904 3285 saltem
1917 3261 1988 3284 non
2002 3248 2086 3284 vane

1204 3301 1459 3342 conjetsturamus
1469 3301 1597 3334 causam
1611 3312 1648 3334 ac
1661 3301 1938 3341 fundamentum,
1963 3311 2005 3334 ex
2018 3310 2086 3343 quo

1205 3350 1369 3384 Eustatius
1391 3350 1574 3392 Berytensis
1586 3350 1767 3394 Episcopus
1776 3350 1967 3393 praesumpsit
1979 3348 2087 3383 rebel-r

1205 3401 1269 3436 lare
1279 3401 1340 3437 suae
1352 3400 1617 3445 Metropolitanae
1629 3400 1812 3449 Tyriorum
1824 3398 2019 3439 Cathedrae,
2042 3387 2087 3432 Ia-

1932 3459 2037 3484 cerare
