<?xml version="1.0" encoding="UTF-8"?>
<!DOCTYPE html PUBLIC "-//W3C//DTD XHTML 1.0 Transitional//EN"
    "http://www.w3.org/TR/xhtml1/DTD/xhtml1-transitional.dtd">
<html xmlns="http://www.w3.org/1999/xhtml" xml:lang="en" lang="en">
 <head>
  <title>
</title>
<meta http-equiv="Content-Type" content="text/html;charset=utf-8" />
  <meta name='ocr-system' content='tesseract 3.04.00' />
  <meta name='ocr-capabilities' content='ocr_page ocr_carea ocr_par ocr_line ocrx_word'/>
</head>
<body>
  <div class='ocr_page' id='page_1' title='image "./operaomniastudio07lupuuoft_0186.png"; bbox 0 0 2320 3730; ppageno 0'>
   <div class='ocr_carea' id='block_1_1' title="bbox 527 398 1179 463">
    <p class='ocr_par' dir='ltr' id='par_1_1' title="bbox 527 398 1179 463">
     <span class='ocr_line' id='line_1_1' title="bbox 527 398 1179 463; baseline -0.008 -13"><span class='ocrx_word' id='word_1_1' title='bbox 527 398 788 460; x_wconf 72' lang='lat' dir='ltr'>CAPUT</span> <span class='ocrx_word' id='word_1_2' title='bbox 824 402 942 458; x_wconf 79' lang='lat' dir='ltr'><strong>LVI.</strong></span> <span class='ocrx_word' id='word_1_3' title='bbox 1016 416 1179 463; x_wconf 44' lang='lat'>*2¹44</span> 
     </span>
    </p>
   </div>
   <div class='ocr_carea' id='block_1_2' title="bbox 287 586 1176 790">
    <p class='ocr_par' dir='ltr' id='par_1_2' title="bbox 287 586 1176 790">
     <span class='ocr_line' id='line_1_2' title="bbox 287 586 1176 654; baseline -0.003 -14"><span class='ocrx_word' id='word_1_4' title='bbox 287 595 446 649; x_wconf 66' lang='lat' dir='ltr'>,Domino</span> <span class='ocrx_word' id='word_1_5' title='bbox 493 609 569 638; x_wconf 72' lang='lat' dir='ltr'>meo¹</span> <span class='ocrx_word' id='word_1_6' title='bbox 619 586 871 654; x_wconf 65' lang='lat' dir='ltr'>Dileb&#39;liff&#39;z&#39;mo</span> <span class='ocrx_word' id='word_1_7' title='bbox 927 592 971 636; x_wconf 83' lang='lat' dir='ltr'><em>F</em></span> <span class='ocrx_word' id='word_1_8' title='bbox 970 593 1070 642; x_wconf 71' lang='lat' dir='ltr'>ratri</span> <span class='ocrx_word' id='word_1_9' title='bbox 1117 594 1176 644; x_wconf 70' lang='lat'>(9⁴</span> 
     </span>
     <span class='ocr_line' id='line_1_3' title="bbox 408 659 1054 725; baseline -0.005 -17"><span class='ocrx_word' id='word_1_10' title='bbox 408 659 747 709; x_wconf 61' lang='lat' dir='ltr'>comministratori</span> <span class='ocrx_word' id='word_1_11' title='bbox 793 662 932 706; x_wconf 82' lang='lat' dir='ltr'>Acacio</span> <span class='ocrx_word' id='word_1_12' title='bbox 977 664 1054 725; x_wconf 64' lang='lat' dir='ltr'>Cy,</span> 
     </span>
     <span class='ocr_line' id='line_1_4' title="bbox 540 728 1000 790; baseline -0.002 -14"><span class='ocrx_word' id='word_1_13' title='bbox 540 728 648 790; x_wconf 65' lang='lat' dir='ltr'>rillus</span> <span class='ocrx_word' id='word_1_14' title='bbox 685 732 722 776; x_wconf 76' lang='lat' dir='ltr'>in</span> <span class='ocrx_word' id='word_1_15' title='bbox 757 733 917 788; x_wconf 66' lang='lat' dir='ltr'>Domino</span> <span class='ocrx_word' id='word_1_16' title='bbox 997 731 1000 736; x_wconf 74' lang='grc'><strong>”</strong></span> 
     </span>
    </p>
   </div>
   <div class='ocr_carea' id='block_1_3' title="bbox 621 796 819 871">
    <p class='ocr_par' dir='ltr' id='par_1_3' title="bbox 621 796 819 871">
     <span class='ocr_line' id='line_1_5' title="bbox 621 796 819 871; baseline -0.01 -21"><span class='ocrx_word' id='word_1_17' title='bbox 621 796 794 871; x_wconf 64' lang='lat' dir='ltr'>fhlutcm</span> <span class='ocrx_word' id='word_1_18' title='bbox 807 835 819 857; x_wconf 63' lang='lat'>2</span> 
     </span>
    </p>
   </div>
   <div class='ocr_carea' id='block_1_4' title="bbox 269 981 1168 3431">
    <p class='ocr_par' dir='ltr' id='par_1_4' title="bbox 269 981 1168 2076">
     <span class='ocr_line' id='line_1_6' title="bbox 280 981 1168 1035; baseline 0 -19"><span class='ocrx_word' id='word_1_19' title='bbox 280 990 293 997; x_wconf 39' lang='lat' dir='ltr'>t</span> <span class='ocrx_word' id='word_1_20' title='bbox 379 981 538 1035; x_wconf 64' lang='lat' dir='ltr'>quntem</span> <span class='ocrx_word' id='word_1_21' title='bbox 549 982 581 1018; x_wconf 81' lang='lat' dir='ltr'>se</span> <span class='ocrx_word' id='word_1_22' title='bbox 595 982 695 1019; x_wconf 84' lang='lat' dir='ltr'>etiam</span> <span class='ocrx_word' id='word_1_23' title='bbox 710 992 798 1019; x_wconf 85' lang='lat' dir='ltr'>nune</span> <span class='ocrx_word' id='word_1_24' title='bbox 810 994 920 1020; x_wconf 85' lang='lat' dir='ltr'>curam</span> <span class='ocrx_word' id='word_1_25' title='bbox 931 983 1070 1029; x_wconf 81' lang='lat' dir='ltr'>suscepit</span> <span class='ocrx_word' id='word_1_26' title='bbox 1093 985 1168 1019; x_wconf 84' lang='lat' dir='ltr'>San-</span> 
     </span>
     <span class='ocr_line' id='line_1_7' title="bbox 280 1033 1167 1072; baseline 0 -5"><span class='ocrx_word' id='word_1_27' title='bbox 280 1069 285 1072; x_wconf 62' lang='grc'>,</span> <span class='ocrx_word' id='word_1_28' title='bbox 332 1068 336 1070; x_wconf 78' lang='grc'><strong>,</strong></span> <span class='ocrx_word' id='word_1_29' title='bbox 400 1033 493 1068; x_wconf 63' lang='lat' dir='ltr'>&amp;itas</span> <span class='ocrx_word' id='word_1_30' title='bbox 504 1042 580 1068; x_wconf 88' lang='lat' dir='ltr'>tua.</span> <span class='ocrx_word' id='word_1_31' title='bbox 606 1033 755 1069; x_wconf 87' lang='lat' dir='ltr'>Intentio</span> <span class='ocrx_word' id='word_1_32' title='bbox 766 1034 811 1069; x_wconf 90' lang='lat' dir='ltr'>est</span> <span class='ocrx_word' id='word_1_33' title='bbox 825 1035 914 1070; x_wconf 91' lang='lat' dir='ltr'>enim</span> <span class='ocrx_word' id='word_1_34' title='bbox 927 1036 977 1070; x_wconf 92' lang='lat' dir='ltr'>illi</span> <span class='ocrx_word' id='word_1_35' title='bbox 990 1034 1167 1069; x_wconf 77' lang='lat' dir='ltr'>secundum</span> 
     </span>
     <span class='ocr_line' id='line_1_8' title="bbox 277 1081 1167 1126; baseline 0 -10"><span class='ocrx_word' id='word_1_36' title='bbox 277 1081 402 1118; x_wconf 86' lang='lat' dir='ltr'>bonam</span> <span class='ocrx_word' id='word_1_37' title='bbox 428 1083 633 1126; x_wconf 84' lang='lat' dir='ltr'>voluntatem</span> <span class='ocrx_word' id='word_1_38' title='bbox 658 1084 833 1119; x_wconf 83' lang='lat' dir='ltr'>Salvatoris</span> <span class='ocrx_word' id='word_1_39' title='bbox 853 1086 1008 1120; x_wconf 87' lang='lat' dir='ltr'>omniurn</span> <span class='ocrx_word' id='word_1_40' title='bbox 1021 1084 1167 1117; x_wconf 80' lang='lat' dir='ltr'>nostrum</span> 
     </span>
     <span class='ocr_line' id='line_1_9' title="bbox 275 1132 1167 1178; baseline 0 -11"><span class='ocrx_word' id='word_1_41' title='bbox 275 1132 366 1174; x_wconf 86' lang='lat' dir='ltr'>Dei,</span> <span class='ocrx_word' id='word_1_42' title='bbox 393 1133 686 1178; x_wconf 78' lang='lat' dir='ltr'>utconjungantur</span> <span class='ocrx_word' id='word_1_43' title='bbox 699 1133 873 1176; x_wconf 88' lang='lat' dir='ltr'>Ecclefiae,</span> <span class='ocrx_word' id='word_1_44' title='bbox 900 1136 935 1169; x_wconf 75' lang='grc' dir='ltr'>δε</span> <span class='ocrx_word' id='word_1_45' title='bbox 956 1143 991 1168; x_wconf 91' lang='lat' dir='ltr'>ut</span> <span class='ocrx_word' id='word_1_46' title='bbox 1002 1133 1043 1167; x_wconf 85' lang='lat' dir='ltr'>de</span> <span class='ocrx_word' id='word_1_47' title='bbox 1056 1132 1167 1167; x_wconf 87' lang='lat' dir='ltr'>medio</span> 
     </span>
     <span class='ocr_line' id='line_1_10' title="bbox 275 1182 1166 1227; baseline -0.001 -10"><span class='ocrx_word' id='word_1_48' title='bbox 275 1183 425 1225; x_wconf 79' lang='lat' dir='ltr'>quaedam</span> <span class='ocrx_word' id='word_1_49' title='bbox 445 1183 502 1217; x_wconf 85' lang='lat' dir='ltr'>fiat</span> <span class='ocrx_word' id='word_1_50' title='bbox 521 1182 790 1227; x_wconf 83' lang='lat' dir='ltr'>pussllanimiras;</span> <span class='ocrx_word' id='word_1_51' title='bbox 816 1184 1067 1227; x_wconf 78' lang='lat' dir='ltr'>persuadeantur</span> <span class='ocrx_word' id='word_1_52' title='bbox 1089 1182 1166 1217; x_wconf 74' lang='lat' dir='ltr'>vero</span> 
     </span>
     <span class='ocr_line' id='line_1_11' title="bbox 275 1231 1166 1278; baseline -0.003 -8"><span class='ocrx_word' id='word_1_53' title='bbox 275 1231 336 1274; x_wconf 79' lang='lat' dir='ltr'>hi,</span> <span class='ocrx_word' id='word_1_54' title='bbox 361 1234 419 1278; x_wconf 89' lang='lat' dir='ltr'>qui</span> <span class='ocrx_word' id='word_1_55' title='bbox 442 1233 564 1268; x_wconf 85' lang='lat' dir='ltr'>debent</span> <span class='ocrx_word' id='word_1_56' title='bbox 581 1258 592 1274; x_wconf 94' lang='lat'>,</span> <span class='ocrx_word' id='word_1_57' title='bbox 618 1233 792 1269; x_wconf 89' lang='lat' dir='ltr'>unanimes</span> <span class='ocrx_word' id='word_1_58' title='bbox 817 1236 879 1272; x_wconf 77' lang='lat' dir='ltr'>esse</span> <span class='ocrx_word' id='word_1_59' title='bbox 905 1260 916 1276; x_wconf 91' lang='lat'>,</span> <span class='ocrx_word' id='word_1_60' title='bbox 942 1244 1039 1278; x_wconf 86' lang='lat' dir='ltr'>atque</span> <span class='ocrx_word' id='word_1_61' title='bbox 1065 1244 1166 1268; x_wconf 88' lang='lat' dir='ltr'>omne</span> 
     </span>
     <span class='ocr_line' id='line_1_12' title="bbox 275 1283 1165 1328; baseline -0.001 -11"><span class='ocrx_word' id='word_1_62' title='bbox 275 1284 367 1327; x_wconf 75' lang='lat' dir='ltr'>quod</span> <span class='ocrx_word' id='word_1_63' title='bbox 378 1283 547 1318; x_wconf 85' lang='lat' dir='ltr'>contristat</span> <span class='ocrx_word' id='word_1_64' title='bbox 559 1283 742 1326; x_wconf 76' lang='lat' dir='ltr'>auferatur,</span> <span class='ocrx_word' id='word_1_65' title='bbox 768 1285 802 1318; x_wconf 71' lang='grc' dir='ltr'>δε</span> <span class='ocrx_word' id='word_1_66' title='bbox 814 1295 852 1319; x_wconf 87' lang='lat' dir='ltr'>ea</span> <span class='ocrx_word' id='word_1_67' title='bbox 863 1296 932 1327; x_wconf 84' lang='lat' dir='ltr'>quae</span> <span class='ocrx_word' id='word_1_68' title='bbox 942 1284 1070 1328; x_wconf 87' lang='lat' dir='ltr'>dirupta</span> <span class='ocrx_word' id='word_1_69' title='bbox 1082 1284 1165 1325; x_wconf 66' lang='lat' dir='ltr'>siant,</span> 
     </span>
     <span class='ocr_line' id='line_1_13' title="bbox 274 1332 1165 1379; baseline 0.001 -12"><span class='ocrx_word' id='word_1_70' title='bbox 274 1332 442 1368; x_wconf 82' lang='lat' dir='ltr'>eharitatis</span> <span class='ocrx_word' id='word_1_71' title='bbox 464 1335 607 1368; x_wconf 83' lang='lat' dir='ltr'>vinculis</span> <span class='ocrx_word' id='word_1_72' title='bbox 627 1335 882 1379; x_wconf 82' lang='lat' dir='ltr'>restringantur.</span> <span class='ocrx_word' id='word_1_73' title='bbox 908 1334 971 1369; x_wconf 85' lang='lat' dir='ltr'>Sed</span> <span class='ocrx_word' id='word_1_74' title='bbox 982 1334 1065 1368; x_wconf 83' lang='lat' dir='ltr'>ficut</span> <span class='ocrx_word' id='word_1_75' title='bbox 1078 1333 1165 1368; x_wconf 78' lang='lat' dir='ltr'>vide«</span> 
     </span>
     <span class='ocr_line' id='line_1_14' title="bbox 273 1383 1165 1428; baseline -0.002 -10"><span class='ocrx_word' id='word_1_76' title='bbox 273 1393 346 1425; x_wconf 87' lang='lat' dir='ltr'>tur,</span> <span class='ocrx_word' id='word_1_77' title='bbox 376 1384 532 1418; x_wconf 86' lang='lat' dir='ltr'>nonnulli</span> <span class='ocrx_word' id='word_1_78' title='bbox 554 1395 691 1426; x_wconf 89' lang='lat' dir='ltr'>eorum,</span> <span class='ocrx_word' id='word_1_79' title='bbox 718 1385 775 1428; x_wconf 91' lang='lat' dir='ltr'>qui</span> <span class='ocrx_word' id='word_1_80' title='bbox 792 1385 860 1419; x_wconf 91' lang='lat' dir='ltr'>illic</span> <span class='ocrx_word' id='word_1_81' title='bbox 888 1385 986 1426; x_wconf 91' lang='lat' dir='ltr'>sunt,</span> <span class='ocrx_word' id='word_1_82' title='bbox 1013 1383 1165 1418; x_wconf 85' lang='lat' dir='ltr'>videntur</span> 
     </span>
     <span class='ocr_line' id='line_1_15' title="bbox 273 1433 1164 1479; baseline 0.001 -13"><span class='ocrx_word' id='word_1_83' title='bbox 273 1434 408 1477; x_wconf 83' lang='lat' dir='ltr'>quidem</span> <span class='ocrx_word' id='word_1_84' title='bbox 433 1434 537 1477; x_wconf 89' lang='lat' dir='ltr'>putari</span> <span class='ocrx_word' id='word_1_85' title='bbox 559 1434 599 1468; x_wconf 88' lang='lat' dir='ltr'>ad</span> <span class='ocrx_word' id='word_1_86' title='bbox 612 1435 815 1478; x_wconf 84' lang='lat' dir='ltr'>superficiem</span> <span class='ocrx_word' id='word_1_87' title='bbox 835 1434 919 1470; x_wconf 77' lang='lat' dir='ltr'>clare</span> <span class='ocrx_word' id='word_1_88' title='bbox 941 1434 1111 1479; x_wconf 86' lang='lat' dir='ltr'>injungere</span> <span class='ocrx_word' id='word_1_89' title='bbox 1124 1433 1164 1467; x_wconf 92' lang='lat' dir='ltr'>ad</span> 
     </span>
     <span class='ocr_line' id='line_1_16' title="bbox 271 1480 1163 1527; baseline 0 -10"><span class='ocrx_word' id='word_1_90' title='bbox 271 1480 375 1527; x_wconf 77' lang='lat' dir='ltr'>usque</span> <span class='ocrx_word' id='word_1_91' title='bbox 386 1492 449 1517; x_wconf 83' lang='lat' dir='ltr'>tuae</span> <span class='ocrx_word' id='word_1_92' title='bbox 461 1482 673 1517; x_wconf 65' lang='lat' dir='ltr'>perfeetionis</span> <span class='ocrx_word' id='word_1_93' title='bbox 693 1484 938 1519; x_wconf 88' lang='lat' dir='ltr'>intentionem:</span> <span class='ocrx_word' id='word_1_94' title='bbox 966 1484 1039 1518; x_wconf 85' lang='lat' dir='ltr'>Aut</span> <span class='ocrx_word' id='word_1_95' title='bbox 1064 1484 1163 1526; x_wconf 81' lang='lat' dir='ltr'>ipsam</span> 
     </span>
     <span class='ocr_line' id='line_1_17' title="bbox 271 1531 1160 1581; baseline 0 -14"><span class='ocrx_word' id='word_1_96' title='bbox 271 1531 350 1567; x_wconf 76' lang='lat' dir='ltr'>vero</span> <span class='ocrx_word' id='word_1_97' title='bbox 363 1532 466 1567; x_wconf 88' lang='lat' dir='ltr'>latent</span> <span class='ocrx_word' id='word_1_98' title='bbox 478 1541 555 1581; x_wconf 83' lang='lat' dir='ltr'>,aut</span> <span class='ocrx_word' id='word_1_99' title='bbox 568 1533 657 1577; x_wconf 81' lang='lat' dir='ltr'>quasi</span> <span class='ocrx_word' id='word_1_100' title='bbox 671 1533 775 1569; x_wconf 86' lang='lat' dir='ltr'>celare</span> <span class='ocrx_word' id='word_1_101' title='bbox 786 1535 816 1570; x_wconf 90' lang='lat' dir='ltr'>se</span> <span class='ocrx_word' id='word_1_102' title='bbox 828 1533 993 1570; x_wconf 82' lang='lat' dir='ltr'>studentes</span> <span class='ocrx_word' id='word_1_103' title='bbox 1003 1534 1160 1569; x_wconf 88' lang='lat' dir='ltr'>efficiunt.</span> 
     </span>
     <span class='ocr_line' id='line_1_18' title="bbox 271 1582 1165 1629; baseline 0.001 -12"><span class='ocrx_word' id='word_1_104' title='bbox 271 1582 323 1618; x_wconf 85' lang='lat' dir='ltr'>Ea</span> <span class='ocrx_word' id='word_1_105' title='bbox 338 1594 480 1628; x_wconf 88' lang='lat' dir='ltr'>namque</span> <span class='ocrx_word' id='word_1_106' title='bbox 492 1595 587 1628; x_wconf 86' lang='lat' dir='ltr'>agere</span> <span class='ocrx_word' id='word_1_107' title='bbox 597 1594 780 1629; x_wconf 84' lang='lat' dir='ltr'>expetunt,</span> <span class='ocrx_word' id='word_1_108' title='bbox 806 1596 878 1628; x_wconf 81' lang='lat' dir='ltr'>quae</span> <span class='ocrx_word' id='word_1_109' title='bbox 900 1586 970 1619; x_wconf 84' lang='lat' dir='ltr'>fieri</span> <span class='ocrx_word' id='word_1_110' title='bbox 996 1597 1066 1619; x_wconf 92' lang='lat' dir='ltr'>non</span> <span class='ocrx_word' id='word_1_111' title='bbox 1089 1595 1165 1628; x_wconf 86' lang='lat' dir='ltr'>que-</span> 
     </span>
     <span class='ocr_line' id='line_1_19' title="bbox 270 1633 1164 1681; baseline 0.002 -15"><span class='ocrx_word' id='word_1_112' title='bbox 270 1642 349 1667; x_wconf 82' lang='lat' dir='ltr'>unt.</span> <span class='ocrx_word' id='word_1_113' title='bbox 378 1633 472 1681; x_wconf 78' lang='lat' dir='ltr'>Qid</span> <span class='ocrx_word' id='word_1_114' title='bbox 484 1633 575 1667; x_wconf 86' lang='lat' dir='ltr'>aliud</span> <span class='ocrx_word' id='word_1_115' title='bbox 587 1634 632 1667; x_wconf 85' lang='lat' dir='ltr'>est</span> <span class='ocrx_word' id='word_1_116' title='bbox 646 1658 659 1675; x_wconf 90' lang='lat'>,</span> <span class='ocrx_word' id='word_1_117' title='bbox 686 1634 746 1672; x_wconf 82' lang='lat' dir='ltr'>nisi</span> <span class='ocrx_word' id='word_1_118' title='bbox 759 1633 853 1668; x_wconf 86' lang='lat' dir='ltr'>rebus</span> <span class='ocrx_word' id='word_1_119' title='bbox 864 1635 938 1678; x_wconf 86' lang='lat' dir='ltr'>ipsis</span> <span class='ocrx_word' id='word_1_120' title='bbox 962 1635 1135 1670; x_wconf 87' lang='lat' dir='ltr'>reclamare</span> <span class='ocrx_word' id='word_1_121' title='bbox 1148 1634 1164 1665; x_wconf 67' lang='grc' dir='ltr'><em>ἓ</em></span> 
     </span>
     <span class='ocr_line' id='line_1_20' title="bbox 270 1682 1161 1731; baseline -0.002 -13"><span class='ocrx_word' id='word_1_122' title='bbox 270 1683 376 1731; x_wconf 79' lang='lat' dir='ltr'>Qod</span> <span class='ocrx_word' id='word_1_123' title='bbox 391 1683 477 1728; x_wconf 84' lang='lat' dir='ltr'>pacis</span> <span class='ocrx_word' id='word_1_124' title='bbox 504 1683 661 1717; x_wconf 65' lang='lat' dir='ltr'>faciendae</span> <span class='ocrx_word' id='word_1_125' title='bbox 677 1695 745 1718; x_wconf 92' lang='lat' dir='ltr'>non</span> <span class='ocrx_word' id='word_1_126' title='bbox 772 1682 914 1719; x_wconf 84' lang='lat' dir='ltr'>habeant</span> <span class='ocrx_word' id='word_1_127' title='bbox 937 1684 1161 1720; x_wconf 87' lang='lat' dir='ltr'>voluntatem.</span> 
     </span>
     <span class='ocr_line' id='line_1_21' title="bbox 269 1732 1163 1779; baseline -0.001 -10"><span class='ocrx_word' id='word_1_128' title='bbox 269 1732 316 1769; x_wconf 66' lang='lat' dir='ltr'>Ee</span> <span class='ocrx_word' id='word_1_129' title='bbox 329 1732 395 1767; x_wconf 84' lang='lat' dir='ltr'>haec</span> <span class='ocrx_word' id='word_1_130' title='bbox 408 1733 484 1768; x_wconf 88' lang='lat' dir='ltr'>dico</span> <span class='ocrx_word' id='word_1_131' title='bbox 496 1733 677 1777; x_wconf 87' lang='lat' dir='ltr'>Epistolam</span> <span class='ocrx_word' id='word_1_132' title='bbox 698 1733 846 1779; x_wconf 87' lang='lat' dir='ltr'>relegens</span> <span class='ocrx_word' id='word_1_133' title='bbox 866 1734 884 1770; x_wconf 68' lang='grc' dir='ltr'>ὲ</span> <span class='ocrx_word' id='word_1_134' title='bbox 896 1744 951 1769; x_wconf 88' lang='lat' dir='ltr'>tua</span> <span class='ocrx_word' id='word_1_135' title='bbox 963 1734 1163 1770; x_wconf 72' lang='lat' dir='ltr'>perfectione</span> 
     </span>
     <span class='ocr_line' id='line_1_22' title="bbox 269 1783 1163 1828; baseline -0.001 -10"><span class='ocrx_word' id='word_1_136' title='bbox 269 1784 486 1818; x_wconf 67' lang='lat' dir='ltr'>transmissam</span> <span class='ocrx_word' id='word_1_137' title='bbox 499 1807 510 1823; x_wconf 92' lang='lat'>,</span> <span class='ocrx_word' id='word_1_138' title='bbox 536 1794 702 1827; x_wconf 84' lang='lat' dir='ltr'>perquam</span> <span class='ocrx_word' id='word_1_139' title='bbox 715 1783 815 1818; x_wconf 88' lang='lat' dir='ltr'>didici</span> <span class='ocrx_word' id='word_1_140' title='bbox 827 1795 979 1828; x_wconf 75' lang='lat' dir='ltr'>expetere</span> <span class='ocrx_word' id='word_1_141' title='bbox 1000 1785 1077 1823; x_wconf 85' lang='lat' dir='ltr'>illos</span> <span class='ocrx_word' id='word_1_142' title='bbox 1091 1807 1102 1823; x_wconf 95' lang='lat'><strong><em>‚</em></strong></span> <span class='ocrx_word' id='word_1_143' title='bbox 1126 1794 1163 1822; x_wconf 89' lang='lat' dir='ltr'>ut</span> 
     </span>
     <span class='ocr_line' id='line_1_23' title="bbox 269 1833 1163 1877; baseline -0.001 -9"><span class='ocrx_word' id='word_1_144' title='bbox 269 1845 370 1868; x_wconf 74' lang='lat' dir='ltr'>omne</span> <span class='ocrx_word' id='word_1_145' title='bbox 383 1833 614 1875; x_wconf 78' lang='lat' dir='ltr'>Conscriptum</span> <span class='ocrx_word' id='word_1_146' title='bbox 625 1855 635 1872; x_wconf 88' lang='lat'>‚</span> <span class='ocrx_word' id='word_1_147' title='bbox 663 1833 697 1866; x_wconf 76' lang='grc' dir='ltr'>δε</span> <span class='ocrx_word' id='word_1_148' title='bbox 707 1833 818 1866; x_wconf 90' lang='lat' dir='ltr'>omnis</span> <span class='ocrx_word' id='word_1_149' title='bbox 832 1833 979 1876; x_wconf 84' lang='lat' dir='ltr'>Epistola</span> <span class='ocrx_word' id='word_1_150' title='bbox 991 1858 1003 1874; x_wconf 93' lang='lat'>,</span> <span class='ocrx_word' id='word_1_151' title='bbox 1029 1845 1098 1877; x_wconf 85' lang='lat' dir='ltr'>quae</span> <span class='ocrx_word' id='word_1_152' title='bbox 1109 1844 1163 1867; x_wconf 83' lang='lat' dir='ltr'>an·</span> 
     </span>
     <span class='ocr_line' id='line_1_24' title="bbox 269 1882 1162 1929; baseline 0 -12"><span class='ocrx_word' id='word_1_153' title='bbox 269 1895 303 1918; x_wconf 79' lang='lat' dir='ltr'>te</span> <span class='ocrx_word' id='word_1_154' title='bbox 317 1883 489 1929; x_wconf 87' lang='lat' dir='ltr'>Synodum</span> <span class='ocrx_word' id='word_1_155' title='bbox 503 1884 624 1926; x_wconf 62' lang='lat' dir='ltr'>peraeta</span> <span class='ocrx_word' id='word_1_156' title='bbox 647 1882 691 1917; x_wconf 86' lang='lat' dir='ltr'>est</span> <span class='ocrx_word' id='word_1_157' title='bbox 705 1910 716 1927; x_wconf 91' lang='lat'>,</span> <span class='ocrx_word' id='word_1_158' title='bbox 742 1882 920 1927; x_wconf 80' lang='lat' dir='ltr'>adjudicari</span> <span class='ocrx_word' id='word_1_159' title='bbox 947 1892 1004 1917; x_wconf 87' lang='lat' dir='ltr'>aut</span> <span class='ocrx_word' id='word_1_160' title='bbox 1024 1882 1162 1926; x_wconf 79' lang='lat' dir='ltr'>abjurari</span> 
     </span>
     <span class='ocr_line' id='line_1_25' title="bbox 270 1932 1162 1974; baseline -0.001 -6"><span class='ocrx_word' id='word_1_161' title='bbox 270 1935 288 1968; x_wconf 73' lang='grc' dir='ltr'>ὲ</span> <span class='ocrx_word' id='word_1_162' title='bbox 316 1934 412 1968; x_wconf 90' lang='lat' dir='ltr'>nobis</span> <span class='ocrx_word' id='word_1_163' title='bbox 437 1932 600 1974; x_wconf 88' lang='lat' dir='ltr'>debeant,</span> <span class='ocrx_word' id='word_1_164' title='bbox 626 1934 805 1968; x_wconf 86' lang='lat' dir='ltr'>consentiri</span> <span class='ocrx_word' id='word_1_165' title='bbox 831 1944 941 1968; x_wconf 83' lang='lat' dir='ltr'>autem</span> <span class='ocrx_word' id='word_1_166' title='bbox 969 1935 1060 1967; x_wconf 73' lang='lat' dir='ltr'>reerae</span> <span class='ocrx_word' id='word_1_167' title='bbox 1086 1933 1162 1967; x_wconf 89' lang='lat' dir='ltr'>fidei</span> 
     </span>
     <span class='ocr_line' id='line_1_26' title="bbox 269 1981 1164 2027; baseline -0.001 -9"><span class='ocrx_word' id='word_1_168' title='bbox 269 1983 432 2027; x_wconf 74' lang='lat' dir='ltr'>symbolo</span> <span class='ocrx_word' id='word_1_169' title='bbox 446 2008 455 2022; x_wconf 94' lang='lat'><em>‚</em></span> <span class='ocrx_word' id='word_1_170' title='bbox 484 1982 573 2026; x_wconf 83' lang='lat' dir='ltr'>quod</span> <span class='ocrx_word' id='word_1_171' title='bbox 586 1981 761 2016; x_wconf 75' lang='lat' dir='ltr'>definitum</span> <span class='ocrx_word' id='word_1_172' title='bbox 774 1983 818 2016; x_wconf 89' lang='lat' dir='ltr'>est</span> <span class='ocrx_word' id='word_1_173' title='bbox 833 1983 1012 2017; x_wconf 77' lang='lat' dir='ltr'>seeundum</span> <span class='ocrx_word' id='word_1_174' title='bbox 1036 1993 1164 2026; x_wconf 85' lang='lat' dir='ltr'>tempus</span> 
     </span>
     <span class='ocr_line' id='line_1_27' title="bbox 269 2032 1139 2076; baseline -0.007 -8"><span class='ocrx_word' id='word_1_175' title='bbox 269 2034 287 2073; x_wconf 64' lang='lat' dir='ltr'>i</span> <span class='ocrx_word' id='word_1_176' title='bbox 302 2032 426 2068; x_wconf 61' lang='grc' dir='ltr'>δεηθεὶς</span> <span class='ocrx_word' id='word_1_177' title='bbox 438 2032 587 2066; x_wconf 80' lang='lat' dir='ltr'>Patribus</span> <span class='ocrx_word' id='word_1_178' title='bbox 598 2056 608 2072; x_wconf 92' lang='lat'>,</span> <span class='ocrx_word' id='word_1_179' title='bbox 639 2033 672 2066; x_wconf 91' lang='lat' dir='ltr'>in</span> <span class='ocrx_word' id='word_1_180' title='bbox 685 2042 806 2076; x_wconf 88' lang='lat' dir='ltr'>magna</span> <span class='ocrx_word' id='word_1_181' title='bbox 823 2032 961 2066; x_wconf 80' lang='lat' dir='ltr'>Nicaena</span> <span class='ocrx_word' id='word_1_182' title='bbox 972 2033 1111 2073; x_wconf 87' lang='lat' dir='ltr'>Synodo</span> <span class='ocrx_word' id='word_1_183' title='bbox 1128 2048 1139 2062; x_wconf 90' lang='lat'>.-</span> 
     </span>
    </p>

    <p class='ocr_par' dir='ltr' id='par_1_5' title="bbox 270 2079 1168 3070">
     <span class='ocr_line' id='line_1_28' title="bbox 343 2079 1160 2128; baseline -0.005 -11"><span class='ocrx_word' id='word_1_184' title='bbox 343 2083 417 2128; x_wconf 90' lang='lat' dir='ltr'>Ego</span> <span class='ocrx_word' id='word_1_185' title='bbox 444 2081 521 2116; x_wconf 74' lang='lat' dir='ltr'>vero</span> <span class='ocrx_word' id='word_1_186' title='bbox 548 2082 707 2125; x_wconf 85' lang='lat' dir='ltr'>quoniam</span> <span class='ocrx_word' id='word_1_187' title='bbox 733 2083 888 2115; x_wconf 65' lang='lat' dir='ltr'>Saniium</span> <span class='ocrx_word' id='word_1_188' title='bbox 915 2080 1050 2123; x_wconf 89' lang='lat' dir='ltr'>quidem</span> <span class='ocrx_word' id='word_1_189' title='bbox 1079 2079 1160 2113; x_wconf 90' lang='lat' dir='ltr'>illud</span> 
     </span>
     <span class='ocr_line' id='line_1_29' title="bbox 270 2130 1164 2178; baseline -0.006 -9"><span class='ocrx_word' id='word_1_190' title='bbox 270 2133 471 2178; x_wconf 81' lang='lat' dir='ltr'><strong>Symbolum</strong></span> <span class='ocrx_word' id='word_1_191' title='bbox 483 2132 599 2166; x_wconf 89' lang='lat' dir='ltr'>sufficit</span> <span class='ocrx_word' id='word_1_192' title='bbox 623 2132 665 2166; x_wconf 81' lang='lat' dir='ltr'>ad</span> <span class='ocrx_word' id='word_1_193' title='bbox 676 2141 809 2166; x_wconf 89' lang='lat' dir='ltr'>omnem</span> <span class='ocrx_word' id='word_1_194' title='bbox 833 2130 1004 2165; x_wconf 85' lang='lat' dir='ltr'>scientiam</span> <span class='ocrx_word' id='word_1_195' title='bbox 1018 2130 1141 2165; x_wconf 82' lang='lat' dir='ltr'>bonam</span> <span class='ocrx_word' id='word_1_196' title='bbox 1154 2153 1164 2169; x_wconf 86' lang='lat'>‚</span> 
     </span>
     <span class='ocr_line' id='line_1_30' title="bbox 271 2180 1163 2224; baseline -0.004 -5"><span class='ocrx_word' id='word_1_197' title='bbox 271 2185 306 2219; x_wconf 75' lang='grc' dir='ltr'>δε</span> <span class='ocrx_word' id='word_1_198' title='bbox 318 2184 359 2218; x_wconf 92' lang='lat' dir='ltr'>de</span> <span class='ocrx_word' id='word_1_199' title='bbox 372 2183 431 2217; x_wconf 90' lang='lat' dir='ltr'>illo</span> <span class='ocrx_word' id='word_1_200' title='bbox 446 2180 681 2216; x_wconf 75' lang='lat' dir='ltr'>nihilomnino</span> <span class='ocrx_word' id='word_1_201' title='bbox 696 2181 740 2214; x_wconf 90' lang='lat' dir='ltr'>est</span> <span class='ocrx_word' id='word_1_202' title='bbox 752 2206 762 2222; x_wconf 91' lang='lat'>,</span> <span class='ocrx_word' id='word_1_203' title='bbox 791 2180 901 2215; x_wconf 89' lang='lat' dir='ltr'>dicam</span> <span class='ocrx_word' id='word_1_204' title='bbox 925 2180 1039 2224; x_wconf 82' lang='lat' dir='ltr'>utique</span> <span class='ocrx_word' id='word_1_205' title='bbox 1065 2191 1163 2222; x_wconf 88' lang='lat' dir='ltr'>atque</span> 
     </span>
     <span class='ocr_line' id='line_1_31' title="bbox 270 2228 1163 2274; baseline -0.004 -6"><span class='ocrx_word' id='word_1_206' title='bbox 270 2233 497 2268; x_wconf 73' lang='lat' dir='ltr'>consentiam:</span> <span class='ocrx_word' id='word_1_207' title='bbox 526 2231 658 2265; x_wconf 86' lang='lat' dir='ltr'>Etiamsi</span> <span class='ocrx_word' id='word_1_208' title='bbox 678 2229 843 2274; x_wconf 84' lang='lat' dir='ltr'>aliquibus</span> <span class='ocrx_word' id='word_1_209' title='bbox 870 2229 942 2264; x_wconf 88' lang='lat' dir='ltr'>aliis</span> <span class='ocrx_word' id='word_1_210' title='bbox 966 2228 1031 2265; x_wconf 88' lang='lat' dir='ltr'>hoc</span> <span class='ocrx_word' id='word_1_211' title='bbox 1055 2232 1163 2274; x_wconf 79' lang='lat' dir='ltr'>sapere</span> 
     </span>
     <span class='ocr_line' id='line_1_32' title="bbox 270 2279 1162 2319; baseline -0.007 0"><span class='ocrx_word' id='word_1_212' title='bbox 270 2283 412 2319; x_wconf 74' lang='lat' dir='ltr'>minime</span> <span class='ocrx_word' id='word_1_213' title='bbox 423 2283 531 2316; x_wconf 88' lang='lat' dir='ltr'>videar</span> <span class='ocrx_word' id='word_1_214' title='bbox 557 2291 612 2316; x_wconf 90' lang='lat' dir='ltr'>aut</span> <span class='ocrx_word' id='word_1_215' title='bbox 627 2280 749 2315; x_wconf 82' lang='lat' dir='ltr'>dicere.</span> <span class='ocrx_word' id='word_1_216' title='bbox 776 2279 970 2316; x_wconf 87' lang='lat' dir='ltr'>Admiratus</span> <span class='ocrx_word' id='word_1_217' title='bbox 990 2279 1068 2314; x_wconf 77' lang='lat' dir='ltr'>vero</span> <span class='ocrx_word' id='word_1_218' title='bbox 1096 2281 1162 2314; x_wconf 88' lang='lat' dir='ltr'>sum</span> 
     </span>
     <span class='ocr_line' id='line_1_33' title="bbox 270 2330 1163 2369; baseline -0.006 -1"><span class='ocrx_word' id='word_1_219' title='bbox 270 2334 375 2369; x_wconf 88' lang='lat' dir='ltr'>illud.</span> <span class='ocrx_word' id='word_1_220' title='bbox 405 2332 560 2369; x_wconf 83' lang='lat' dir='ltr'>Nestorio</span> <span class='ocrx_word' id='word_1_221' title='bbox 570 2332 662 2366; x_wconf 91' lang='lat' dir='ltr'>enim</span> <span class='ocrx_word' id='word_1_222' title='bbox 677 2330 895 2365; x_wconf 84' lang='lat' dir='ltr'>retortasillas</span> <span class='ocrx_word' id='word_1_223' title='bbox 921 2332 955 2365; x_wconf 86' lang='lat'>&amp;</span> <span class='ocrx_word' id='word_1_224' title='bbox 972 2330 1163 2365; x_wconf 86' lang='lat' dir='ltr'>abominan-</span> 
     </span>
     <span class='ocr_line' id='line_1_34' title="bbox 271 2381 1162 2419; baseline -0.006 0"><span class='ocrx_word' id='word_1_225' title='bbox 271 2385 413 2419; x_wconf 78' lang='lat' dir='ltr'>diffimas</span> <span class='ocrx_word' id='word_1_226' title='bbox 427 2384 588 2418; x_wconf 64' lang='lat' dir='ltr'>erudiante</span> <span class='ocrx_word' id='word_1_227' title='bbox 601 2393 697 2416; x_wconf 85' lang='lat' dir='ltr'>voces</span> <span class='ocrx_word' id='word_1_228' title='bbox 709 2391 823 2415; x_wconf 82' lang='lat' dir='ltr'>eontra</span> <span class='ocrx_word' id='word_1_229' title='bbox 836 2381 991 2415; x_wconf 86' lang='lat' dir='ltr'>omnium</span> <span class='ocrx_word' id='word_1_230' title='bbox 1016 2381 1162 2415; x_wconf 83' lang='lat' dir='ltr'>nostrum</span> 
     </span>
     <span class='ocr_line' id='line_1_35' title="bbox 272 2430 1163 2472; baseline -0.006 -2"><span class='ocrx_word' id='word_1_231' title='bbox 272 2435 474 2470; x_wconf 85' lang='lat' dir='ltr'>Salvatorem</span> <span class='ocrx_word' id='word_1_232' title='bbox 503 2432 670 2467; x_wconf 81' lang='lat' dir='ltr'>Christum</span> <span class='ocrx_word' id='word_1_233' title='bbox 685 2456 696 2472; x_wconf 93' lang='lat'>‚</span> <span class='ocrx_word' id='word_1_234' title='bbox 722 2432 756 2466; x_wconf 91' lang='lat'>&amp;</span> <span class='ocrx_word' id='word_1_235' title='bbox 781 2430 846 2465; x_wconf 84' lang='lat' dir='ltr'>hoc</span> <span class='ocrx_word' id='word_1_236' title='bbox 867 2441 978 2466; x_wconf 88' lang='lat' dir='ltr'>coram</span> <span class='ocrx_word' id='word_1_237' title='bbox 998 2430 1138 2465; x_wconf 82' lang='lat' dir='ltr'>Ecclefia</span> <span class='ocrx_word' id='word_1_238' title='bbox 1153 2455 1163 2471; x_wconf 92' lang='lat'>,</span> 
     </span>
     <span class='ocr_line' id='line_1_36' title="bbox 272 2481 1164 2530; baseline -0.006 -10"><span class='ocrx_word' id='word_1_239' title='bbox 272 2486 453 2530; x_wconf 79' lang='lat' dir='ltr'>seripsimus</span> <span class='ocrx_word' id='word_1_240' title='bbox 473 2495 543 2529; x_wconf 82' lang='lat' dir='ltr'>quae</span> <span class='ocrx_word' id='word_1_241' title='bbox 565 2483 746 2526; x_wconf 74' lang='lat' dir='ltr'>scripsimus</span> <span class='ocrx_word' id='word_1_242' title='bbox 760 2506 772 2523; x_wconf 90' lang='lat'>,</span> <span class='ocrx_word' id='word_1_243' title='bbox 797 2482 1059 2516; x_wconf 86' lang='lat' dir='ltr'>contradicentes</span> <span class='ocrx_word' id='word_1_244' title='bbox 1080 2481 1164 2515; x_wconf 87' lang='lat' dir='ltr'>scili-</span> 
     </span>
     <span class='ocr_line' id='line_1_37' title="bbox 274 2530 1164 2579; baseline -0.006 -9"><span class='ocrx_word' id='word_1_245' title='bbox 274 2546 327 2570; x_wconf 78' lang='lat' dir='ltr'>cet</span> <span class='ocrx_word' id='word_1_246' title='bbox 336 2561 346 2576; x_wconf 91' lang='lat'><em>‚</em></span> <span class='ocrx_word' id='word_1_247' title='bbox 375 2536 409 2570; x_wconf 89' lang='lat'>&amp;</span> <span class='ocrx_word' id='word_1_248' title='bbox 421 2534 555 2579; x_wconf 86' lang='lat' dir='ltr'>pollutis</span> <span class='ocrx_word' id='word_1_249' title='bbox 566 2544 682 2567; x_wconf 88' lang='lat' dir='ltr'>vocum</span> <span class='ocrx_word' id='word_1_250' title='bbox 695 2530 898 2566; x_wconf 86' lang='lat' dir='ltr'>novitatibus</span> <span class='ocrx_word' id='word_1_251' title='bbox 908 2531 977 2573; x_wconf 84' lang='lat' dir='ltr'>ejus</span> <span class='ocrx_word' id='word_1_252' title='bbox 987 2531 1164 2574; x_wconf 87' lang='lat' dir='ltr'>producen-</span> 
     </span>
     <span class='ocr_line' id='line_1_38' title="bbox 274 2580 1163 2626; baseline -0.009 -5"><span class='ocrx_word' id='word_1_253' title='bbox 274 2596 324 2620; x_wconf 85' lang='lat' dir='ltr'>tes</span> <span class='ocrx_word' id='word_1_254' title='bbox 346 2584 544 2620; x_wconf 88' lang='lat' dir='ltr'>contrariam</span> <span class='ocrx_word' id='word_1_255' title='bbox 567 2583 758 2616; x_wconf 84' lang='lat' dir='ltr'>veritatem.</span> <span class='ocrx_word' id='word_1_256' title='bbox 786 2580 830 2613; x_wconf 90' lang='lat' dir='ltr'>Et</span> <span class='ocrx_word' id='word_1_257' title='bbox 852 2591 908 2623; x_wconf 90' lang='lat' dir='ltr'>per</span> <span class='ocrx_word' id='word_1_258' title='bbox 934 2582 1074 2626; x_wconf 84' lang='lat' dir='ltr'>gratiam</span> <span class='ocrx_word' id='word_1_259' title='bbox 1099 2582 1163 2617; x_wconf 87' lang='lat' dir='ltr'>Dei</span> 
     </span>
     <span class='ocr_line' id='line_1_39' title="bbox 275 2629 1163 2678; baseline -0.007 -8"><span class='ocrx_word' id='word_1_260' title='bbox 275 2646 392 2674; x_wconf 83' lang='lat' dir='ltr'>omnes</span> <span class='ocrx_word' id='word_1_261' title='bbox 416 2634 489 2678; x_wconf 82' lang='lat' dir='ltr'>ipsis</span> <span class='ocrx_word' id='word_1_262' title='bbox 511 2632 719 2666; x_wconf 86' lang='lat' dir='ltr'>intendentes</span> <span class='ocrx_word' id='word_1_263' title='bbox 737 2654 747 2670; x_wconf 94' lang='lat'>,</span> <span class='ocrx_word' id='word_1_264' title='bbox 774 2629 878 2672; x_wconf 88' lang='lat' dir='ltr'>plures</span> <span class='ocrx_word' id='word_1_265' title='bbox 901 2630 1034 2674; x_wconf 88' lang='lat' dir='ltr'>quidem</span> <span class='ocrx_word' id='word_1_266' title='bbox 1057 2631 1163 2665; x_wconf 89' lang='lat' dir='ltr'>mirati</span> 
     </span>
     <span class='ocr_line' id='line_1_40' title="bbox 276 2678 1164 2725; baseline -0.006 -6"><span class='ocrx_word' id='word_1_267' title='bbox 276 2687 373 2725; x_wconf 87' lang='lat' dir='ltr'>sunt,</span> <span class='ocrx_word' id='word_1_268' title='bbox 400 2686 432 2718; x_wconf 87' lang='lat'>&amp;</span> <span class='ocrx_word' id='word_1_269' title='bbox 454 2684 540 2720; x_wconf 62' lang='lat' dir='ltr'>resto</span> <span class='ocrx_word' id='word_1_270' title='bbox 562 2681 729 2717; x_wconf 66' lang='lat' dir='ltr'>intellestu</span> <span class='ocrx_word' id='word_1_271' title='bbox 753 2678 997 2714; x_wconf 87' lang='lat' dir='ltr'>honoraverunt</span> <span class='ocrx_word' id='word_1_272' title='bbox 1020 2703 1030 2719; x_wconf 93' lang='lat'>,</span> <span class='ocrx_word' id='word_1_273' title='bbox 1056 2692 1125 2724; x_wconf 85' lang='lat' dir='ltr'>quae</span> <span class='ocrx_word' id='word_1_274' title='bbox 1146 2681 1164 2714; x_wconf 76' lang='lat' dir='ltr'>a</span> 
     </span>
     <span class='ocr_line' id='line_1_41' title="bbox 276 2729 1164 2776; baseline -0.007 -6"><span class='ocrx_word' id='word_1_275' title='bbox 276 2735 375 2770; x_wconf 84' lang='lat' dir='ltr'>nobis</span> <span class='ocrx_word' id='word_1_276' title='bbox 383 2732 467 2770; x_wconf 62' lang='lat' dir='ltr'>dista</span> <span class='ocrx_word' id='word_1_277' title='bbox 480 2735 556 2768; x_wconf 86' lang='lat' dir='ltr'>sunt</span> <span class='ocrx_word' id='word_1_278' title='bbox 567 2740 680 2765; x_wconf 89' lang='lat' dir='ltr'>contra</span> <span class='ocrx_word' id='word_1_279' title='bbox 692 2742 768 2764; x_wconf 88' lang='lat' dir='ltr'>eum</span> <span class='ocrx_word' id='word_1_280' title='bbox 780 2755 787 2763; x_wconf 92' lang='lat'><strong>.</strong></span> <span class='ocrx_word' id='word_1_281' title='bbox 815 2730 876 2764; x_wconf 87' lang='lat' dir='ltr'>Sed</span> <span class='ocrx_word' id='word_1_282' title='bbox 890 2731 999 2764; x_wconf 87' lang='lat' dir='ltr'>nescio</span> <span class='ocrx_word' id='word_1_283' title='bbox 1013 2730 1092 2776; x_wconf 87' lang='lat' dir='ltr'>quid</span> <span class='ocrx_word' id='word_1_284' title='bbox 1108 2729 1164 2770; x_wconf 88' lang='lat' dir='ltr'>hi,</span> 
     </span>
     <span class='ocr_line' id='line_1_42' title="bbox 278 2780 1166 2830; baseline -0.007 -11"><span class='ocrx_word' id='word_1_285' title='bbox 278 2786 337 2830; x_wconf 89' lang='lat' dir='ltr'>qui</span> <span class='ocrx_word' id='word_1_286' title='bbox 361 2796 450 2819; x_wconf 90' lang='lat' dir='ltr'>nunc</span> <span class='ocrx_word' id='word_1_287' title='bbox 476 2782 596 2818; x_wconf 85' lang='lat' dir='ltr'>debent</span> <span class='ocrx_word' id='word_1_288' title='bbox 624 2781 900 2820; x_wconf 85' lang='lat' dir='ltr'>anathematizare</span> <span class='ocrx_word' id='word_1_289' title='bbox 925 2780 1051 2824; x_wconf 88' lang='lat' dir='ltr'>polluta</span> <span class='ocrx_word' id='word_1_290' title='bbox 1078 2780 1166 2815; x_wconf 83' lang='lat' dir='ltr'>illius</span> 
     </span>
     <span class='ocr_line' id='line_1_43' title="bbox 277 2830 1167 2879; baseline -0.007 -9"><span class='ocrx_word' id='word_1_291' title='bbox 277 2837 471 2879; x_wconf 86' lang='lat' dir='ltr'>Dogmata,</span> <span class='ocrx_word' id='word_1_292' title='bbox 497 2831 860 2875; x_wconf 81' lang='lat' dir='ltr'>&amp;abilliusimpietate</span> <span class='ocrx_word' id='word_1_293' title='bbox 882 2831 1066 2874; x_wconf 85' lang='lat' dir='ltr'>semetipsos</span> <span class='ocrx_word' id='word_1_294' title='bbox 1092 2830 1167 2864; x_wconf 88' lang='lat' dir='ltr'>alie-</span> 
     </span>
     <span class='ocr_line' id='line_1_44' title="bbox 280 2881 1167 2923; baseline -0.007 -3"><span class='ocrx_word' id='word_1_295' title='bbox 280 2898 342 2920; x_wconf 87' lang='lat' dir='ltr'>nos</span> <span class='ocrx_word' id='word_1_296' title='bbox 353 2886 492 2923; x_wconf 83' lang='lat' dir='ltr'>efficere,</span> <span class='ocrx_word' id='word_1_297' title='bbox 521 2882 562 2917; x_wconf 87' lang='lat' dir='ltr'>ad</span> <span class='ocrx_word' id='word_1_298' title='bbox 573 2893 674 2917; x_wconf 83' lang='lat' dir='ltr'>omne</span> <span class='ocrx_word' id='word_1_299' title='bbox 691 2882 893 2916; x_wconf 87' lang='lat' dir='ltr'>contrarium</span> <span class='ocrx_word' id='word_1_300' title='bbox 915 2881 1059 2916; x_wconf 87' lang='lat' dir='ltr'>studium</span> <span class='ocrx_word' id='word_1_301' title='bbox 1083 2892 1167 2915; x_wconf 85' lang='lat' dir='ltr'>con·-</span> 
     </span>
     <span class='ocr_line' id='line_1_45' title="bbox 280 2930 1167 2979; baseline -0.005 -10"><span class='ocrx_word' id='word_1_302' title='bbox 280 2946 439 2971; x_wconf 89' lang='lat' dir='ltr'>vertentes</span> <span class='ocrx_word' id='word_1_303' title='bbox 451 2959 462 2976; x_wconf 92' lang='lat'>‚</span> <span class='ocrx_word' id='word_1_304' title='bbox 486 2932 697 2974; x_wconf 76' lang='lat' dir='ltr'>exterminari</span> <span class='ocrx_word' id='word_1_305' title='bbox 724 2942 868 2979; x_wconf 76' lang='lat' dir='ltr'>quaerunt</span> <span class='ocrx_word' id='word_1_306' title='bbox 886 2956 896 2972; x_wconf 92' lang='lat'>,</span> <span class='ocrx_word' id='word_1_307' title='bbox 923 2943 995 2975; x_wconf 72' lang='lat' dir='ltr'>qux</span> <span class='ocrx_word' id='word_1_308' title='bbox 1014 2930 1167 2966; x_wconf 79' lang='lat' dir='ltr'>adversus</span> 
     </span>
     <span class='ocr_line' id='line_1_46' title="bbox 281 2979 1168 3031; baseline -0.009 -9"><span class='ocrx_word' id='word_1_309' title='bbox 281 2998 356 3023; x_wconf 87' lang='lat' dir='ltr'>eum</span> <span class='ocrx_word' id='word_1_310' title='bbox 371 2986 485 3029; x_wconf 71' lang='lat' dir='ltr'>scripta</span> <span class='ocrx_word' id='word_1_311' title='bbox 506 2985 598 3024; x_wconf 82' lang='lat' dir='ltr'>sunt.</span> <span class='ocrx_word' id='word_1_312' title='bbox 627 2983 742 3031; x_wconf 84' lang='lat' dir='ltr'>Qam</span> <span class='ocrx_word' id='word_1_313' title='bbox 763 2983 924 3018; x_wconf 84' lang='lat' dir='ltr'>rationem</span> <span class='ocrx_word' id='word_1_314' title='bbox 939 3006 950 3027; x_wconf 42' lang='grc' dir='ltr'><strong>θ</strong></span> <span class='ocrx_word' id='word_1_315' title='bbox 978 2983 1106 3026; x_wconf 71' lang='lat' dir='ltr'>quaeso,</span> <span class='ocrx_word' id='word_1_316' title='bbox 1133 2979 1168 3015; x_wconf 87' lang='lat' dir='ltr'>id</span> 
     </span>
     <span class='ocr_line' id='line_1_47' title="bbox 282 3036 408 3070; baseline -0.016 -1"><span class='ocrx_word' id='word_1_317' title='bbox 282 3036 380 3070; x_wconf 85' lang='lat' dir='ltr'>habet</span> <span class='ocrx_word' id='word_1_318' title='bbox 393 3036 408 3067; x_wconf 72' lang='grc' dir='ltr'><strong><em>ἒ</em></strong></span> 
     </span>
    </p>

    <p class='ocr_par' dir='ltr' id='par_1_6' title="bbox 285 3079 1168 3431">
     <span class='ocr_line' id='line_1_48' title="bbox 334 3079 1165 3130; baseline -0.006 -11"><span class='ocrx_word' id='word_1_319' title='bbox 334 3086 494 3130; x_wconf 82' lang='lat' dir='ltr'>intelligit</span> <span class='ocrx_word' id='word_1_320' title='bbox 504 3086 591 3123; x_wconf 86' lang='lat' dir='ltr'>enim</span> <span class='ocrx_word' id='word_1_321' title='bbox 605 3083 762 3127; x_wconf 64' lang='lat' dir='ltr'>Sanctitas</span> <span class='ocrx_word' id='word_1_322' title='bbox 774 3092 828 3118; x_wconf 88' lang='lat' dir='ltr'>tua</span> <span class='ocrx_word' id='word_1_323' title='bbox 841 3107 851 3123; x_wconf 93' lang='lat'>,</span> <span class='ocrx_word' id='word_1_324' title='bbox 879 3090 1035 3126; x_wconf 87' lang='lat' dir='ltr'>quantam</span> <span class='ocrx_word' id='word_1_325' title='bbox 1056 3092 1103 3115; x_wconf 88' lang='lat' dir='ltr'>res</span> <span class='ocrx_word' id='word_1_326' title='bbox 1113 3079 1165 3118; x_wconf 88' lang='lat' dir='ltr'>ha-</span> 
     </span>
     <span class='ocr_line' id='line_1_49' title="bbox 285 3131 1167 3180; baseline -0.001 -13"><span class='ocrx_word' id='word_1_327' title='bbox 285 3134 357 3171; x_wconf 82' lang='lat' dir='ltr'>beat</span> <span class='ocrx_word' id='word_1_328' title='bbox 371 3136 645 3180; x_wconf 78' lang='lat' dir='ltr'>incongruitatem</span> <span class='ocrx_word' id='word_1_329' title='bbox 658 3160 669 3175; x_wconf 92' lang='lat'>,</span> <span class='ocrx_word' id='word_1_330' title='bbox 695 3135 716 3168; x_wconf 92' lang='lat' dir='ltr'>si</span> <span class='ocrx_word' id='word_1_331' title='bbox 733 3145 813 3174; x_wconf 91' lang='lat' dir='ltr'>nos,</span> <span class='ocrx_word' id='word_1_332' title='bbox 840 3144 909 3178; x_wconf 81' lang='lat' dir='ltr'>quae</span> <span class='ocrx_word' id='word_1_333' title='bbox 927 3143 986 3176; x_wconf 91' lang='lat' dir='ltr'>pro</span> <span class='ocrx_word' id='word_1_334' title='bbox 999 3133 1078 3169; x_wconf 64' lang='lat' dir='ltr'>resta</span> <span class='ocrx_word' id='word_1_335' title='bbox 1103 3131 1167 3166; x_wconf 88' lang='lat' dir='ltr'>fide</span> 
     </span>
     <span class='ocr_line' id='line_1_50' title="bbox 286 3181 1168 3229; baseline -0.001 -13"><span class='ocrx_word' id='word_1_336' title='bbox 286 3183 482 3224; x_wconf 73' lang='lat' dir='ltr'>scripsimus,</span> <span class='ocrx_word' id='word_1_337' title='bbox 509 3186 667 3229; x_wconf 78' lang='lat' dir='ltr'>quoniam</span> <span class='ocrx_word' id='word_1_338' title='bbox 689 3183 797 3218; x_wconf 85' lang='lat' dir='ltr'>nostra</span> <span class='ocrx_word' id='word_1_339' title='bbox 819 3184 919 3222; x_wconf 87' lang='lat' dir='ltr'>sunt,</span> <span class='ocrx_word' id='word_1_340' title='bbox 945 3181 1144 3225; x_wconf 84' lang='lat' dir='ltr'>abnegemus</span> <span class='ocrx_word' id='word_1_341' title='bbox 1158 3206 1168 3221; x_wconf 95' lang='lat'>,</span> 
     </span>
     <span class='ocr_line' id='line_1_51' title="bbox 286 3231 1168 3276; baseline 0 -11"><span class='ocrx_word' id='word_1_342' title='bbox 286 3233 392 3266; x_wconf 73' lang='lat' dir='ltr'>immo</span> <span class='ocrx_word' id='word_1_343' title='bbox 404 3235 511 3274; x_wconf 74' lang='lat' dir='ltr'>potins</span> <span class='ocrx_word' id='word_1_344' title='bbox 524 3235 707 3267; x_wconf 87' lang='lat' dir='ltr'>accusemus</span> <span class='ocrx_word' id='word_1_345' title='bbox 728 3234 814 3276; x_wconf 85' lang='lat' dir='ltr'>piam</span> <span class='ocrx_word' id='word_1_346' title='bbox 827 3232 942 3269; x_wconf 83' lang='lat' dir='ltr'>fidem.</span> <span class='ocrx_word' id='word_1_347' title='bbox 974 3232 1064 3275; x_wconf 74' lang='lat' dir='ltr'>Ergo</span> <span class='ocrx_word' id='word_1_348' title='bbox 1088 3231 1110 3263; x_wconf 89' lang='lat' dir='ltr'>fi</span> <span class='ocrx_word' id='word_1_349' title='bbox 1137 3233 1168 3265; x_wconf 89' lang='lat' dir='ltr'>se</span> 
     </span>
     <span class='ocr_line' id='line_1_52' title="bbox 286 3280 1168 3324; baseline 0 -9"><span class='ocrx_word' id='word_1_350' title='bbox 286 3281 342 3324; x_wconf 76' lang='lat' dir='ltr'>illa</span> <span class='ocrx_word' id='word_1_351' title='bbox 356 3291 468 3315; x_wconf 87' lang='lat' dir='ltr'>contra</span> <span class='ocrx_word' id='word_1_352' title='bbox 479 3282 667 3315; x_wconf 85' lang='lat' dir='ltr'>Nestorium</span> <span class='ocrx_word' id='word_1_353' title='bbox 681 3283 762 3315; x_wconf 70' lang='lat' dir='ltr'>reste</span> <span class='ocrx_word' id='word_1_354' title='bbox 774 3294 841 3316; x_wconf 91' lang='lat' dir='ltr'>non</span> <span class='ocrx_word' id='word_1_355' title='bbox 859 3280 999 3319; x_wconf 85' lang='lat' dir='ltr'>habent,</span> <span class='ocrx_word' id='word_1_356' title='bbox 1024 3282 1087 3315; x_wconf 83' lang='lat' dir='ltr'>five</span> <span class='ocrx_word' id='word_1_357' title='bbox 1099 3292 1168 3324; x_wconf 89' lang='lat' dir='ltr'>quae</span> 
     </span>
     <span class='ocr_line' id='line_1_53' title="bbox 287 3331 1168 3374; baseline -0.003 -9"><span class='ocrx_word' id='word_1_358' title='bbox 287 3342 400 3366; x_wconf 85' lang='lat' dir='ltr'>contra</span> <span class='ocrx_word' id='word_1_359' title='bbox 427 3333 566 3373; x_wconf 86' lang='lat' dir='ltr'>perversa</span> <span class='ocrx_word' id='word_1_360' title='bbox 592 3331 659 3372; x_wconf 81' lang='lat' dir='ltr'>ejus</span> <span class='ocrx_word' id='word_1_361' title='bbox 671 3331 839 3374; x_wconf 86' lang='lat' dir='ltr'>Dogmata</span> <span class='ocrx_word' id='word_1_362' title='bbox 854 3331 967 3374; x_wconf 78' lang='lat' dir='ltr'>scripta</span> <span class='ocrx_word' id='word_1_363' title='bbox 981 3332 1075 3370; x_wconf 89' lang='lat' dir='ltr'>sunt,</span> <span class='ocrx_word' id='word_1_364' title='bbox 1102 3332 1168 3366; x_wconf 84' lang='lat' dir='ltr'>fine</span> 
     </span>
     <span class='ocr_line' id='line_1_54' title="bbox 287 3378 1165 3431; baseline -0.001 -15"><span class='ocrx_word' id='word_1_365' title='bbox 287 3383 382 3425; x_wconf 69' lang='lat' dir='ltr'>causa</span> <span class='ocrx_word' id='word_1_366' title='bbox 395 3378 557 3431; x_wconf 63' lang='lat' dir='ltr'>depositus</span> <span class='ocrx_word' id='word_1_367' title='bbox 571 3380 634 3421; x_wconf 63' lang='lat' dir='ltr'>est..</span> <span class='ocrx_word' id='word_1_368' title='bbox 661 3379 767 3418; x_wconf 60' lang='lat' dir='ltr'>Imm&amp;</span> <span class='ocrx_word' id='word_1_369' title='bbox 779 3383 882 3425; x_wconf 80' lang='lat' dir='ltr'>magis</span> <span class='ocrx_word' id='word_1_370' title='bbox 907 3382 941 3421; x_wconf 74' lang='lat' dir='ltr'>&lt;Sc</span> <span class='ocrx_word' id='word_1_371' title='bbox 954 3381 1011 3414; x_wconf 87' lang='lat' dir='ltr'>ille</span> <span class='ocrx_word' id='word_1_372' title='bbox 1034 3380 1165 3426; x_wconf 84' lang='lat' dir='ltr'>quidem</span> 
     </span>
    </p>
   </div>
   <div class='ocr_carea' id='block_1_5' title="bbox 713 180 1710 258">
    <p class='ocr_par' dir='ltr' id='par_1_7' title="bbox 713 180 1710 258">
     <span class='ocr_line' id='line_1_55' title="bbox 713 180 1710 258; baseline 0.006 -20"><span class='ocrx_word' id='word_1_373' title='bbox 713 181 1052 245; x_wconf 46' lang='lat' dir='ltr'>(samonum</span> <span class='ocrx_word' id='word_1_374' title='bbox 1088 180 1334 239; x_wconf 61' lang='lat' dir='ltr'>Paruum</span> <span class='ocrx_word' id='word_1_375' title='bbox 1371 182 1710 258; x_wconf 66' lang='lat' dir='ltr'>Ep1sr01213</span> 
     </span>
    </p>
   </div>
   <div class='ocr_carea' id='block_1_6' title="bbox 1230 278 2133 2825">
    <p class='ocr_par' dir='ltr' id='par_1_8' title="bbox 1236 278 2128 928">
     <span class='ocr_line' id='line_1_56' title="bbox 1244 278 2128 327; baseline 0.009 -12"><span class='ocrx_word' id='word_1_376' title='bbox 1244 279 1375 319; x_wconf 71' lang='lat' dir='ltr'>forsitan</span> <span class='ocrx_word' id='word_1_377' title='bbox 1389 278 1471 319; x_wconf 66' lang='lat' dir='ltr'>reste</span> <span class='ocrx_word' id='word_1_378' title='bbox 1482 282 1582 326; x_wconf 66' lang='lat' dir='ltr'>sapit,</span> <span class='ocrx_word' id='word_1_379' title='bbox 1610 283 1797 321; x_wconf 80' lang='lat' dir='ltr'>Erravimns</span> <span class='ocrx_word' id='word_1_380' title='bbox 1817 291 1926 320; x_wconf 83' lang='lat' dir='ltr'>autem</span> <span class='ocrx_word' id='word_1_381' title='bbox 1949 292 2026 327; x_wconf 84' lang='lat' dir='ltr'>nos,</span> <span class='ocrx_word' id='word_1_382' title='bbox 2054 287 2128 325; x_wconf 75' lang='lat' dir='ltr'>nen</span> 
     </span>
     <span class='ocr_line' id='line_1_57' title="bbox 1241 328 2124 381; baseline 0.008 -18"><span class='ocrx_word' id='word_1_383' title='bbox 1241 328 1542 366; x_wconf 84' lang='lat' dir='ltr'>eiconsentientes.</span> <span class='ocrx_word' id='word_1_384' title='bbox 1569 329 1678 364; x_wconf 70' lang='lat' dir='ltr'>lmmd</span> <span class='ocrx_word' id='word_1_385' title='bbox 1690 334 1748 376; x_wconf 89' lang='lat' dir='ltr'>qui</span> <span class='ocrx_word' id='word_1_386' title='bbox 1765 334 1829 376; x_wconf 70' lang='lat' dir='ltr'>jam</span> <span class='ocrx_word' id='word_1_387' title='bbox 1851 335 2030 379; x_wconf 81' lang='lat' dir='ltr'>scripsimus</span> <span class='ocrx_word' id='word_1_388' title='bbox 2050 334 2124 381; x_wconf 77' lang='lat' dir='ltr'>his,</span> 
     </span>
     <span class='ocr_line' id='line_1_58' title="bbox 1242 380 2126 428; baseline 0.007 -13"><span class='ocrx_word' id='word_1_389' title='bbox 1242 380 1431 427; x_wconf 76' lang='lat' dir='ltr'>quaedixit,</span> <span class='ocrx_word' id='word_1_390' title='bbox 1459 380 1608 419; x_wconf 73' lang='lat' dir='ltr'>adversa.</span> <span class='ocrx_word' id='word_1_391' title='bbox 1639 380 1778 421; x_wconf 69' lang='lat' dir='ltr'>Etcerte</span> <span class='ocrx_word' id='word_1_392' title='bbox 1798 383 1944 428; x_wconf 66' lang='lat' dir='ltr'>Nestorii</span> <span class='ocrx_word' id='word_1_393' title='bbox 1965 386 2062 424; x_wconf 83' lang='lat' dir='ltr'>multi</span> <span class='ocrx_word' id='word_1_394' title='bbox 2079 388 2126 421; x_wconf 80' lang='lat' dir='ltr'>fe-</span> 
     </span>
     <span class='ocr_line' id='line_1_59' title="bbox 1241 431 2125 482; baseline 0.007 -16"><span class='ocrx_word' id='word_1_395' title='bbox 1241 441 1357 469; x_wconf 78' lang='lat' dir='ltr'>runtur</span> <span class='ocrx_word' id='word_1_396' title='bbox 1382 431 1544 477; x_wconf 80' lang='lat' dir='ltr'>Codices,</span> <span class='ocrx_word' id='word_1_397' title='bbox 1571 432 1684 466; x_wconf 84' lang='lat' dir='ltr'>omnia</span> <span class='ocrx_word' id='word_1_398' title='bbox 1707 432 1947 472; x_wconf 80' lang='lat' dir='ltr'>confundentes</span> <span class='ocrx_word' id='word_1_399' title='bbox 1964 460 1975 478; x_wconf 88' lang='lat'>,</span> <span class='ocrx_word' id='word_1_400' title='bbox 2000 436 2035 478; x_wconf 64' lang='grc' dir='ltr'>,δε</span> <span class='ocrx_word' id='word_1_401' title='bbox 2058 448 2125 482; x_wconf 79' lang='lat' dir='ltr'>per-</span> 
     </span>
     <span class='ocr_line' id='line_1_60' title="bbox 1242 481 2124 530; baseline 0.007 -16"><span class='ocrx_word' id='word_1_402' title='bbox 1242 481 1411 522; x_wconf 86' lang='lat' dir='ltr'>turbantes</span> <span class='ocrx_word' id='word_1_403' title='bbox 1434 481 1593 520; x_wconf 83' lang='lat' dir='ltr'>Ecclesias</span> <span class='ocrx_word' id='word_1_404' title='bbox 1607 506 1616 513; x_wconf 85' lang='lat'>.</span> <span class='ocrx_word' id='word_1_405' title='bbox 1645 482 1781 518; x_wconf 85' lang='lat' dir='ltr'>Deinde</span> <span class='ocrx_word' id='word_1_406' title='bbox 1795 483 1965 528; x_wconf 65' lang='lat' dir='ltr'>quomode&gt;</span> <span class='ocrx_word' id='word_1_407' title='bbox 1984 498 2045 526; x_wconf 80' lang='lat' dir='ltr'>nos</span> <span class='ocrx_word' id='word_1_408' title='bbox 2063 498 2099 522; x_wconf 73' lang='lat' dir='ltr'>ea</span> <span class='ocrx_word' id='word_1_409' title='bbox 2110 513 2124 530; x_wconf 89' lang='lat'>,</span> 
     </span>
     <span class='ocr_line' id='line_1_61' title="bbox 1239 532 2123 582; baseline 0.006 -17"><span class='ocrx_word' id='word_1_410' title='bbox 1239 542 1310 573; x_wconf 76' lang='lat' dir='ltr'>quie</span> <span class='ocrx_word' id='word_1_411' title='bbox 1320 541 1435 567; x_wconf 91' lang='lat' dir='ltr'>contra</span> <span class='ocrx_word' id='word_1_412' title='bbox 1448 532 1553 576; x_wconf 85' lang='lat' dir='ltr'>ipsum</span> <span class='ocrx_word' id='word_1_413' title='bbox 1568 534 1644 567; x_wconf 91' lang='lat' dir='ltr'>sunt</span> <span class='ocrx_word' id='word_1_414' title='bbox 1655 533 1772 578; x_wconf 76' lang='lat' dir='ltr'>scripta</span> <span class='ocrx_word' id='word_1_415' title='bbox 1783 558 1796 574; x_wconf 91' lang='lat'>,</span> <span class='ocrx_word' id='word_1_416' title='bbox 1823 532 2005 572; x_wconf 81' lang='lat' dir='ltr'>delebimus</span> <span class='ocrx_word' id='word_1_417' title='bbox 2015 559 2027 576; x_wconf 94' lang='lat'>,</span> <span class='ocrx_word' id='word_1_418' title='bbox 2051 549 2123 582; x_wconf 59' lang='lat'>:3133</span> 
     </span>
     <span class='ocr_line' id='line_1_62' title="bbox 1239 581 2124 633; baseline 0.007 -19"><span class='ocrx_word' id='word_1_419' title='bbox 1239 582 1349 616; x_wconf 83' lang='lat' dir='ltr'>forsan</span> <span class='ocrx_word' id='word_1_420' title='bbox 1371 581 1533 627; x_wconf 87' lang='lat' dir='ltr'>aliquibus</span> <span class='ocrx_word' id='word_1_421' title='bbox 1554 582 1734 626; x_wconf 82' lang='lat' dir='ltr'>juvamen,</span> <span class='ocrx_word' id='word_1_422' title='bbox 1762 583 1812 619; x_wconf 85' lang='lat' dir='ltr'>vel</span> <span class='ocrx_word' id='word_1_423' title='bbox 1839 583 1957 625; x_wconf 79' lang='lat' dir='ltr'>breve,</span> <span class='ocrx_word' id='word_1_424' title='bbox 1983 587 2124 633; x_wconf 65' lang='lat' dir='ltr'>contigit</span> 
     </span>
     <span class='ocr_line' id='line_1_63' title="bbox 1238 631 2124 679; baseline 0.005 -13"><span class='ocrx_word' id='word_1_425' title='bbox 1238 631 1364 666; x_wconf 82' lang='lat' dir='ltr'>efficere</span> <span class='ocrx_word' id='word_1_426' title='bbox 1375 633 1392 664; x_wconf 73' lang='grc' dir='ltr'><em>ἓ</em></span> <span class='ocrx_word' id='word_1_427' title='bbox 1419 633 1571 668; x_wconf 75' lang='lat' dir='ltr'>Pei-videt</span> <span class='ocrx_word' id='word_1_428' title='bbox 1583 633 1684 679; x_wconf 88' lang='lat' dir='ltr'>igitur</span> <span class='ocrx_word' id='word_1_429' title='bbox 1693 643 1749 669; x_wconf 92' lang='lat' dir='ltr'>tua</span> <span class='ocrx_word' id='word_1_430' title='bbox 1762 659 1774 675; x_wconf 93' lang='lat'>,</span> <span class='ocrx_word' id='word_1_431' title='bbox 1799 645 1872 679; x_wconf 83' lang='lat' dir='ltr'>quae</span> <span class='ocrx_word' id='word_1_432' title='bbox 1889 635 1984 668; x_wconf 83' lang='lat' dir='ltr'>omni</span> <span class='ocrx_word' id='word_1_433' title='bbox 2003 635 2124 679; x_wconf 68' lang='lat' dir='ltr'>sapien.</span> 
     </span>
     <span class='ocr_line' id='line_1_64' title="bbox 1238 681 2125 729; baseline 0.009 -14"><span class='ocrx_word' id='word_1_434' title='bbox 1238 682 1284 715; x_wconf 81' lang='lat' dir='ltr'>tia</span> <span class='ocrx_word' id='word_1_435' title='bbox 1295 681 1340 715; x_wconf 84' lang='lat' dir='ltr'>est</span> <span class='ocrx_word' id='word_1_436' title='bbox 1353 682 1470 726; x_wconf 85' lang='lat' dir='ltr'>plena,</span> <span class='ocrx_word' id='word_1_437' title='bbox 1499 683 1678 726; x_wconf 71' lang='lat' dir='ltr'>Persefflo,</span> <span class='ocrx_word' id='word_1_438' title='bbox 1709 684 1784 728; x_wconf 88' lang='lat' dir='ltr'>quia</span> <span class='ocrx_word' id='word_1_439' title='bbox 1805 696 1872 720; x_wconf 89' lang='lat' dir='ltr'>rem</span> <span class='ocrx_word' id='word_1_440' title='bbox 1894 685 2125 729; x_wconf 78' lang='lat' dir='ltr'>impoffibilem</span> 
     </span>
     <span class='ocr_line' id='line_1_65' title="bbox 1238 734 2126 780; baseline 0.009 -16"><span class='ocrx_word' id='word_1_441' title='bbox 1238 742 1386 775; x_wconf 86' lang='lat' dir='ltr'>quaerunt</span> <span class='ocrx_word' id='word_1_442' title='bbox 1399 758 1407 766; x_wconf 90' lang='lat'>.</span> <span class='ocrx_word' id='word_1_443' title='bbox 1435 734 1479 768; x_wconf 91' lang='lat' dir='ltr'>Et</span> <span class='ocrx_word' id='word_1_444' title='bbox 1492 742 1621 769; x_wconf 89' lang='lat' dir='ltr'>tantum</span> <span class='ocrx_word' id='word_1_445' title='bbox 1632 735 1732 780; x_wconf 74' lang='lat' dir='ltr'>longe</span> <span class='ocrx_word' id='word_1_446' title='bbox 1746 737 1819 769; x_wconf 93' lang='lat' dir='ltr'>sunt</span> <span class='ocrx_word' id='word_1_447' title='bbox 1839 736 1856 770; x_wconf 68' lang='lat' dir='ltr'>it</span> <span class='ocrx_word' id='word_1_448' title='bbox 1871 735 2043 772; x_wconf 87' lang='lat' dir='ltr'>voluntate</span> <span class='ocrx_word' id='word_1_449' title='bbox 2063 737 2126 772; x_wconf 87' lang='lat' dir='ltr'>mi·</span> 
     </span>
     <span class='ocr_line' id='line_1_66' title="bbox 1237 782 2125 827; baseline 0.007 -12"><span class='ocrx_word' id='word_1_450' title='bbox 1237 782 1621 827; x_wconf 72' lang='lat' dir='ltr'>tigandiinterjacentem</span> <span class='ocrx_word' id='word_1_451' title='bbox 1647 784 1863 827; x_wconf 87' lang='lat' dir='ltr'>discordiam,</span> <span class='ocrx_word' id='word_1_452' title='bbox 1889 794 1928 819; x_wconf 88' lang='lat' dir='ltr'>ut</span> <span class='ocrx_word' id='word_1_453' title='bbox 1949 797 2022 821; x_wconf 87' lang='lat' dir='ltr'>eam</span> <span class='ocrx_word' id='word_1_454' title='bbox 2033 787 2125 822; x_wconf 56' lang='lat' dir='ltr'>redu,</span> 
     </span>
     <span class='ocr_line' id='line_1_67' title="bbox 1237 833 2125 881; baseline 0.005 -14"><span class='ocrx_word' id='word_1_455' title='bbox 1237 843 1313 867; x_wconf 81' lang='lat' dir='ltr'>eant</span> <span class='ocrx_word' id='word_1_456' title='bbox 1324 833 1364 867; x_wconf 89' lang='lat' dir='ltr'>ad</span> <span class='ocrx_word' id='word_1_457' title='bbox 1376 834 1572 878; x_wconf 85' lang='lat' dir='ltr'>principium</span> <span class='ocrx_word' id='word_1_458' title='bbox 1584 836 1809 871; x_wconf 88' lang='lat' dir='ltr'>contentionis</span> <span class='ocrx_word' id='word_1_459' title='bbox 1823 837 1912 871; x_wconf 88' lang='lat' dir='ltr'>illius</span> <span class='ocrx_word' id='word_1_460' title='bbox 1922 859 1934 876; x_wconf 93' lang='lat'>‚</span> <span class='ocrx_word' id='word_1_461' title='bbox 1962 847 2032 881; x_wconf 60' lang='lat' dir='ltr'>quau</span> <span class='ocrx_word' id='word_1_462' title='bbox 2054 848 2125 876; x_wconf 78' lang='lat' dir='ltr'>nar-¹</span> 
     </span>
     <span class='ocr_line' id='line_1_68' title="bbox 1236 883 1524 928; baseline -0.003 -10"><span class='ocrx_word' id='word_1_463' title='bbox 1236 883 1297 918; x_wconf 87' lang='lat' dir='ltr'>rari</span> <span class='ocrx_word' id='word_1_464' title='bbox 1320 894 1388 917; x_wconf 87' lang='lat' dir='ltr'>non</span> <span class='ocrx_word' id='word_1_465' title='bbox 1400 884 1524 928; x_wconf 88' lang='lat' dir='ltr'>potest.</span> 
     </span>
    </p>

    <p class='ocr_par' dir='ltr' id='par_1_9' title="bbox 1231 932 2133 1828">
     <span class='ocr_line' id='line_1_69' title="bbox 1286 932 2124 983; baseline 0.006 -16"><span class='ocrx_word' id='word_1_466' title='bbox 1286 932 1355 967; x_wconf 91' lang='lat' dir='ltr'>Cur</span> <span class='ocrx_word' id='word_1_467' title='bbox 1366 936 1456 968; x_wconf 88' lang='lat' dir='ltr'>enim</span> <span class='ocrx_word' id='word_1_468' title='bbox 1469 947 1537 971; x_wconf 87' lang='lat' dir='ltr'>non</span> <span class='ocrx_word' id='word_1_469' title='bbox 1549 934 1659 980; x_wconf 72' lang='lat' dir='ltr'>potins</span> <span class='ocrx_word' id='word_1_470' title='bbox 1678 937 1719 972; x_wconf 83' lang='lat' dir='ltr'>ad</span> <span class='ocrx_word' id='word_1_471' title='bbox 1735 936 1930 983; x_wconf 78' lang='lat' dir='ltr'>Ephefinam</span> <span class='ocrx_word' id='word_1_472' title='bbox 1950 937 2124 982; x_wconf 82' lang='lat' dir='ltr'>Metropo-</span> 
     </span>
     <span class='ocr_line' id='line_1_70' title="bbox 1235 984 2125 1032; baseline 0.006 -15"><span class='ocrx_word' id='word_1_473' title='bbox 1235 984 1294 1018; x_wconf 82' lang='lat' dir='ltr'>lim</span> <span class='ocrx_word' id='word_1_474' title='bbox 1306 984 1472 1020; x_wconf 83' lang='lat' dir='ltr'>venientes</span> <span class='ocrx_word' id='word_1_475' title='bbox 1482 1010 1494 1027; x_wconf 87' lang='lat'>,</span> <span class='ocrx_word' id='word_1_476' title='bbox 1519 998 1596 1021; x_wconf 85' lang='lat' dir='ltr'>cum</span> <span class='ocrx_word' id='word_1_477' title='bbox 1607 987 1746 1030; x_wconf 89' lang='lat' dir='ltr'>Synodo</span> <span class='ocrx_word' id='word_1_478' title='bbox 1760 998 1863 1023; x_wconf 88' lang='lat' dir='ltr'>unum</span> <span class='ocrx_word' id='word_1_479' title='bbox 1875 988 2038 1032; x_wconf 87' lang='lat' dir='ltr'>protulere</span> <span class='ocrx_word' id='word_1_480' title='bbox 2058 988 2125 1022; x_wconf 82' lang='lat' dir='ltr'>De-</span> 
     </span>
     <span class='ocr_line' id='line_1_71' title="bbox 1234 1036 2126 1081; baseline 0.003 -13"><span class='ocrx_word' id='word_1_481' title='bbox 1234 1043 1358 1069; x_wconf 87' lang='lat' dir='ltr'>cretum</span> <span class='ocrx_word' id='word_1_482' title='bbox 1369 1045 1483 1071; x_wconf 88' lang='lat' dir='ltr'>contra</span> <span class='ocrx_word' id='word_1_483' title='bbox 1494 1047 1568 1071; x_wconf 86' lang='lat' dir='ltr'>eum</span> <span class='ocrx_word' id='word_1_484' title='bbox 1582 1061 1593 1078; x_wconf 95' lang='lat'>,</span> <span class='ocrx_word' id='word_1_485' title='bbox 1619 1037 1675 1080; x_wconf 89' lang='lat' dir='ltr'>qui</span> <span class='ocrx_word' id='word_1_486' title='bbox 1687 1038 1764 1072; x_wconf 85' lang='lat' dir='ltr'>talia</span> <span class='ocrx_word' id='word_1_487' title='bbox 1790 1039 1824 1072; x_wconf 74' lang='grc' dir='ltr'>δε</span> <span class='ocrx_word' id='word_1_488' title='bbox 1835 1048 1925 1072; x_wconf 87' lang='lat' dir='ltr'>tanta</span> <span class='ocrx_word' id='word_1_489' title='bbox 1938 1036 2039 1081; x_wconf 75' lang='lat' dir='ltr'>impie</span> <span class='ocrx_word' id='word_1_490' title='bbox 2049 1048 2126 1081; x_wconf 79' lang='lat' dir='ltr'>prae-</span> 
     </span>
     <span class='ocr_line' id='line_1_72' title="bbox 1233 1083 2124 1132; baseline 0.007 -16"><span class='ocrx_word' id='word_1_491' title='bbox 1233 1083 1375 1118; x_wconf 76' lang='lat' dir='ltr'>dicavit?</span> <span class='ocrx_word' id='word_1_492' title='bbox 1403 1085 1494 1119; x_wconf 87' lang='lat' dir='ltr'>Nam</span> <span class='ocrx_word' id='word_1_493' title='bbox 1505 1087 1527 1119; x_wconf 85' lang='lat' dir='ltr'>si</span> <span class='ocrx_word' id='word_1_494' title='bbox 1542 1086 1592 1120; x_wconf 86' lang='lat' dir='ltr'>vel</span> <span class='ocrx_word' id='word_1_495' title='bbox 1604 1086 1776 1124; x_wconf 86' lang='lat' dir='ltr'>modicum</span> <span class='ocrx_word' id='word_1_496' title='bbox 1788 1087 2015 1128; x_wconf 84' lang='lat' dir='ltr'>tardaverant‚</span> <span class='ocrx_word' id='word_1_497' title='bbox 2042 1085 2124 1132; x_wconf 85' lang='lat' dir='ltr'>quid</span> 
     </span>
     <span class='ocr_line' id='line_1_73' title="bbox 1234 1130 2127 1180; baseline 0.003 -14"><span class='ocrx_word' id='word_1_498' title='bbox 1234 1130 1428 1176; x_wconf 87' lang='lat' dir='ltr'>prohibebat</span> <span class='ocrx_word' id='word_1_499' title='bbox 1439 1157 1450 1174; x_wconf 93' lang='lat'>‚</span> <span class='ocrx_word' id='word_1_500' title='bbox 1476 1143 1512 1169; x_wconf 90' lang='lat' dir='ltr'>ut</span> <span class='ocrx_word' id='word_1_501' title='bbox 1525 1134 1772 1170; x_wconf 86' lang='lat' dir='ltr'>Commentaria</span> <span class='ocrx_word' id='word_1_502' title='bbox 1786 1135 1996 1180; x_wconf 86' lang='lat' dir='ltr'>inspicientes</span> <span class='ocrx_word' id='word_1_503' title='bbox 2008 1135 2127 1171; x_wconf 74' lang='lat' dir='ltr'>Gesto-</span> 
     </span>
     <span class='ocr_line' id='line_1_74' title="bbox 1234 1183 2124 1230; baseline 0.003 -13"><span class='ocrx_word' id='word_1_504' title='bbox 1234 1194 1304 1217; x_wconf 87' lang='lat' dir='ltr'>rum</span> <span class='ocrx_word' id='word_1_505' title='bbox 1319 1183 1536 1218; x_wconf 79' lang='lat' dir='ltr'>satisfacerent</span> <span class='ocrx_word' id='word_1_506' title='bbox 1548 1185 1593 1218; x_wconf 82' lang='lat' dir='ltr'>eis</span> <span class='ocrx_word' id='word_1_507' title='bbox 1603 1206 1616 1224; x_wconf 88' lang='lat'>‚</span> <span class='ocrx_word' id='word_1_508' title='bbox 1641 1195 1711 1227; x_wconf 79' lang='lat' dir='ltr'>quae</span> <span class='ocrx_word' id='word_1_509' title='bbox 1723 1183 1871 1230; x_wconf 73' lang='lat' dir='ltr'>legitime</span> <span class='ocrx_word' id='word_1_510' title='bbox 1879 1186 2006 1220; x_wconf 88' lang='lat' dir='ltr'>fuerant</span> <span class='ocrx_word' id='word_1_511' title='bbox 2018 1187 2099 1220; x_wconf 66' lang='lat' dir='ltr'>fasta</span> <span class='ocrx_word' id='word_1_512' title='bbox 2112 1210 2124 1227; x_wconf 97' lang='lat'>,</span> 
     </span>
     <span class='ocr_line' id='line_1_75' title="bbox 1232 1234 2128 1279; baseline 0.003 -12"><span class='ocrx_word' id='word_1_513' title='bbox 1232 1234 1265 1267; x_wconf 76' lang='lat' dir='ltr'>dc</span> <span class='ocrx_word' id='word_1_514' title='bbox 1284 1234 1526 1275; x_wconf 86' lang='lat' dir='ltr'>consentirent,</span> <span class='ocrx_word' id='word_1_515' title='bbox 1554 1236 1635 1269; x_wconf 84' lang='lat' dir='ltr'>ficut</span> <span class='ocrx_word' id='word_1_516' title='bbox 1658 1234 1752 1276; x_wconf 86' lang='lat' dir='ltr'>dixi,</span> <span class='ocrx_word' id='word_1_517' title='bbox 1778 1237 1888 1276; x_wconf 72' lang='lat' dir='ltr'>resto,</span> <span class='ocrx_word' id='word_1_518' title='bbox 1916 1235 1950 1270; x_wconf 70' lang='grc' dir='ltr'>ὅ(</span> <span class='ocrx_word' id='word_1_519' title='bbox 1971 1235 2061 1279; x_wconf 88' lang='lat' dir='ltr'>quod</span> <span class='ocrx_word' id='word_1_520' title='bbox 2076 1236 2128 1270; x_wconf 80' lang='lat' dir='ltr'>in·</span> 
     </span>
     <span class='ocr_line' id='line_1_76' title="bbox 1234 1283 2125 1327; baseline 0.002 -10"><span class='ocrx_word' id='word_1_521' title='bbox 1234 1283 1354 1327; x_wconf 90' lang='lat' dir='ltr'>crepari</span> <span class='ocrx_word' id='word_1_522' title='bbox 1381 1294 1451 1318; x_wconf 91' lang='lat' dir='ltr'>non</span> <span class='ocrx_word' id='word_1_523' title='bbox 1465 1283 1563 1318; x_wconf 87' lang='lat' dir='ltr'>debet</span> <span class='ocrx_word' id='word_1_524' title='bbox 1574 1308 1586 1325; x_wconf 88' lang='lat'>‚</span> <span class='ocrx_word' id='word_1_525' title='bbox 1613 1285 1760 1320; x_wconf 84' lang='lat' dir='ltr'>Decreto</span> <span class='ocrx_word' id='word_1_526' title='bbox 1772 1287 1963 1320; x_wconf 65' lang='lat' dir='ltr'>cunstorum</span> <span class='ocrx_word' id='word_1_527' title='bbox 1979 1286 1993 1319; x_wconf 67' lang='grc' dir='ltr'><strong><em>ἓ</em></strong></span> <span class='ocrx_word' id='word_1_528' title='bbox 2019 1285 2080 1320; x_wconf 90' lang='lat' dir='ltr'>Sed</span> <span class='ocrx_word' id='word_1_529' title='bbox 2105 1284 2125 1319; x_wconf 75' lang='grc' dir='ltr'>ὁ</span> 
     </span>
     <span class='ocr_line' id='line_1_77' title="bbox 1232 1330 2129 1379; baseline 0.002 -11"><span class='ocrx_word' id='word_1_530' title='bbox 1232 1330 1348 1368; x_wconf 82' lang='lat' dir='ltr'>contra</span> <span class='ocrx_word' id='word_1_531' title='bbox 1371 1344 1432 1367; x_wconf 84' lang='lat' dir='ltr'>nec</span> <span class='ocrx_word' id='word_1_532' title='bbox 1444 1334 1633 1368; x_wconf 86' lang='lat' dir='ltr'>Dominum</span> <span class='ocrx_word' id='word_1_533' title='bbox 1643 1335 1849 1379; x_wconf 77' lang='lat' dir='ltr'>cogitantes,</span> <span class='ocrx_word' id='word_1_534' title='bbox 1876 1345 1983 1378; x_wconf 88' lang='lat' dir='ltr'>neque</span> <span class='ocrx_word' id='word_1_535' title='bbox 1993 1335 2129 1370; x_wconf 80' lang='lat' dir='ltr'>causam</span> 
     </span>
     <span class='ocr_line' id='line_1_78' title="bbox 1234 1383 2125 1428; baseline 0.001 -11"><span class='ocrx_word' id='word_1_536' title='bbox 1234 1394 1291 1427; x_wconf 90' lang='lat' dir='ltr'>pro</span> <span class='ocrx_word' id='word_1_537' title='bbox 1305 1394 1367 1426; x_wconf 90' lang='lat' dir='ltr'>qua</span> <span class='ocrx_word' id='word_1_538' title='bbox 1380 1383 1574 1428; x_wconf 81' lang='lat' dir='ltr'>congregati</span> <span class='ocrx_word' id='word_1_539' title='bbox 1586 1384 1661 1417; x_wconf 90' lang='lat' dir='ltr'>sunt</span> <span class='ocrx_word' id='word_1_540' title='bbox 1687 1386 1699 1421; x_wconf 95' lang='lat'>(</span> <span class='ocrx_word' id='word_1_541' title='bbox 1713 1395 1783 1418; x_wconf 86' lang='lat' dir='ltr'>non</span> <span class='ocrx_word' id='word_1_542' title='bbox 1797 1385 1887 1419; x_wconf 89' lang='lat' dir='ltr'>enim</span> <span class='ocrx_word' id='word_1_543' title='bbox 1902 1384 1943 1418; x_wconf 87' lang='lat' dir='ltr'>de</span> <span class='ocrx_word' id='word_1_544' title='bbox 1952 1384 2125 1420; x_wconf 82' lang='lat' dir='ltr'>communi</span> 
     </span>
     <span class='ocr_line' id='line_1_79' title="bbox 1231 1433 2129 1478; baseline 0.001 -11"><span class='ocrx_word' id='word_1_545' title='bbox 1231 1443 1439 1477; x_wconf 89' lang='lat' dir='ltr'>quacumque</span> <span class='ocrx_word' id='word_1_546' title='bbox 1460 1433 1555 1467; x_wconf 90' lang='lat' dir='ltr'>causa</span> <span class='ocrx_word' id='word_1_547' title='bbox 1577 1433 1682 1467; x_wconf 88' lang='lat' dir='ltr'>sermo</span> <span class='ocrx_word' id='word_1_548' title='bbox 1703 1442 1793 1474; x_wconf 89' lang='lat' dir='ltr'>erat,</span> <span class='ocrx_word' id='word_1_549' title='bbox 1823 1434 1877 1468; x_wconf 82' lang='lat' dir='ltr'>sed</span> <span class='ocrx_word' id='word_1_550' title='bbox 1898 1433 1941 1468; x_wconf 86' lang='lat' dir='ltr'>de</span> <span class='ocrx_word' id='word_1_551' title='bbox 1959 1434 2042 1474; x_wconf 85' lang='lat' dir='ltr'>fide,</span> <span class='ocrx_word' id='word_1_552' title='bbox 2068 1444 2129 1478; x_wconf 65' lang='lat' dir='ltr'>per,</span> 
     </span>
     <span class='ocr_line' id='line_1_80' title="bbox 1232 1482 2125 1528; baseline 0.003 -11"><span class='ocrx_word' id='word_1_553' title='bbox 1232 1495 1331 1528; x_wconf 86' lang='lat' dir='ltr'>quam</span> <span class='ocrx_word' id='word_1_554' title='bbox 1344 1482 1514 1517; x_wconf 89' lang='lat' dir='ltr'>Mundum</span> <span class='ocrx_word' id='word_1_555' title='bbox 1530 1482 1664 1518; x_wconf 88' lang='lat' dir='ltr'>salvavit</span> <span class='ocrx_word' id='word_1_556' title='bbox 1675 1483 1768 1518; x_wconf 87' lang='lat' dir='ltr'>Deus</span> <span class='ocrx_word' id='word_1_557' title='bbox 1795 1483 1829 1517; x_wconf 69' lang='grc' dir='ltr'>ὅ(</span> <span class='ocrx_word' id='word_1_558' title='bbox 1841 1483 1959 1525; x_wconf 88' lang='lat' dir='ltr'>Pater)</span> <span class='ocrx_word' id='word_1_559' title='bbox 1987 1493 2125 1520; x_wconf 83' lang='lat' dir='ltr'>omnem</span> 
     </span>
     <span class='ocr_line' id='line_1_81' title="bbox 1232 1533 2133 1581; baseline 0.002 -13"><span class='ocrx_word' id='word_1_560' title='bbox 1232 1533 1445 1572; x_wconf 84' lang='lat' dir='ltr'>cruditatem,</span> <span class='ocrx_word' id='word_1_561' title='bbox 1471 1534 1505 1567; x_wconf 78' lang='lat' dir='ltr'>dc</span> <span class='ocrx_word' id='word_1_562' title='bbox 1517 1543 1617 1567; x_wconf 90' lang='lat' dir='ltr'>omne</span> <span class='ocrx_word' id='word_1_563' title='bbox 1630 1533 1810 1568; x_wconf 84' lang='lat' dir='ltr'>fraternum</span> <span class='ocrx_word' id='word_1_564' title='bbox 1828 1534 1943 1569; x_wconf 88' lang='lat' dir='ltr'>odium</span> <span class='ocrx_word' id='word_1_565' title='bbox 1967 1534 2002 1567; x_wconf 88' lang='lat' dir='ltr'>in</span> <span class='ocrx_word' id='word_1_566' title='bbox 2024 1533 2133 1581; x_wconf 21' lang='lat' dir='ltr'>nobis*</span> 
     </span>
     <span class='ocr_line' id='line_1_82' title="bbox 1231 1583 2126 1626; baseline 0.001 -9"><span class='ocrx_word' id='word_1_567' title='bbox 1231 1583 1459 1617; x_wconf 79' lang='lat' dir='ltr'>ostenderunt&#39;:</span> <span class='ocrx_word' id='word_1_568' title='bbox 1485 1583 1574 1617; x_wconf 90' lang='lat' dir='ltr'>Tam</span> <span class='ocrx_word' id='word_1_569' title='bbox 1600 1583 1751 1618; x_wconf 65' lang='lat' dir='ltr'>Sanctam</span> <span class='ocrx_word' id='word_1_570' title='bbox 1777 1583 1812 1616; x_wconf 75' lang='grc' dir='ltr'>δε</span> <span class='ocrx_word' id='word_1_571' title='bbox 1834 1583 2046 1619; x_wconf 88' lang='lat' dir='ltr'>universalem</span> <span class='ocrx_word' id='word_1_572' title='bbox 2065 1583 2126 1626; x_wconf 43' lang='lat' dir='ltr'>Sys</span> 
     </span>
     <span class='ocr_line' id='line_1_83' title="bbox 1232 1631 2122 1675; baseline 0.001 -9"><span class='ocrx_word' id='word_1_573' title='bbox 1232 1633 1357 1668; x_wconf 88' lang='lat' dir='ltr'>nodum</span> <span class='ocrx_word' id='word_1_574' title='bbox 1380 1632 1728 1672; x_wconf 82' lang='lat' dir='ltr'>excommunicatione</span> <span class='ocrx_word' id='word_1_575' title='bbox 1749 1632 1943 1675; x_wconf 80' lang='lat' dir='ltr'>injuriantes</span> <span class='ocrx_word' id='word_1_576' title='bbox 1959 1657 1971 1673; x_wconf 93' lang='lat'>,</span> <span class='ocrx_word' id='word_1_577' title='bbox 1998 1634 2033 1672; x_wconf 69' lang='grc' dir='ltr'>ὃς</span> <span class='ocrx_word' id='word_1_578' title='bbox 2055 1631 2122 1671; x_wconf 78' lang='lat' dir='ltr'>hoc</span> 
     </span>
     <span class='ocr_line' id='line_1_84' title="bbox 1231 1682 2120 1728; baseline -0.001 -10"><span class='ocrx_word' id='word_1_579' title='bbox 1231 1683 1350 1728; x_wconf 87' lang='lat' dir='ltr'>absque</span> <span class='ocrx_word' id='word_1_580' title='bbox 1361 1682 1486 1727; x_wconf 82' lang='lat' dir='ltr'>judicio</span> <span class='ocrx_word' id='word_1_581' title='bbox 1496 1708 1508 1725; x_wconf 91' lang='lat'>‚</span> <span class='ocrx_word' id='word_1_582' title='bbox 1534 1694 1632 1728; x_wconf 84' lang='lat' dir='ltr'>quam</span> <span class='ocrx_word' id='word_1_583' title='bbox 1645 1684 1745 1722; x_wconf 88' lang='lat' dir='ltr'>etiam</span> <span class='ocrx_word' id='word_1_584' title='bbox 1756 1683 1845 1717; x_wconf 91' lang='lat' dir='ltr'>velut</span> <span class='ocrx_word' id='word_1_585' title='bbox 1857 1683 1980 1718; x_wconf 78' lang='lat' dir='ltr'>immiti</span> <span class='ocrx_word' id='word_1_586' title='bbox 2002 1682 2120 1717; x_wconf 63' lang='lat' dir='ltr'>dexte-³</span> 
     </span>
     <span class='ocr_line' id='line_1_85' title="bbox 1231 1731 2123 1779; baseline 0.002 -11"><span class='ocrx_word' id='word_1_587' title='bbox 1231 1745 1263 1768; x_wconf 86' lang='lat' dir='ltr'>ra</span> <span class='ocrx_word' id='word_1_588' title='bbox 1273 1733 1422 1779; x_wconf 85' lang='lat' dir='ltr'>gladium</span> <span class='ocrx_word' id='word_1_589' title='bbox 1446 1734 1572 1768; x_wconf 79' lang='lat' dir='ltr'>saevitiae</span> <span class='ocrx_word' id='word_1_590' title='bbox 1595 1733 1799 1779; x_wconf 86' lang='lat' dir='ltr'>intingentes</span> <span class='ocrx_word' id='word_1_591' title='bbox 1812 1733 1847 1767; x_wconf 89' lang='lat' dir='ltr'>in</span> <span class='ocrx_word' id='word_1_592' title='bbox 1859 1744 1913 1769; x_wconf 88' lang='lat' dir='ltr'>me</span> <span class='ocrx_word' id='word_1_593' title='bbox 1926 1757 1938 1774; x_wconf 92' lang='lat'>,</span> <span class='ocrx_word' id='word_1_594' title='bbox 1963 1743 2002 1769; x_wconf 88' lang='lat' dir='ltr'>ac</span> <span class='ocrx_word' id='word_1_595' title='bbox 2015 1731 2123 1771; x_wconf 62' lang='lat' dir='ltr'>Revesr</span> 
     </span>
     <span class='ocr_line' id='line_1_86' title="bbox 1231 1783 1819 1828; baseline 0 -10"><span class='ocrx_word' id='word_1_596' title='bbox 1231 1784 1419 1818; x_wconf 84' lang='lat' dir='ltr'>rendiffimo</span> <span class='ocrx_word' id='word_1_597' title='bbox 1440 1783 1605 1828; x_wconf 85' lang='lat' dir='ltr'>Episcopo</span> <span class='ocrx_word' id='word_1_598' title='bbox 1615 1783 1819 1821; x_wconf 87' lang='lat' dir='ltr'>Memnone.</span> 
     </span>
    </p>

    <p class='ocr_par' dir='ltr' id='par_1_10' title="bbox 1230 1833 2124 2721">
     <span class='ocr_line' id='line_1_87' title="bbox 1280 1833 2121 1876; baseline 0.005 -9"><span class='ocrx_word' id='word_1_599' title='bbox 1280 1833 1447 1867; x_wconf 84' lang='lat' dir='ltr'>Ponamus</span> <span class='ocrx_word' id='word_1_600' title='bbox 1472 1834 1562 1868; x_wconf 83' lang='lat' dir='ltr'>enim</span> <span class='ocrx_word' id='word_1_601' title='bbox 1586 1833 1661 1876; x_wconf 88' lang='lat' dir='ltr'>quia</span> <span class='ocrx_word' id='word_1_602' title='bbox 1682 1834 1859 1869; x_wconf 83' lang='lat' dir='ltr'>secundum</span> <span class='ocrx_word' id='word_1_603' title='bbox 1885 1835 2060 1870; x_wconf 81' lang='lat' dir='ltr'>veritatem</span> <span class='ocrx_word' id='word_1_604' title='bbox 2085 1834 2121 1872; x_wconf 72' lang='grc' dir='ltr'>δε</span> 
     </span>
     <span class='ocr_line' id='line_1_88' title="bbox 1230 1883 2124 1928; baseline -0.001 -10"><span class='ocrx_word' id='word_1_605' title='bbox 1230 1883 1357 1918; x_wconf 85' lang='lat' dir='ltr'>transiit</span> <span class='ocrx_word' id='word_1_606' title='bbox 1370 1895 1431 1918; x_wconf 88' lang='lat' dir='ltr'>nos</span> <span class='ocrx_word' id='word_1_607' title='bbox 1442 1883 1565 1925; x_wconf 89' lang='lat' dir='ltr'>aliquid</span> <span class='ocrx_word' id='word_1_608' title='bbox 1577 1907 1589 1924; x_wconf 90' lang='lat'>‚</span> <span class='ocrx_word' id='word_1_609' title='bbox 1615 1883 1705 1928; x_wconf 88' lang='lat' dir='ltr'>quod</span> <span class='ocrx_word' id='word_1_610' title='bbox 1723 1884 1764 1918; x_wconf 89' lang='lat' dir='ltr'>ad</span> <span class='ocrx_word' id='word_1_611' title='bbox 1777 1884 2004 1919; x_wconf 70' lang='lat' dir='ltr'>rectitudinem</span> <span class='ocrx_word' id='word_1_612' title='bbox 2029 1885 2124 1928; x_wconf 81' lang='lat' dir='ltr'>Dog-</span> 
     </span>
     <span class='ocr_line' id='line_1_89' title="bbox 1230 1933 2122 1977; baseline 0.004 -11"><span class='ocrx_word' id='word_1_613' title='bbox 1230 1943 1354 1967; x_wconf 89' lang='lat' dir='ltr'>matum</span> <span class='ocrx_word' id='word_1_614' title='bbox 1377 1933 1536 1977; x_wconf 89' lang='lat' dir='ltr'>pertinet,</span> <span class='ocrx_word' id='word_1_615' title='bbox 1564 1943 1621 1968; x_wconf 91' lang='lat' dir='ltr'>aut</span> <span class='ocrx_word' id='word_1_616' title='bbox 1644 1935 1729 1968; x_wconf 84' lang='lat' dir='ltr'>cirea</span> <span class='ocrx_word' id='word_1_617' title='bbox 1749 1934 1833 1969; x_wconf 86' lang='lat' dir='ltr'>alios</span> <span class='ocrx_word' id='word_1_618' title='bbox 1858 1934 1977 1969; x_wconf 86' lang='lat' dir='ltr'>modos</span> <span class='ocrx_word' id='word_1_619' title='bbox 1993 1933 2122 1977; x_wconf 66' lang='lat' dir='ltr'>subjeai</span> 
     </span>
     <span class='ocr_line' id='line_1_90' title="bbox 1231 1983 2122 2028; baseline -0.001 -10"><span class='ocrx_word' id='word_1_620' title='bbox 1231 1983 1394 2028; x_wconf 86' lang='lat' dir='ltr'>aliquibus</span> <span class='ocrx_word' id='word_1_621' title='bbox 1406 1983 1508 2026; x_wconf 86' lang='lat' dir='ltr'>culpis</span> <span class='ocrx_word' id='word_1_622' title='bbox 1518 1994 1643 2019; x_wconf 81' lang='lat' dir='ltr'>eramus</span> <span class='ocrx_word' id='word_1_623' title='bbox 1669 1984 1733 2018; x_wconf 88' lang='lat' dir='ltr'>sive</span> <span class='ocrx_word' id='word_1_624' title='bbox 1746 1985 1886 2027; x_wconf 86' lang='lat' dir='ltr'>peccatis</span> <span class='ocrx_word' id='word_1_625' title='bbox 1898 2008 1910 2024; x_wconf 92' lang='lat'>,</span> <span class='ocrx_word' id='word_1_626' title='bbox 1937 1996 2005 2019; x_wconf 89' lang='lat' dir='ltr'>non</span> <span class='ocrx_word' id='word_1_627' title='bbox 2018 1995 2122 2027; x_wconf 58' lang='lat' dir='ltr'>opor*</span> 
     </span>
     <span class='ocr_line' id='line_1_91' title="bbox 1231 2033 2121 2076; baseline 0.006 -11"><span class='ocrx_word' id='word_1_628' title='bbox 1231 2042 1313 2065; x_wconf 91' lang='lat' dir='ltr'>teret</span> <span class='ocrx_word' id='word_1_629' title='bbox 1340 2034 1460 2075; x_wconf 86' lang='lat' dir='ltr'>dignos</span> <span class='ocrx_word' id='word_1_630' title='bbox 1485 2033 1555 2067; x_wconf 86' lang='lat' dir='ltr'>fieri</span> <span class='ocrx_word' id='word_1_631' title='bbox 1575 2034 1665 2076; x_wconf 76' lang='lat' dir='ltr'>prius</span> <span class='ocrx_word' id='word_1_632' title='bbox 1691 2034 1838 2071; x_wconf 86' lang='lat' dir='ltr'>sermone</span> <span class='ocrx_word' id='word_1_633' title='bbox 1861 2033 2045 2076; x_wconf 84' lang='lat' dir='ltr'>colloquii?</span> <span class='ocrx_word' id='word_1_634' title='bbox 2073 2034 2121 2070; x_wconf 83' lang='lat' dir='ltr'>At</span> 
     </span>
     <span class='ocr_line' id='line_1_92' title="bbox 1231 2079 2117 2123; baseline 0.006 -10"><span class='ocrx_word' id='word_1_635' title='bbox 1231 2081 1287 2123; x_wconf 89' lang='lat' dir='ltr'>qui</span> <span class='ocrx_word' id='word_1_636' title='bbox 1300 2079 1380 2114; x_wconf 91' lang='lat' dir='ltr'>dum</span> <span class='ocrx_word' id='word_1_637' title='bbox 1403 2081 1486 2114; x_wconf 73' lang='lat' dir='ltr'>certe</span> <span class='ocrx_word' id='word_1_638' title='bbox 1498 2091 1613 2115; x_wconf 87' lang='lat' dir='ltr'>omnes</span> <span class='ocrx_word' id='word_1_639' title='bbox 1642 2083 1889 2122; x_wconf 78' lang='lat' dir='ltr'>sustinuerimus</span> <span class='ocrx_word' id='word_1_640' title='bbox 1904 2084 2117 2122; x_wconf 80' lang='lat' dir='ltr'>Nestorium,</span> 
     </span>
     <span class='ocr_line' id='line_1_93' title="bbox 1230 2130 2122 2175; baseline 0.003 -11"><span class='ocrx_word' id='word_1_641' title='bbox 1230 2131 1310 2164; x_wconf 90' lang='lat' dir='ltr'>dum</span> <span class='ocrx_word' id='word_1_642' title='bbox 1321 2130 1481 2164; x_wconf 84' lang='lat' dir='ltr'>triennale</span> <span class='ocrx_word' id='word_1_643' title='bbox 1495 2140 1623 2174; x_wconf 85' lang='lat' dir='ltr'>tempus</span> <span class='ocrx_word' id='word_1_644' title='bbox 1636 2130 1893 2175; x_wconf 86' lang='lat' dir='ltr'>blasphemando</span> <span class='ocrx_word' id='word_1_645' title='bbox 1901 2134 2122 2172; x_wconf 83' lang='lat' dir='ltr'>consumeret,</span> 
     </span>
     <span class='ocr_line' id='line_1_94' title="bbox 1231 2179 2121 2220; baseline 0.002 -5"><span class='ocrx_word' id='word_1_646' title='bbox 1231 2182 1265 2215; x_wconf 77' lang='grc' dir='ltr'>δε</span> <span class='ocrx_word' id='word_1_647' title='bbox 1278 2179 1450 2215; x_wconf 89' lang='lat' dir='ltr'>nobiscum</span> <span class='ocrx_word' id='word_1_648' title='bbox 1476 2181 1552 2215; x_wconf 78' lang='lat' dir='ltr'>vero</span> <span class='ocrx_word' id='word_1_649' title='bbox 1564 2180 1722 2216; x_wconf 68' lang='lat' dir='ltr'>Sanstitas</span> <span class='ocrx_word' id='word_1_650' title='bbox 1744 2192 1800 2216; x_wconf 90' lang='lat' dir='ltr'>tua</span> <span class='ocrx_word' id='word_1_651' title='bbox 1825 2182 1859 2218; x_wconf 75' lang='grc' dir='ltr'>δε</span> <span class='ocrx_word' id='word_1_652' title='bbox 1880 2193 1981 2216; x_wconf 90' lang='lat' dir='ltr'>omne</span> <span class='ocrx_word' id='word_1_653' title='bbox 1993 2183 2121 2220; x_wconf 88' lang='lat' dir='ltr'>Conci-</span> 
     </span>
     <span class='ocr_line' id='line_1_95' title="bbox 1231 2230 2122 2274; baseline 0.003 -11"><span class='ocrx_word' id='word_1_654' title='bbox 1231 2231 1335 2271; x_wconf 89' lang='lat' dir='ltr'>lium,</span> <span class='ocrx_word' id='word_1_655' title='bbox 1361 2230 1497 2264; x_wconf 83' lang='lat' dir='ltr'>fecimus</span> <span class='ocrx_word' id='word_1_656' title='bbox 1517 2230 1676 2266; x_wconf 83' lang='lat' dir='ltr'>abducere</span> <span class='ocrx_word' id='word_1_657' title='bbox 1704 2231 1837 2274; x_wconf 78' lang='lat' dir='ltr'>quidem</span> <span class='ocrx_word' id='word_1_658' title='bbox 1866 2231 1960 2267; x_wconf 87' lang='lat' dir='ltr'>illum</span> <span class='ocrx_word' id='word_1_659' title='bbox 1986 2231 2028 2269; x_wconf 89' lang='lat' dir='ltr'>ab</span> <span class='ocrx_word' id='word_1_660' title='bbox 2053 2231 2122 2272; x_wconf 88' lang='lat' dir='ltr'>eis,</span> 
     </span>
     <span class='ocr_line' id='line_1_96' title="bbox 1231 2280 2119 2326; baseline 0.001 -12"><span class='ocrx_word' id='word_1_661' title='bbox 1231 2281 1459 2317; x_wconf 78' lang='lat' dir='ltr'>transformare</span> <span class='ocrx_word' id='word_1_662' title='bbox 1473 2290 1579 2316; x_wconf 84' lang='lat' dir='ltr'>autem</span> <span class='ocrx_word' id='word_1_663' title='bbox 1592 2280 1702 2323; x_wconf 79' lang='lat' dir='ltr'>potius</span> <span class='ocrx_word' id='word_1_664' title='bbox 1713 2280 1753 2316; x_wconf 89' lang='lat' dir='ltr'>ad</span> <span class='ocrx_word' id='word_1_665' title='bbox 1765 2281 1820 2315; x_wconf 85' lang='lat' dir='ltr'>illa</span> <span class='ocrx_word' id='word_1_666' title='bbox 1829 2281 1997 2326; x_wconf 84' lang='lat' dir='ltr'>Dogmata</span> <span class='ocrx_word' id='word_1_667' title='bbox 2009 2305 2020 2322; x_wconf 91' lang='lat'>,</span> <span class='ocrx_word' id='word_1_668' title='bbox 2047 2293 2119 2325; x_wconf 76' lang='lat' dir='ltr'>quae</span> 
     </span>
     <span class='ocr_line' id='line_1_97' title="bbox 1231 2329 2121 2375; baseline 0 -11"><span class='ocrx_word' id='word_1_669' title='bbox 1231 2331 1272 2365; x_wconf 91' lang='lat' dir='ltr'>ad</span> <span class='ocrx_word' id='word_1_670' title='bbox 1299 2329 1527 2366; x_wconf 72' lang='lat' dir='ltr'>testitudinem</span> <span class='ocrx_word' id='word_1_671' title='bbox 1556 2330 1791 2375; x_wconf 86' lang='lat' dir='ltr'>veritatemque</span> <span class='ocrx_word' id='word_1_672' title='bbox 1806 2331 1998 2375; x_wconf 64' lang='lat' dir='ltr'>respiciunt..</span> <span class='ocrx_word' id='word_1_673' title='bbox 2026 2332 2121 2368; x_wconf 87' lang='lat' dir='ltr'>Dum</span> 
     </span>
     <span class='ocr_line' id='line_1_98' title="bbox 1232 2378 2121 2424; baseline -0.001 -9"><span class='ocrx_word' id='word_1_674' title='bbox 1232 2381 1308 2415; x_wconf 77' lang='lat' dir='ltr'>vero</span> <span class='ocrx_word' id='word_1_675' title='bbox 1322 2381 1495 2424; x_wconf 84' lang='lat' dir='ltr'>persisteret</span> <span class='ocrx_word' id='word_1_676' title='bbox 1510 2404 1520 2420; x_wconf 89' lang='lat'>,</span> <span class='ocrx_word' id='word_1_677' title='bbox 1545 2380 1579 2414; x_wconf 90' lang='lat'>&amp;</span> <span class='ocrx_word' id='word_1_678' title='bbox 1592 2378 1698 2415; x_wconf 71' lang='lat' dir='ltr'>multo</span> <span class='ocrx_word' id='word_1_679' title='bbox 1708 2380 1868 2416; x_wconf 85' lang='lat' dir='ltr'>deteriora</span> <span class='ocrx_word' id='word_1_680' title='bbox 1890 2380 1988 2414; x_wconf 88' lang='lat' dir='ltr'>verbo</span> <span class='ocrx_word' id='word_1_681' title='bbox 1999 2380 2121 2419; x_wconf 82' lang='lat' dir='ltr'>labere-</span> 
     </span>
     <span class='ocr_line' id='line_1_99' title="bbox 1232 2428 2120 2474; baseline -0.001 -9"><span class='ocrx_word' id='word_1_682' title='bbox 1232 2441 1284 2465; x_wconf 86' lang='lat' dir='ltr'>tur</span> <span class='ocrx_word' id='word_1_683' title='bbox 1295 2429 1449 2466; x_wconf 76' lang='lat' dir='ltr'>adversus</span> <span class='ocrx_word' id='word_1_684' title='bbox 1461 2429 1601 2474; x_wconf 85' lang='lat' dir='ltr'>gloriam</span> <span class='ocrx_word' id='word_1_685' title='bbox 1613 2428 1738 2463; x_wconf 86' lang='lat' dir='ltr'>Christi</span> <span class='ocrx_word' id='word_1_686' title='bbox 1763 2430 1798 2463; x_wconf 78' lang='grc' dir='ltr'>δε</span> <span class='ocrx_word' id='word_1_687' title='bbox 1818 2430 1851 2463; x_wconf 91' lang='lat' dir='ltr'>in</span> <span class='ocrx_word' id='word_1_688' title='bbox 1872 2431 1938 2472; x_wconf 86' lang='lat' dir='ltr'>ipsa</span> <span class='ocrx_word' id='word_1_689' title='bbox 1967 2429 2120 2473; x_wconf 79' lang='lat' dir='ltr'>Ephesio·-</span> 
     </span>
     <span class='ocr_line' id='line_1_100' title="bbox 1233 2477 2121 2523; baseline -0.001 -8"><span class='ocrx_word' id='word_1_690' title='bbox 1233 2491 1303 2516; x_wconf 87' lang='lat' dir='ltr'>rum</span> <span class='ocrx_word' id='word_1_691' title='bbox 1316 2480 1523 2523; x_wconf 85' lang='lat' dir='ltr'>Metropoli,</span> <span class='ocrx_word' id='word_1_692' title='bbox 1548 2478 1590 2516; x_wconf 85' lang='lat' dir='ltr'>de</span> <span class='ocrx_word' id='word_1_693' title='bbox 1613 2479 1739 2523; x_wconf 90' lang='lat' dir='ltr'>reliquo</span> <span class='ocrx_word' id='word_1_694' title='bbox 1763 2489 1919 2521; x_wconf 86' lang='lat' dir='ltr'>tanquam</span> <span class='ocrx_word' id='word_1_695' title='bbox 1945 2477 2121 2516; x_wconf 85' lang='lat' dir='ltr'>incurabili</span> 
     </span>
     <span class='ocr_line' id='line_1_101' title="bbox 1232 2528 2121 2576; baseline -0.002 -11"><span class='ocrx_word' id='word_1_696' title='bbox 1232 2531 1391 2576; x_wconf 88' lang='lat' dir='ltr'>languore</span> <span class='ocrx_word' id='word_1_697' title='bbox 1401 2530 1573 2567; x_wconf 89' lang='lat' dir='ltr'>detentum</span> <span class='ocrx_word' id='word_1_698' title='bbox 1592 2530 1697 2564; x_wconf 70' lang='lat' dir='ltr'>sancta</span> <span class='ocrx_word' id='word_1_699' title='bbox 1709 2528 1864 2570; x_wconf 87' lang='lat' dir='ltr'>Synodus</span> <span class='ocrx_word' id='word_1_700' title='bbox 1876 2528 2013 2565; x_wconf 80' lang='lat' dir='ltr'>removit</span> <span class='ocrx_word' id='word_1_701' title='bbox 2035 2530 2053 2566; x_wconf 64' lang='lat' dir='ltr'>a</span> <span class='ocrx_word' id='word_1_702' title='bbox 2066 2529 2121 2563; x_wconf 88' lang='lat' dir='ltr'>Sa·</span> 
     </span>
     <span class='ocr_line' id='line_1_102' title="bbox 1232 2578 2119 2619; baseline -0.005 -3"><span class='ocrx_word' id='word_1_703' title='bbox 1232 2581 1382 2616; x_wconf 86' lang='lat' dir='ltr'>cerdotio</span> <span class='ocrx_word' id='word_1_704' title='bbox 1394 2604 1402 2611; x_wconf 90' lang='lat'><strong>.</strong></span> <span class='ocrx_word' id='word_1_705' title='bbox 1429 2578 1523 2612; x_wconf 91' lang='lat' dir='ltr'>Volo</span> <span class='ocrx_word' id='word_1_706' title='bbox 1535 2585 1642 2613; x_wconf 88' lang='lat' dir='ltr'>autem</span> <span class='ocrx_word' id='word_1_707' title='bbox 1655 2587 1744 2610; x_wconf 88' lang='lat' dir='ltr'>tuam</span> <span class='ocrx_word' id='word_1_708' title='bbox 1756 2579 1965 2613; x_wconf 69' lang='lat' dir='ltr'>Sanstitatem</span> <span class='ocrx_word' id='word_1_709' title='bbox 1977 2604 1989 2619; x_wconf 94' lang='lat'>‚</span> <span class='ocrx_word' id='word_1_710' title='bbox 2017 2587 2055 2612; x_wconf 92' lang='lat' dir='ltr'>ut</span> <span class='ocrx_word' id='word_1_711' title='bbox 2075 2578 2119 2612; x_wconf 74' lang='lat' dir='ltr'>il·-</span> 
     </span>
     <span class='ocr_line' id='line_1_103' title="bbox 1232 2626 2120 2672; baseline 0.005 -12"><span class='ocrx_word' id='word_1_712' title='bbox 1232 2632 1261 2664; x_wconf 82' lang='lat' dir='ltr'>1e</span> <span class='ocrx_word' id='word_1_713' title='bbox 1270 2652 1282 2669; x_wconf 91' lang='lat'>‚</span> <span class='ocrx_word' id='word_1_714' title='bbox 1307 2626 1431 2669; x_wconf 78' lang='lat' dir='ltr'>aliquid</span> <span class='ocrx_word' id='word_1_715' title='bbox 1444 2636 1703 2664; x_wconf 81' lang='lat' dir='ltr'>commemorare</span> <span class='ocrx_word' id='word_1_716' title='bbox 1712 2650 1723 2667; x_wconf 85' lang='lat'>,</span> <span class='ocrx_word' id='word_1_717' title='bbox 1749 2626 1839 2670; x_wconf 85' lang='lat' dir='ltr'>quod</span> <span class='ocrx_word' id='word_1_718' title='bbox 1851 2628 1891 2665; x_wconf 81' lang='lat' dir='ltr'>ad</span> <span class='ocrx_word' id='word_1_719' title='bbox 1904 2629 2039 2672; x_wconf 83' lang='lat' dir='ltr'>praesens</span> <span class='ocrx_word' id='word_1_720' title='bbox 2050 2638 2120 2672; x_wconf 80' lang='lat' dir='ltr'>per·</span> 
     </span>
     <span class='ocr_line' id='line_1_104' title="bbox 1232 2680 1489 2721; baseline -0.019 -7"><span class='ocrx_word' id='word_1_721' title='bbox 1232 2680 1315 2714; x_wconf 88' lang='lat' dir='ltr'>tinet</span> <span class='ocrx_word' id='word_1_722' title='bbox 1341 2687 1489 2721; x_wconf 87' lang='lat' dir='ltr'>tempus.</span> 
     </span>
    </p>

    <p class='ocr_par' dir='ltr' id='par_1_11' title="bbox 1233 2725 2121 2825">
     <span class='ocr_line' id='line_1_105' title="bbox 1282 2725 2121 2776; baseline 0.005 -14"><span class='ocrx_word' id='word_1_723' title='bbox 1282 2728 1429 2776; x_wconf 83' lang='lat' dir='ltr'>Qando</span> <span class='ocrx_word' id='word_1_724' title='bbox 1441 2725 1579 2761; x_wconf 87' lang='lat' dir='ltr'>enimin</span> <span class='ocrx_word' id='word_1_725' title='bbox 1590 2737 1711 2772; x_wconf 78' lang='lat' dir='ltr'>magna</span> <span class='ocrx_word' id='word_1_726' title='bbox 1736 2728 2030 2774; x_wconf 86' lang='lat' dir='ltr'>Constantinopoli</span> <span class='ocrx_word' id='word_1_727' title='bbox 2051 2730 2121 2766; x_wconf 85' lang='lat' dir='ltr'>san-</span> 
     </span>
     <span class='ocr_line' id='line_1_106' title="bbox 1233 2775 2118 2825; baseline 0.001 -12"><span class='ocrx_word' id='word_1_728' title='bbox 1233 2781 1282 2813; x_wconf 65' lang='lat' dir='ltr'>aa</span> <span class='ocrx_word' id='word_1_729' title='bbox 1298 2777 1398 2814; x_wconf 77' lang='lat' dir='ltr'>vestra</span> <span class='ocrx_word' id='word_1_730' title='bbox 1410 2775 1562 2820; x_wconf 89' lang='lat' dir='ltr'>Sydonus</span> <span class='ocrx_word' id='word_1_731' title='bbox 1577 2787 1776 2822; x_wconf 87' lang='lat' dir='ltr'>congregata</span> <span class='ocrx_word' id='word_1_732' title='bbox 1786 2779 1832 2813; x_wconf 90' lang='lat' dir='ltr'>est</span> <span class='ocrx_word' id='word_1_733' title='bbox 1846 2804 1857 2820; x_wconf 94' lang='lat'>,</span> <span class='ocrx_word' id='word_1_734' title='bbox 1884 2790 1964 2815; x_wconf 91' lang='lat' dir='ltr'>tunc</span> <span class='ocrx_word' id='word_1_735' title='bbox 1982 2779 2118 2825; x_wconf 86' lang='lat' dir='ltr'>quando</span> 
     </span>
    </p>
   </div>
   <div class='ocr_carea' id='block_1_7' title="bbox 1233 2977 2119 3473">
    <p class='ocr_par' dir='ltr' id='par_1_12' title="bbox 1233 2977 2119 3473">
     <span class='ocr_line' id='line_1_107' title="bbox 1234 2977 2119 3025; baseline -0.001 -10"><span class='ocrx_word' id='word_1_736' title='bbox 1234 2982 1297 3015; x_wconf 86' lang='lat' dir='ltr'>sem</span> <span class='ocrx_word' id='word_1_737' title='bbox 1319 2990 1384 3025; x_wconf 89' lang='lat' dir='ltr'>ego</span> <span class='ocrx_word' id='word_1_738' title='bbox 1404 2990 1489 3015; x_wconf 89' lang='lat' dir='ltr'>unus</span> <span class='ocrx_word' id='word_1_739' title='bbox 1504 2977 1699 3013; x_wconf 77' lang='lat' dir='ltr'>adstantium</span> <span class='ocrx_word' id='word_1_740' title='bbox 1712 3004 1723 3021; x_wconf 83' lang='lat'>,</span> <span class='ocrx_word' id='word_1_741' title='bbox 1750 2980 1817 3018; x_wconf 83' lang='lat' dir='ltr'>scio</span> <span class='ocrx_word' id='word_1_742' title='bbox 1829 2990 1882 3016; x_wconf 89' lang='lat' dir='ltr'>me</span> <span class='ocrx_word' id='word_1_743' title='bbox 1901 2979 2026 3015; x_wconf 74' lang='lat' dir='ltr'>audisse</span> <span class='ocrx_word' id='word_1_744' title='bbox 2040 2981 2119 3015; x_wconf 84' lang='lat' dir='ltr'>San-</span> 
     </span>
     <span class='ocr_line' id='line_1_108' title="bbox 1233 3029 2114 3072; baseline 0 -8"><span class='ocrx_word' id='word_1_745' title='bbox 1233 3031 1377 3064; x_wconf 68' lang='lat' dir='ltr'>&amp;itatem</span> <span class='ocrx_word' id='word_1_746' title='bbox 1405 3039 1495 3063; x_wconf 90' lang='lat' dir='ltr'>tuam</span> <span class='ocrx_word' id='word_1_747' title='bbox 1527 3029 1649 3065; x_wconf 52' lang='lat' dir='ltr'>Sanc&amp;</span> <span class='ocrx_word' id='word_1_748' title='bbox 1674 3029 1812 3072; x_wconf 87' lang='lat' dir='ltr'>Synodo</span> <span class='ocrx_word' id='word_1_749' title='bbox 1849 3030 1893 3064; x_wconf 87' lang='lat' dir='ltr'>sic</span> <span class='ocrx_word' id='word_1_750' title='bbox 1927 3029 2114 3066; x_wconf 83' lang='lat' dir='ltr'>dicentem:</span> 
     </span>
     <span class='ocr_line' id='line_1_109' title="bbox 1234 3077 2116 3125; baseline 0.001 -12"><span class='ocrx_word' id='word_1_751' title='bbox 1234 3077 1458 3124; x_wconf 77' lang='lat' dir='ltr'>,Quiafiscirem</span> <span class='ocrx_word' id='word_1_752' title='bbox 1476 3081 1556 3123; x_wconf 79' lang='lat' dir='ltr'>quod</span> <span class='ocrx_word' id='word_1_753' title='bbox 1576 3089 1652 3113; x_wconf 85' lang='lat' dir='ltr'>nunc</span> <span class='ocrx_word' id='word_1_754' title='bbox 1666 3104 1677 3120; x_wconf 87' lang='lat'>‚</span> <span class='ocrx_word' id='word_1_755' title='bbox 1694 3078 1726 3121; x_wconf 80' lang='lat' dir='ltr'><em>fi</em></span> <span class='ocrx_word' id='word_1_756' title='bbox 1733 3083 1857 3125; x_wconf 74' lang='lat' dir='ltr'>Joanni</span> <span class='ocrx_word' id='word_1_757' title='bbox 1874 3086 1998 3114; x_wconf 78' lang='lat' dir='ltr'>veniam</span> <span class='ocrx_word' id='word_1_758' title='bbox 2017 3081 2116 3125; x_wconf 66' lang='lat' dir='ltr'>largi·-</span> 
     </span>
     <span class='ocr_line' id='line_1_110' title="bbox 1234 3127 2115 3174; baseline 0 -10"><span class='ocrx_word' id='word_1_759' title='bbox 1234 3140 1331 3166; x_wconf 77' lang='lat' dir='ltr'>remur</span> <span class='ocrx_word' id='word_1_760' title='bbox 1351 3155 1362 3171; x_wconf 93' lang='lat'>,</span> <span class='ocrx_word' id='word_1_761' title='bbox 1387 3131 1486 3163; x_wconf 72' lang='lat' dir='ltr'>melior</span> <span class='ocrx_word' id='word_1_762' title='bbox 1510 3130 1596 3171; x_wconf 77' lang='lat' dir='ltr'>fieret</span> <span class='ocrx_word' id='word_1_763' title='bbox 1614 3127 1707 3171; x_wconf 84' lang='lat' dir='ltr'>semet</span> <span class='ocrx_word' id='word_1_764' title='bbox 1720 3129 1805 3174; x_wconf 76' lang='lat' dir='ltr'>-ipso</span> <span class='ocrx_word' id='word_1_765' title='bbox 1826 3155 1837 3171; x_wconf 87' lang='lat'>,</span> <span class='ocrx_word' id='word_1_766' title='bbox 1862 3131 1897 3167; x_wconf 60' lang='grc' dir='ltr'>Θ</span> <span class='ocrx_word' id='word_1_767' title='bbox 1921 3132 2068 3164; x_wconf 82' lang='lat' dir='ltr'>recederet</span> <span class='ocrx_word' id='word_1_768' title='bbox 2092 3130 2115 3164; x_wconf 66' lang='grc' dir='ltr'>εὶ</span> 
     </span>
     <span class='ocr_line' id='line_1_111' title="bbox 1234 3178 2115 3223; baseline 0 -9"><span class='ocrx_word' id='word_1_769' title='bbox 1234 3183 1348 3217; x_wconf 70' lang='lat' dir='ltr'>duritia</span> <span class='ocrx_word' id='word_1_770' title='bbox 1372 3181 1406 3214; x_wconf 64' lang='grc' dir='ltr'>(π</span> <span class='ocrx_word' id='word_1_771' title='bbox 1426 3178 1611 3223; x_wconf 73' lang='lat' dir='ltr'>asperitate,</span> <span class='ocrx_word' id='word_1_772' title='bbox 1640 3191 1707 3222; x_wconf 77' lang='lat' dir='ltr'>quae</span> <span class='ocrx_word' id='word_1_773' title='bbox 1728 3185 1761 3215; x_wconf 84' lang='lat' dir='ltr'>in</span> <span class='ocrx_word' id='word_1_774' title='bbox 1787 3191 1818 3216; x_wconf 86' lang='lat' dir='ltr'>eo</span> <span class='ocrx_word' id='word_1_775' title='bbox 1839 3179 1877 3220; x_wconf 79' lang='lat' dir='ltr'>est</span> <span class='ocrx_word' id='word_1_776' title='bbox 1896 3205 1908 3221; x_wconf 96' lang='lat'>,</span> <span class='ocrx_word' id='word_1_777' title='bbox 1935 3192 2036 3215; x_wconf 83' lang='lat' dir='ltr'>omnes</span> <span class='ocrx_word' id='word_1_778' title='bbox 2060 3189 2115 3214; x_wconf 73' lang='lat' dir='ltr'>vos</span> 
     </span>
     <span class='ocr_line' id='line_1_112' title="bbox 1234 3229 2115 3276; baseline -0.002 -12"><span class='ocrx_word' id='word_1_779' title='bbox 1234 3230 1370 3276; x_wconf 70' lang='lat' dir='ltr'>rogaffim</span> <span class='ocrx_word' id='word_1_780' title='bbox 1394 3238 1450 3271; x_wconf 82' lang='lat' dir='ltr'>pro</span> <span class='ocrx_word' id='word_1_781' title='bbox 1470 3242 1501 3263; x_wconf 84' lang='lat' dir='ltr'>eo</span> <span class='ocrx_word' id='word_1_782' title='bbox 1527 3255 1533 3262; x_wconf 92' lang='lat'>.</span> <span class='ocrx_word' id='word_1_783' title='bbox 1576 3229 1790 3268; x_wconf 78' lang='lat' dir='ltr'>Admirabilis</span> <span class='ocrx_word' id='word_1_784' title='bbox 1811 3241 1891 3275; x_wconf 86' lang='lat' dir='ltr'>ergo</span> <span class='ocrx_word' id='word_1_785' title='bbox 1909 3232 2010 3265; x_wconf 85' lang='lat' dir='ltr'>etiam</span> <span class='ocrx_word' id='word_1_786' title='bbox 2031 3229 2115 3265; x_wconf 82' lang='lat' dir='ltr'>circa</span> 
     </span>
     <span class='ocr_line' id='line_1_113' title="bbox 1235 3279 2115 3327; baseline -0.005 -12"><span class='ocrx_word' id='word_1_787' title='bbox 1235 3282 1299 3320; x_wconf 84' lang='lat' dir='ltr'>hoc</span> <span class='ocrx_word' id='word_1_788' title='bbox 1323 3281 1439 3315; x_wconf 90' lang='lat' dir='ltr'>iterum</span> <span class='ocrx_word' id='word_1_789' title='bbox 1466 3281 1607 3322; x_wconf 79' lang='lat' dir='ltr'>judicata</span> <span class='ocrx_word' id='word_1_790' title='bbox 1632 3280 1678 3316; x_wconf 90' lang='lat' dir='ltr'>est</span> <span class='ocrx_word' id='word_1_791' title='bbox 1702 3280 1860 3315; x_wconf 58' lang='lat' dir='ltr'>Sanctitas</span> <span class='ocrx_word' id='word_1_792' title='bbox 1881 3290 1955 3315; x_wconf 86' lang='lat' dir='ltr'>tua.</span> <span class='ocrx_word' id='word_1_793' title='bbox 1983 3279 2115 3327; x_wconf 72' lang='lat' dir='ltr'>Qippe</span> 
     </span>
     <span class='ocr_line' id='line_1_114' title="bbox 1234 3328 2115 3377; baseline -0.006 -11"><span class='ocrx_word' id='word_1_794' title='bbox 1234 3342 1270 3366; x_wconf 88' lang='lat' dir='ltr'>ut</span> <span class='ocrx_word' id='word_1_795' title='bbox 1290 3341 1360 3374; x_wconf 84' lang='lat' dir='ltr'>quae</span> <span class='ocrx_word' id='word_1_796' title='bbox 1383 3328 1501 3364; x_wconf 86' lang='lat' dir='ltr'>dixerit</span> <span class='ocrx_word' id='word_1_797' title='bbox 1527 3331 1696 3365; x_wconf 88' lang='lat' dir='ltr'>veritatem</span> <span class='ocrx_word' id='word_1_798' title='bbox 1715 3355 1722 3361; x_wconf 90' lang='lat'>.</span> <span class='ocrx_word' id='word_1_799' title='bbox 1748 3330 1843 3377; x_wconf 86' lang='lat' dir='ltr'>Qid</span> <span class='ocrx_word' id='word_1_800' title='bbox 1863 3330 1964 3375; x_wconf 89' lang='lat' dir='ltr'>igitur</span> <span class='ocrx_word' id='word_1_801' title='bbox 1987 3338 2115 3372; x_wconf 87' lang='lat' dir='ltr'>oporte·</span> 
     </span>
     <span class='ocr_line' id='line_1_115' title="bbox 1234 3377 2114 3437; baseline 0.002 -17"><span class='ocrx_word' id='word_1_802' title='bbox 1234 3381 1290 3422; x_wconf 74' lang='lat' dir='ltr'>bat</span> <span class='ocrx_word' id='word_1_803' title='bbox 1302 3382 1451 3423; x_wconf 65' lang='lat' dir='ltr'>sanctam</span> <span class='ocrx_word' id='word_1_804' title='bbox 1463 3380 1636 3424; x_wconf 78' lang='lat' dir='ltr'>synodum</span> <span class='ocrx_word' id='word_1_805' title='bbox 1658 3382 1764 3421; x_wconf 77' lang='lat' dir='ltr'>facere</span> <span class='ocrx_word' id='word_1_806' title='bbox 1776 3403 1788 3423; x_wconf 78' lang='lat'><em>2</em></span> <span class='ocrx_word' id='word_1_807' title='bbox 1804 3391 1883 3437; x_wconf 66' lang='lat' dir='ltr'>flua:</span> <span class='ocrx_word' id='word_1_808' title='bbox 1906 3377 2114 3426; x_wconf 47' lang='lat' dir='ltr'>impenitens</span> 
     </span>
     <span class='ocr_line' id='line_1_116' title="bbox 1339 3436 2064 3473; baseline 0.001 -11"><span class='ocrx_word' id='word_1_809' title='bbox 1339 3437 1344 3439; x_wconf 50' lang='grc'><em>“</em></span> <span class='ocrx_word' id='word_1_810' title='bbox 1980 3436 2064 3473; x_wconf 48' lang='lat' dir='ltr'>Cema</span> 
     </span>
    </p>
   </div>
   <div class='ocr_carea' id='block_1_8' title="bbox 2136 2761 2288 2795">
    <p class='ocr_par' dir='ltr' id='par_1_13' title="bbox 2136 2761 2288 2795">
     <span class='ocr_line' id='line_1_117' title="bbox 2136 2761 2288 2795; baseline 0.026 -4"><span class='ocrx_word' id='word_1_811' title='bbox 2136 2761 2206 2793; x_wconf 73' lang='lat' dir='ltr'>Adn.</span> <span class='ocrx_word' id='word_1_812' title='bbox 2215 2765 2288 2795; x_wconf 71' lang='lat' dir='ltr'>Nor·</span> 
     </span>
    </p>
   </div>
   <div class='ocr_carea' id='block_1_9' title="bbox 1235 2802 2288 2884">
    <p class='ocr_par' dir='ltr' id='par_1_14' title="bbox 1235 2802 2288 2884">
     <span class='ocr_line' id='line_1_118' title="bbox 1235 2802 2288 2884; baseline 0.001 -20"><span class='ocrx_word' id='word_1_813' title='bbox 1235 2831 1376 2872; x_wconf 80' lang='lat' dir='ltr'>Joannes</span> <span class='ocrx_word' id='word_1_814' title='bbox 1388 2829 1608 2875; x_wconf 17' lang='lat' dir='ltr'>estraccusatus</span> <span class='ocrx_word' id='word_1_815' title='bbox 1618 2852 1629 2868; x_wconf 91' lang='lat'>,</span> <span class='ocrx_word' id='word_1_816' title='bbox 1657 2828 1778 2864; x_wconf 86' lang='lat' dir='ltr'>deinde</span> <span class='ocrx_word' id='word_1_817' title='bbox 1791 2830 1880 2874; x_wconf 86' lang='lat' dir='ltr'>gesta</span> <span class='ocrx_word' id='word_1_818' title='bbox 1893 2831 1968 2865; x_wconf 90' lang='lat' dir='ltr'>sunt</span> <span class='ocrx_word' id='word_1_819' title='bbox 1978 2832 2117 2874; x_wconf 88' lang='lat' dir='ltr'>supereo</span> <span class='ocrx_word' id='word_1_820' title='bbox 2131 2802 2288 2884; x_wconf 41' lang='lat' dir='ltr'>{diffidari</span> 
     </span>
    </p>
   </div>
   <div class='ocr_carea' id='block_1_10' title="bbox 1234 2877 2288 2921">
    <p class='ocr_par' dir='ltr' id='par_1_15' title="bbox 1234 2877 2288 2921">
     <span class='ocr_line' id='line_1_119' title="bbox 1234 2877 2288 2921; baseline -0.002 -8"><span class='ocrx_word' id='word_1_821' title='bbox 1234 2883 1252 2915; x_wconf 71' lang='grc' dir='ltr'>ὸ.</span> <span class='ocrx_word' id='word_1_822' title='bbox 1263 2878 1374 2915; x_wconf 84' lang='lat' dir='ltr'>multis</span> <span class='ocrx_word' id='word_1_823' title='bbox 1385 2878 1419 2913; x_wconf 90' lang='lat' dir='ltr'>in</span> <span class='ocrx_word' id='word_1_824' title='bbox 1434 2878 1562 2921; x_wconf 88' lang='lat' dir='ltr'>Scripro</span> <span class='ocrx_word' id='word_1_825' title='bbox 1576 2877 1842 2920; x_wconf 89' lang='lat' dir='ltr'>Commentaria‚</span> <span class='ocrx_word' id='word_1_826' title='bbox 1870 2892 1947 2915; x_wconf 89' lang='lat' dir='ltr'>cum</span> <span class='ocrx_word' id='word_1_827' title='bbox 1968 2882 2115 2918; x_wconf 85' lang='lat' dir='ltr'>futurum</span> <span class='ocrx_word' id='word_1_828' title='bbox 2131 2890 2231 2913; x_wconf 81' lang='lat' dir='ltr'>contra</span> <span class='ocrx_word' id='word_1_829' title='bbox 2243 2883 2288 2920; x_wconf 71' lang='lat'>10³</span> 
     </span>
    </p>
   </div>
   <div class='ocr_carea' id='block_1_11' title="bbox 1233 2919 2259 2993">
    <p class='ocr_par' dir='ltr' id='par_1_16' title="bbox 1233 2919 2259 2993">
     <span class='ocr_line' id='line_1_120' title="bbox 1233 2919 2259 2993; baseline -0.003 -27"><span class='ocrx_word' id='word_1_830' title='bbox 1233 2931 1309 2966; x_wconf 76' lang='lat' dir='ltr'>esset</span> <span class='ocrx_word' id='word_1_831' title='bbox 1329 2937 1367 2963; x_wconf 87' lang='lat' dir='ltr'>ut</span> <span class='ocrx_word' id='word_1_832' title='bbox 1387 2937 1503 2963; x_wconf 83' lang='lat' dir='ltr'>contra</span> <span class='ocrx_word' id='word_1_833' title='bbox 1521 2939 1596 2963; x_wconf 90' lang='lat' dir='ltr'>eum</span> <span class='ocrx_word' id='word_1_834' title='bbox 1614 2928 1766 2964; x_wconf 87' lang='lat' dir='ltr'>definitio</span> <span class='ocrx_word' id='word_1_835' title='bbox 1778 2931 1982 2973; x_wconf 87' lang='lat' dir='ltr'>proferretur,</span> <span class='ocrx_word' id='word_1_836' title='bbox 2012 2930 2047 2964; x_wconf 89' lang='lat'>&amp;</span> <span class='ocrx_word' id='word_1_837' title='bbox 2072 2931 2116 2967; x_wconf 58' lang='grc' dir='ltr'>οὔ</span> <span class='ocrx_word' id='word_1_838' title='bbox 2132 2919 2259 2993; x_wconf 44' lang='lat' dir='ltr'>533:sp-</span> 
     </span>
    </p>
   </div>
  </div>
 </body>
</html>
