2320 3730
363 195 433 240 -82
716 194 1058 240 Vnkionum
1095 192 1341 238 Pinum
1372 192 1735 255 liv—mom,

296 288 400 313 autem
411 280 572 322 relegatum
596 281 641 313 ad
651 279 746 321 oasim
760 280 870 313 Edie't'o
881 279 1024 321 Theodofii
1037 305 1044 311 .
1072 276 1180 311 Verum
1240 282 1285 309 tia
1298 272 1466 318 approbata
1479 303 1490 319 ,
1516 284 1687 315 Orientales
1700 284 1821 325 quidem
1831 283 2007 318 condemnat
2016 308 2027 326 ,
2042 282 2120 319 ‘Ne-

298 332 382 371 ,quod
406 339 493 371 caput
514 337 641 364 omnium
659 341 722 364 erat
736 339 856 373 penitus
870 332 1045 365 occultavit.
1071 331 1179 367 Neque
1231 326 1353 366 storiam
1365 329 1434 360 vero
1449 330 1572 362 mult‘lat
1581 334 1670 364 exilio
1683 357 1691 364 .

295 379 373 413 certe
389 385 421 412 in
445 391 475 413 eo
489 380 553 414 ⁴loco
571 388 671 415 vitam
683 383 789 424 degens
810 383 830 412 ἃ
842 379 896 422 sua
911 380 1019 420 destitit
1043 374 1178 418 blaspbe-
1289 376 1390 410 Recte
1401 377 1528 411 dicitex
1540 389 1675 422 utraque
1686 391 1774 424 parte
1786 383 1879 418 fuiffe
1890 385 2010 429 septem
2022 384 2116 420 dum-

114 562 188 597 L-14
203 567 273 597 τοῖα

296 436 358 463 Μ”ᾶ
372 455 383 470 ³
409 430 483 463 ade&
508 439 543 464 ut
552 436 586 476 J
588 444 697 465 oannes
723 431 885 464 Antiochiae
907 427 1023 470 Praesul
1041 426 1125 466 istam
1143 430 1177 458 in

294 489 431 522 apertum
446 481 598 523 proferret
623 481 808 531 sententiam
826 505 837 522 ,
872 480 1039 521 Nestorium
1068 475 1177 518 scilicet

279 538 435 573 “perpetuo
464 534 515 574 eJJe
527 527 849 566 exilio'mulcff'andum.
881 526 1033 571 Ejusdem
1056 526 1099 560 rei
1113 537 1176 560 me-

291 633 391 675 partis
413 632 496 668 Adia
510 654 520 670 ‚
546 633 812 676 &prosequiturz
840 633 914 665 Haec
930 633 1029 666 omnia
1049 638 1114 660 cum
1134 628 1173 661 ab

289 692 419 724 utraque
442 681 533 724 parte
558 685 603 715 ad
627 687 832 723 Imperatorem
855 676 927 721 sunt
952 679 1048 711 relata
1070 703 1080 718 ,
1107 688 1171 711 tum

289 730 432 775 Episcopi
456 734 550 766 eidem
566 732 674 774 praestb
686 730 834 771 fuerunt,
863 734 913 770 qui
927 729 1003 761 Atia
1017 728 1170 761 Fadiionis

288 782 442 825 utriusque
453 779 681 815 renuntiarunt.
709 783 875 820 Imperator
894 780 1029 821 primum
1040 778 1170 819 Nestorii

283 834 557 867 condemnationem
567 836 665 861 ratam
675 840 733 862 non
743 828 850 862 habuit
863 854 869 860 .
903 830 1066 863 Orientale:
1089 834 1169 862 enim

285 879 426 923 Epist-opi
449 880 613 919 Nestorium
625 877 722 921 secum
742 879 902 912 abduuum
923 886 955 912 in
980 890 1092 912 annum
1112 887 1167 912 ter-

280 938 423 971 tiumper
443 933 507 974 vim
527 933 560 960 in
571 927 754 971 Episcopatu
776 935 941 963 retinuere.
970 931 1093 973 ‚Quarto
1116 929 1168 962 au·

278 990 340 1014 tem
359 977 399 1010 ab
420 979 662 1014 condemnatione
688 990 768 1012 anno
785 984 930 1024 Joannes
944 978 1137 1013 Antiochi-nus
1156 1004 1166 1019 ,

272 1029 435 1073 Judicium
457 1031 517 1061 Dei
539 1038 677 1063 metuens
690 1054 701 1070 ,
728 1031 882 1064 &multos
901 1033 1052 1072 praeterea
1062 1039 1167 1072 prava

277 1077 409 1118 Nestorii
430 1084 564 1120 opinione
583 1084 705 1114 interire
728 1082 841 1114 videns
856 1106 868 1122 ,
897 1079 1049 1121 Tbeodofio
1073 1085 1166 1122 Impe-

273 1135 391 1170 ratori,
417 1138 453 1163 ut
474 1136 695 1173 quamprimum
717 1141 783 1163 eum
806 1142 843 1164 ex
863 1133 1010 1164 Orientali
1042 1134 1165 1163 Ditione

274 1181 412 1220 ejiceret,
428 1178 611 1225 significavit
630 1207 637 1215 .
663 1185 709 1214 Et
722 1186 888 1224 Imperator
899 1206 911 1221 ,
917 1180 1071 1222 postquam
1081 1181 1163 1214 illius

270 1228 494 1272 blasphemiam
508 1237 596 1265 'certo
620 1238 757 1277 cognovit
779 1255 791 1272 ,
819 1229 986 1271 Nestorium
1010 1230 1161 1273 confi-stim

228 1283 230 1289 '
274 1280 374 1322 Oafim
386 1281 539 1323 deportari
555 1284 638 1325 juffit
650 1308 658 1316 .

271 1337 274 1340 ⁴
321 1331 467 1375 *Praese'ns
495 1333 604 1377 itaque
629 1333 775 1378 Epistola
799 1334 844 1368 est
863 1332 1051 1369 executoria
1066 1331 1160 1375 primi

273 1381 366 1416 exilii
380 1407 387 1414 .
414 1382 496 1417 Hoc
517 1383 606 1417 enim
627 1384 794 1419 decretum
817 1385 879 1419 fuit
905 1384 975 1428 post
997 1383 1161 1424 utriusque

272 1433 374 1476 partis
390 1431 534 1479 Legatos
546 1433 696 1469 advectos
707 1435 1035 1477 Constantinopolim
1049 1457 1055 1464 .
1082 1431 1159 1466 Post

272 1483 406 1518 auditos
432 1485 580 1529 Legatos
601 1487 722 1520 Sanetae
739 1486 865 1529 Synodi
879 1511 887 1518 .
914 1485 1093 1518 Praesertim
1116 1482 1162 1514 A-

272 1534 439 1576 postolicae
452 1534 544 1569 sedis
556 1536 702 1580 Legatos
712 1561 723 1577 ,
751 1537 931 1570 Arcadium
947 1535 1159 1578 Episcopum,

273 1595 312 1616 ac
334 1583 527 1626 Philippum
555 1585 806 1628 Presbyterum.
835 1587 938 1620 Lucet
957 1584 1021 1619 hoc
1033 1596 1075 1617 ex
1087 1583 1161 1626 Epi—

268 1632 355 1668 stola
376 1632 578 1677 Legatorum
590 1636 814 1670 Orientalium
836 1636 876 1670 ad
899 1637 988 1669 suam
1010 1635 1042 1667 in
1057 1634 1161 1676 Ephe-

271 1683 342 1715 fina
366 1683 504 1718 civitate
523 1685 735 1718 Factionem:
765 1685 923 1728 Postquam
946 1685 1161 1717 chalcedonem

267 1738 465 1776 pervenimus
480 1759 490 1774 ,
516 1746 589 1768 nam
612 1735 894 1777 Constantinopolim
908 1746 1001 1777 neque
1012 1746 1064 1766 nos
1077 1757 1087 1773 ,
1117 1744 1161 1767 ne—

272 1794 326 1825 que
350 1782 530 1827 Adversarii
550 1785 638 1823 nostri
657 1790 770 1819 intrare
787 1786 914 1828 permiffi
928 1784 1030 1829 sumus
1038 1792 1161 1826 propter

269 1831 428 1875 seditiones
450 1835 590 1868 bonorum
609 1835 823 1868 Monachorum
837 1860 847 1875 ,
868 1835 961 1877 fama
974 1841 1138 1876 accepimus
1150 1858 1161 1873 ,

271 1885 351 1924 quod
366 1893 437 1916 ante
463 1884 522 1916 080
539 1886 604 1917 dies
618 1908 628 1923 ,
652 1883 828 1926 priusquam
841 1893 1074 1926 compateremur
1086 1907 1096 1923 ,
1125 1894 1161 1916 en

268 1933 396 1976 gloriam
421 1932 591 1982 Pientiffl'mi
617 1938 708 1978 Regis
731 1957 749 1975 ‚,
768 1938 914 1971 Dominus
943 1932 1095 1974 Nestorius
1122 1932 1161 1964 ab

273 1982 393 2024 Epheso
412 1985 545 2024 dimissus
554 1983 591 2022 fit
604 2008 615 2022 ,
642 1995 676 2016 ut
688 1993 737 2025 eat
759 1996 813 2025 quo
825 1985 926 2016 liberet
942 2007 949 2014 .
978 1985 1059 2015 Unde
1069 1985 1161 2015 valde

271 2034 416 2065 doluimus
430 2046 440 2065 :
468 2034 602 2075 ‚Quando
631 2034 752 2074 quidem
774 2034 843 2065 vere
855 2045 890 2066 ea
901 2056 912 2072 ,
939 2043 1006 2074 quae
1016 2033 1115 2064 illicite
1127 2034 1160 2065 (Ὗ

273 2081 381 2125 absque
386 2083 500 2122 judicio
522 2081 694 2125 fac‘lasunt
705 2108 715 2123 ‚
737 2085 808 2124 jam
830 2083 916 2115 robur
929 2081 1037 2115 babere
1048 2082 1159 2115 viden—

272 2143 322 2166 tur
336 2158 343 2164 .
371 2134 415 2166 Et
438 2144 479 2165 ex
502 2132 617 2166 litteris
628 2132 836 2167 Theodoreti
860 2133 901 2167 ad
923 2134 1015 2166 suum
1037 2131 1158 2165 Metro-

273 2183 412 2226 politam
434 2182 683 2216 Alexandrum:
711 2187 879 2224 Deamico,
893 2184 1021 2225 -utique
1035 2182 1158 2216 Nesto-

270 2235 321 2267 rio
344 2257 355 2273 ,
378 2232 453 2276 sciat
479 2249 484 2263 ι
497 2241 552 2265 tua
575 2234 761 2273 Sanfflitas,
787 2235 868 2276 quod
894 2233 925 2274 fi
952 2234 1072 2275 quando
1089 2234 1157 2273 ejus

263 2282 436 2325 faceremus
464 2288 640 2316 mentionem
653 2307 664 2323 ,
690 2284 742 2317 vel
760 2285 847 2325 apud
869 2285 1081 2323 Plentiffimum
1102 2285 1155 2315 Re-

270 2346 357 2377 gem,
387 2334 442 2367 vel
466 2335 549 2375 apud
557 2333 665 2372 illustre
677 2332 895 2375 Confistorium,
922 2334 1096 2375 defec‘lionis
1108 2344 1156 2365 no-

268 2384 430 2417 tabamur.
457 2387 565 2417 Tantae
585 2382 658 2426 sunt
678 2396 776 2418 eorum
789 2409 799 2424 ,
825 2390 878 2427 qui
900 2383 1063 2426 introsum
1075 2407 1086 2423 ,
1107 2395 1155 2417 er-

263 2448 306 2478 ga
317 2437 401 2468 illum
414 2440 597 2468 inimicitiae.
624 2437 671 2467 Et
681 2434 732 2469 hoc
741 2434 779 2474 est
803 2434 1016 2473 molestifflmum
1030 2457 1038 2466 .
1067 2436 1155 2468 Pien-

266 2486 385 2525 tisJimus
410 2489 476 2518 Rex
496 2493 565 2528 prae
592 2485 724 2518 omnibus
747 2485 820 2516 aliis
841 2481 1001 2525 aversatur
1027 2493 1130 2516 nomen
1144 2507 1154 2523 ,

266 2534 421 2576 manifeste
446 2537 567 2568 dicens.-
595 2535 650 2569 De
672 2535 737 2568 hoc
763 2534 1132 2577 mihinullusloquatur
1146 2558 1153 2564 .

267 2586 439 2627 Specimen
450 2586 540 2617 enim
555 2583 653 2617 semel
664 2585 672 2616 i
678 2585 728 2626 pse
742 2584 840 2616 dedit.
869 2588 1011 2615 Attamen
1022 2584 1093 2616 dum
1107 2583 1155 2616 bic

263 2633 388 2677 sumus,
417 2645 474 2666 non
494 2633 662 2675 cessabimus
684 2637 762 2665 omni
784 2638 898 2664 virtute
923 2634 1029 2672 &ejus
1051 2640 1153 2674 partis

267 2695 366 2717 curam
385 2694 486 2727 gerere
499 2707 509 2722 ,
531 2681 658 2724 fl-ientes
672 2682 794 2723 fac‘lam
807 2682 852 2714 illi
874 2682 914 2714 ab
927 2687 1030 2723 impiis
1041 2683 1155 2722 injusti-

268 2740 363 2767 tiam.
395 2734 439 2767 Et
450 2745 491 2768 ex
502 2732 564 2765 alia
577 2732 798 2766 Orientalium
811 2732 1012 2776 Legatorum
1026 2733 1066 2765 ad
1080 2733 1153 2766 suos

268 2779 418 2838 Epistpla
443 2798 454 2817 .·
482 2786 527 2815 De
552 2782 726 2821 Pientiffimo
752 2780 898 2824 Episcopo
921 2782 1054 2821 Nestorio
1074 2780 1153 2823 sciat

269 2833 364 2874 vestra
379 2837 495 2867 'Pietas
508 2857 518 2873 ,
545 2834 623 2875 quod
629 2833 825 2873 studuerimus
855 2833 973 2874 quidem
988 2831 1152 2877 sermonem

268 2885 307 2918 de
327 2883 387 2927 ipso
409 2882 534 2926 inserere
548 2907 558 2922 ,
581 2881 638 2926 sed
657 2894 735 2915 nunc
758 2893 816 2915 non
834 2888 1009 2923 potuimus,
1033 2884 1155 2925 eoquod

269 2946 367 2967 omnes
392 2935 443 2968 vel
452 2931 599 2976 adipsum
610 2944 712 2966 nomen
722 2932 864 2972 hostiliter
879 2934 1047 2974 afficiantur
1059 2959 1066 2966 .
1092 2938 1152 2965 Ni-

269 2984 428 3018 hilominus
439 2996 518 3018 cura
533 2984 615 3016 nobis
625 2989 682 3016 erit
693 3007 703 3023 ‚
730 2982 850 3024 tametfi
854 2994 904 3015 res,
908 2981 947 3023 fic
951 2982 984 3025 se
996 2983 1128 3016 babeant
1139 3006 1151 3023 ‚

265 3044 322 3076 prr
348 3039 622 3078 oppportunitatem
644 3039 784 3075 temporis
797 3043 831 3065 ac
843 3034 1020 3066 Auditorum
1029 3033 1151 3067 benevo-

271 3086 392 3118 lentiam
416 3090 505 3119 etiam
527 3084 685 3127 bocfacere
699 3108 709 3124 ,
728 3082 759 3124 fi
764 3084 884 3125 quidem
906 3083 997 3122 nostro
1008 3084 1152 3125 Propofito

273 3137 355 3167 Deus
371 3144 538 3177 cooperatus
546 3134 659 3175 fuerit.
687 3134 733 3168 Et
743 3145 784 3168 ex
797 3133 976 3177 Imperialis
988 3134 1152 3167 sententiae

273 3184 431 3218 relatione
445 3205 459 3225 „
482 3185 627 3220 exstante
642 3186 674 3218 in
687 3185 781 3219 tertia
794 3194 883 3227 parte
895 3182 1048 3227 Ephefini
1063 3184 1151 3217 Con·

272 3233 342 3264 cilii
371 3246 381 3264 .·
409 3238 484 3267 Cum
512 3234 624 3278 septem
652 3236 685 3267 2⁷3·
707 3233 820 3277 septem
846 3245 885 3267 ex
911 3244 1035 3276 utraque
1058 3242 1151 3275 parte

274 3279 412 3324 Episcopi
451 3284 728 3324 Constantinopolim
766 3283 910 3326 veniffent
934 3307 946 3323 ,
985 3289 1152 3325 Imperator

274 3333 350 3365 σεντὸ
370 3337 507 3372 comperit
534 3333 675 3366 sanilam
712 3335 745 3366 (Ὺ
766 3341 971 3367 oecumenicam
1007 3335 1151 3374 synodum

274 3386 408 3414 uanonIco
428 3392 463 3413 ac
484 3382 612 3425 legitimo
634 3383 733 3415 ordine
743 3389 775 3416 in
788 3384 924 3418 omnibus
942 3383 1067 3427 servato
1088 3390 1157 3418 ive-¹

268 3431 387 3476 florium
398 3430 551 3476 deposuiffe
564 3456 572 3466 .
600 3435 703 3475 Itaque
716 3436 891 3476 Legatorum
912 3436 1013 3473 synodi
1031 3434 1147 3478 sentem

292 582 393 616 miuit
415 581 629 625 Nicephorus
642 583 811 616 Calixtus.
841 578 988 620 Exponit
1008 577 1180 626 utriusque*

1238 437 1328 461 taxat
1342 427 1524 471 Episcopos
1538 453 1544 460 .
1573 429 1707 463 Etenim
1717 432 1848 466 octavus
1858 434 1976 469 sanetae
1986 434 2113 479 Synodi

1239 477 1381 521 Legatus
1403 489 1470 512 erat
1483 478 1656 522 Philippus
1672 480 1859 523 Presbyter.
1887 484 1992 520 Unus
2001 495 2112 520 autem

1235 528 1253 560 ἐ
1276 528 1415 562 factiosis
1426 529 1560 574 Legatis
1570 529 1738 564 Himerius
1762 530 2025 570 Nicomedienfis
2037 537 2113 580 Epi-

1228 578 1350 621 scopus
1373 580 1489 614 manfit
1509 579 1544 613 in
1562 580 1613 614 via
1644 580 1815 623 infirmus,
1841 583 1966 618 &tunc
1976 585 2114 621 Chalce-

1232 626 1354 662 donem
1377 641 1445 663 non
1458 641 1664 673 pervenerat.
1694 632 1788 667 Hine
1802 632 1868 675 ejus
1886 634 2033 680 Collegae
2043 635 2112 670 scri-

1236 679 1367 720 pserunt
1383 677 1546 723 Ephesum
1556 681 1597 715 ad
1610 681 1682 714 suos
1694 695 1704 715 .»
1733 682 1830 715 Porro
1842 695 1907 716 cum
1915 683 2030 727 scripta
2047 686 2112 730 effet

1233 728 1367 770 Epistola
1379 754 1390 769 ,
1416 732 1549 764 nondum
1573 741 1736 765 occurrerat
1749 733 1833 765 nobis
1855 736 2000 769 Dominus
2014 740 2114 771 Hime-

1231 783 1294 811 rius
1307 803 1315 811 .
1341 783 1430 812 Nam
1442 781 1577 822 fortaffisss
1586 784 1746 824 impeditus
1768 783 1850 823 estin
1875 789 1980 819 itinere
1994 811 2001 818 .
2029 785 2112 821 Haec
2156 826 2158 828 r

1230 829 1401 863 relationis
1423 831 1464 864 de
1478 832 1612 876 Legatis
1631 831 1724 867 verba
1736 858 1747 874 ‚
1772 837 1850 867 Cum
1868 835 2111 879 Constantinopo-

1229 879 1281 911 lim
1304 880 1468 923 veniffent‚
1495 882 1615 916 debent
1636 893 1713 916 cum
1737 884 1973 930 saleintelligi:
2001 885 2110 929 Prope

1230 929 1562 975 Constantinopolim
1576 955 1587 972 ‚
1614 931 1878 969 chalcedonem.
1906 935 2041 970 Etenim
2054 938 2114 970 Fa-

1229 980 1347 1014 stionis
1369 980 1512 1025 Legatio
1538 993 1709 1024 nunquam
1747 983 1882 1018 intravit
1908 985 2022 1020 urbem
2047 987 2115 1020 Re-

1228 1030 1336 1074 giam.
1362 1030 1434 1074 Ipsa
1460 1042 1570 1066 autem
1595 1034 1753 1067 mentitur
1780 1035 1814 1067 id
1839 1035 1957 1069 facium
1981 1046 2113 1080 propter

1228 1081 1405 1115 seditiones
1424 1080 1690 1126 Monachorum.
1718 1084 1854 1117 Factum
1872 1087 1963 1119 enim
1986 1085 2050 1119 fuit
2070 1084 2112 1119 ad

1228 1129 1476 1166 Monachorum
1496 1144 1624 1175 preces,
1649 1144 1717 1166 non
1729 1133 1796 1168 fine
1817 1135 2036 1175 fundamento
2047 1147 2113 1171 me·

1227 1180 1392 1214 tuentium
1420 1181 1528 1215 turbas
1553 1182 1762 1217 &scandala
1789 1183 1926 1219 ab-istis
1953 1186 2102 1230 Legatis.

1225 1230 1404 1273 imperator
1418 1233 1537 1275 ‚itaque
1559 1231 1771 1266 Theodosius
1793 1244 1836 1267 ex
1853 1229 1975 1269 abditis
1986 1238 2108 1270 Sanftae

1223 1280 1375 1323 synodi,
1401 1293 1439 1315 ac
1452 1283 1624 1324 praesertim
1647 1281 1739 1316 Sedis
1750 1282 1954 1327 Apostolicae
1973 1285 2108 1330 Legatis

1222 1332 1383 1374 cognovit
1404 1330 1598 1366 Nestorium
1620 1332 1695 1366 vere
1718 1334 1917 1369 Haeoeticum
1931 1359 1941 1375 ‚
1968 1336 2111 1370 &cano-

1225 1381 1297 1414 nice
1318 1393 1355 1415 ac
1369 1380 1514 1424 legitime
1534 1381 1753 1424 damnatum3
1778 1393 1812 1417 at
1833 1387 1914 1418 vero
1927 1385 2059 1427 Cyrillo
2069 1394 2108 1420 ae

1224 1431 1400 1464 Memnoni
1413 1431 1573 1465 summam
1586 1428 1762 1475 irrogatam
1771 1431 1942 1475 injurium:
1970 1435 2007 1467 ln
2022 1435 2109 1478 ipsos

1226 1481 1402 1524 proceffisle
1416 1492 1483 1524 non
1510 1481 1704 1525 Episcopale
1716 1478 1880 1524 Iudicium
1891 1479 1908 1523 ‚³
1928 1482 1981 1519 sed
2005 1484 2111 1528 impo‘·

1223 1533 1323 1564 tentis
1341 1528 1444 1564 animi
1469 1531 1705 1565 contumeliam
1725 1555 1732 1562 .
1762 1532 1804 1565 Et
1829 1533 1932 1576 ipsam
1952 1533 1970 1566 ὲ
1991 1536 2108 1569 Sanfla

1225 1581 1363 1624 synodo
1388 1592 1428 1614 ac
1450 1580 1650 1625 Apostolicae
1677 1580 1850 1616 Cathedrae
1877 1583 2018 1618 Vieariis
2043 1582 2107 1619 effe

1224 1631 1475 1665 circumductam
1498 1631 1768 1666 ‹St-exsufflatam.
1798 1637 1903 1675 ltaque
1926 1637 2107 1678 Legatorum

1223 1682 1325 1719 synode·
1354 1679 1507 1724 sententia
1528 1681 1696 1730 apprpbata
1723 1706 1734 1723 ,
1765 1683 1944 1718 orientales
1982 1686 2107 1728 quidem

1223 1733 1420 1771 condemnat,
1449 1731 1619 1773 Nestorium
1632 1734 1702 1766 vero
1713 1733 1837 1767 mulctat
1847 1735 1953 1768 exilio.
2057 1732 2060 1736 ’

1273 1783 1427 1817 Decrevit
1438 1791 1578 1827 quatuor
1591 1809 1597 1815 .
1611 1782 1757 1817 Nestorii
1770 1783 2019 1820 damnationem
2028 1795 2109 1820 cen·

1225 1833 1286 1867 suit
1312 1834 1509 1869 canonicam
1530 1860 1536 1868 .
1565 1835 1672 1868 Sancti
1694 1834 1814 1876 Cytilli
1839 1845 1879 1869 ac
1908 1834 2106 1870 Memnonis

1223 1882 1489 1926 degradationem
1501 1883 1723 1917 circumduxit
1735 1908 1744 1916 .
1771 1884 1908 1927 Joannis
1922 1884 2106 1920 Antioche·

1224 1934 1257 1965 ni
1279 1933 1658 1967 excommunicationem
1681 1934 1782 1977 usque
1803 1935 2045 1978 tunc-permiste
2068 1935 2106 1968 in

1223 1983 1281 2014 suo
1303 1981 1437 2020 robore.
1466 1981 1658 2017 Nestorium
1679 1984 1835 2026 relegavit
1855 1985 1889 2017 in
1902 1985 1965 2018 suae
1986 1985 2107 2028 profes·

1221 2031 1318 2064 sionis
1330 2031 1589 2066 Monasterium.
1618 2032 1752 2075 Insuper
1770 2033 1923 2067 Sanstum
1934 2033 2104 2077 Cyrillutn

1221 2091 1258 2114 ac
1273 2081 1587 2124 Memnonemjuffit
1606 2082 1686 2115 solvi
1700 2081 1864 2117 evinculis
1877 2087 1902 2124 ‚’
1913 2095 1952 2118 ac
1963 2083 2054 2119 reddi
2067 2086 2106 2119 in

1222 2131 1356 2174 plenam
1383 2131 1570 2166 libertatem
1590 2154 1599 2164 .
1629 2131 1712 2166 Haec
1731 2134 1845 2166 omnia
1882 2131 1966 2178 apud
1996 2133 2105 2177 i-psu'm

1221 2181 1324 2214 valuit
1343 2182 1545 2225 'Apostolicae
1568 2182 1658 2216 Sedis
1677 2180 1855 2223 reverentia
1877 2179 1894 2216 .’
1911 2184 2022 2231 Qod-
2035 2185 2106 2219 Ne·

1221 2231 1354 2266 storium
1376 2232 1416 2266 ad
1427 2232 1490 2266 suae
1508 2232 1711 2277 professionis
1721 2231 1924 2268 Coenobium
1943 2232 2105 2279 relegave-

1220 2282 1283 2322 rit,
1309 2282 1444 2316 testatur
1467 2284 1567 2317 etiam
1592 2283 1626 2316 in
1639 2282 1773 2317 Litteris
1783 2281 1824 2318 ad
1835 2281 2032 2327 Ephefinam
2043 2282 2105 2327 syl

1221 2333 1344 2366 nodum
1370 2333 1504 2367 sanctus
1525 2332 1710 2367 Celestinus
1728 2331 1906 2367 Pontifex:
1933 2333 2103 2376 Scripfimus

1220 2383 1395 2417 Clementia·
1421 2385 1614 2424 Principali,
1640 2392 1674 2416 ut
1694 2384 1731 2416 de
1738 2381 1889 2426 sanitatis
1913 2384 2007 2417 medio
2023 2385 2104 2429 infir-

1217 2433 1310 2465 mitas
1321 2433 1495 2474 auferatur.
1529 2433 1697 2465 Didicimus
1717 2445 1848 2475 namque
1859 2432 2031 2473 Nestorium
2045 2440 2106 2466 An-

1217 2481 1364 2515 tiochiam
1380 2483 1532 2525 revertisse
1545 2504 1555 2520 ,
1581 2490 1670 2524 atque
1689 2482 1749 2515 illic
1775 2483 1855 2516 unde
1878 2491 2027 2524 venerae,
2048 2489 2104 2518 vie*

1217 2533 1312 2567 vendi
1329 2531 1501 2574 praestitam
1515 2532 1701 2573 facultatem
1725 2557 1733 2563 .
1760 2534 1953 2566 Innocent'um
1975 2531 2103 2566 ennium

1216 2583 1255 2622 est
1277 2582 1358 2622 istud
1381 2584 1505 2615 exilium
1526 2606 1534 2613 .
1563 2579 1771 2622 Adspiciamus
1794 2583 1969 2623 diligentius
1987 2607 1999 2622 ,
2025 2584 2104 2624 quid

1215 2632 1279 2663 illtc
1294 2632 1398 2672 pofflnt
1416 2638 1523 2671 parere
1547 2653 1558 2669 ,
1584 2640 1653 2670 quae
1673 2629 1731 2662 illic
1751 2627 1822 2672 sunt
1847 2638 1916 2664 ante
1938 2639 2097 2672 concepta.

1218 2681 1270 2713 Ex
1304 2691 1371 2723 quo
1397 2690 1486 2722 patet
1514 2679 1660 2718 samam,
1685 2688 1755 2721 quae
1774 2679 1940 2714 Faffionis
1962 2680 2101 2725 Legatis

1216 2730 1381 2764 nuntiarat
1394 2729 1550 2763 Nestorio
1571 2729 1686 2762 factam
1698 2729 1887 2763 facultatem
1911 2730 2012 2763 eundi
2030 2742 2100 2774 quo

1216 2779 1338 2820 vellet,
1365 2779 1460 2814 fuisse
1483 2779 1689 2812 mendacem.
1717 2779 1759 2812 Et
1781 2777 1861 2813 huic
1880 2781 1941 2814 suo
1953 2781 2100 2814 Decreto

1215 2828 1426 2865 Theodofius
1450 2828 1532 2864 adeo
1544 2829 1699 2864 constans
1723 2827 1872 2870 inhaefit,
1898 2841 1935 2863 ut
1947 2831 1966 2863 a
1979 2831 2100 2874 Depre.

1215 2880 1379 2915 catoribus
1391 2877 1449 2914 nec
1464 2879 1610 2913 Nestorii
1625 2889 1747 2913 nomen
1761 2880 1873 2914 audire
1893 2881 2080 2914 sustinuerit
2090 2904 2100 2912 .

1218 2933 1262 2965 Et
1271 2930 1452 2965 adducebat
1473 2930 1654 2963 rationem:
1682 2931 1831 2970 specimen
1853 2935 1932 2962 enim
1940 2928 2098 2972 fiemelipse

1215 2982 1300 3015 dedit
1320 3006 1326 3013 .
1356 2979 1552 3015 Caffinenfis
1576 2979 1746 3013 translatio
1767 2979 1812 3013 est
1839 2979 1941 3023 longe
1961 2980 2097 3013 meliori

1215 3035 1324 3074 Typum
1346 3041 1471 3072 namque
1482 3032 1553 3071 jam
1568 3027 1660 3071 semel
1670 3041 1705 3062 ea
1717 3053 1728 3070 ,
1751 3040 1821 3072 quae
1841 3031 1890 3062 ad
1905 3031 1989 3065 illum
2005 3035 2098 3072 perti-

1215 3091 1286 3115 nent
1313 3106 1323 3121 ,
1345 3080 1532 3124 susceperunt
1558 3106 1565 3112 .
1603 3080 1758 3114 Retinuit
1784 3091 1898 3114 vocem
1936 3092 2095 3124 graecam,

1214 3135 1323 3174 Typum
1343 3157 1349 3164 .
1379 3130 1497 3167 Latine
1520 3130 1660 3163 dicimus
1683 3135 1827 3163 Formam
1850 3155 1856 3161 .
1885 3130 1939 3163 De
1961 3142 2025 3173 qua
2050 3131 2098 3173 Ja-

1212 3183 1314 3217 cobus
1326 3180 1505 3214 Gutherius
1531 3181 1563 3213 in
1587 3180 1728 3214 secundo
1740 3180 1825 3213 libro
1837 3181 1877 3214 de
1893 3180 2008 3214 officiis
2023 3180 2096 3213 Do·

1199 3244 1284 3272 ⁴mus
1297 3231 1474 3275 Augustae:
1501 3233 1621 3267 Formae
1644 3229 1714 3270 sunt
1725 3229 1884 3271 Epistola,
1910 3229 2016 3271 quibus
2038 3230 2092 3262 ali-

1199 3288 1203 3322 ζ
1212 3284 1289 3326 quid
1307 3284 1326 3313 ἃ
1340 3284 1499 3322 Principe,
1526 3281 1579 3313 vel
1599 3282 1619 3312 ἃ
1634 3279 1778 3322 Praefet‘io
1800 3282 1939 3313 Praetorii
1951 3279 2098 3319 constitui·

1200 3333 1262 3367 'tur
1282 3359 1288 3364 .
1318 3336 1462 3364 Formam
1483 3334 1504 3364 ἂ
1530 3330 1677 3372 Praefec‘lo
1704 3334 1843 3364 Praetorii
1870 3330 1980 3362 datam
2006 3338 2093 3362 vocat

1199 3385 1336 3420 *Severus
1361 3382 1533 3414 Alexander
1559 3406 1566 3413 .
1593 3380 1801 3415 Theodosius
1824 3379 1926 3423 igitur
1950 3378 2096 3412 Nestorii

1203 3430 1489 3477 sDeprecatoribus
1510 3430 1687 3479 reponebat
1710 3441 1778 3467 rem
1799 3440 1934 3465 omnem
1954 3427 2018 3470 jam
2037 3427 2100 3464 effe

1915 3478 2050 3514 conclu-
