2320 3730
356 212 454 261 334

673 195 1040 243 >Varnenum
1077 192 1330 236 PATRUM
1367 186 1694 248 Epami-41,

283 284 362 318 &in
374 283 449 317 aliis
471 278 619 325 plurimis
636 280 792 319 urbibus,
816 278 858 314 ed
877 276 965 319 quod
988 284 1044 316 per
1057 270 1185 315 fimpll··
1231 282 1347 314 P0fum
1369 271 1520 304 affectum
1539 281 1711 315 recupera,
1736 274 1905 314 &nouas
1930 276 2118 319 praeventio·

283 333 419 371 citatem
441 331 582 373 nesciam
604 342 694 367 nunc
704 329 858 370 nonnulli
871 335 986 369 putent
1000 334 1076 359 eum
1089 323 1170 378 inte-

283 384 432 427 gerrimae
442 381 749 418 fideiDefensorem
765 403 772 409 .
800 375 871 410 Alii
896 372 973 408 vero
992 373 1097 406 Facns
1119 384 1173 415 Ju-

281 432 446 468 venilibus
468 433 715 478 aggaudentes,
741 428 776 460 ὅ(
794 435 924 469 propter
952 424 1016 457 hoc
1038 433 1172 457 conten-

280 483 388 518 tiones
408 484 445 518 in
471 482 645 517 Excelsum
666 476 818 515 attollere
839 474 1028 509 festinantes
1041 498 1052 515 ,
1078 484 1171 507 occa-

280 533 389 571 fiones
399 534 566 568 assumunt
577 554 586 562 .

328 584 475 622 Multam
498 578 574 614 vero
611 578 647 612 &
666 587 729 612 tuae
753 574 974 621 Religiolitati
997 598 1007 614 ‚
1036 573 1168 618 ignosce

277 632 361 672 mihi
382 633 451 667 haec
472 642 534 674 prae
556 628 674 664 dolore
706 627 860 662 scribenti
883 652 894 667 ‚
932 622 1166 667 blasphemiam

275 681 515 728 congregabit,
539 680 562 713 fi
584 677 649 713 hoc
669 676 868 721 contigerit3
897 676 975 710 ficut
1002 672 1167 708 nihilomi-

275 731 403 773 ansid,
428 730 517 775 quod
528 727 617 772 prius
637 727 733 768 dixi,
761 738 897 762 omnem
908 725 1047 771 gratiam
1066 725 1098 758 ἃ.
1115 735 1165 768 pa-

274 782 399 820 tientiae
410 779 542 815 laudem
555 778 664 813 afferet
676 803 684 811 .
711 778 783 826 Qi
796 778 887 812 enirn
910 777 1022 811 nactus
1035 775 1164 818 copiam

274 829 452 866 ulciscendi
475 840 546 865 non
567 830 673 864 utitur
699 829 879 873 potestate,
904 827 1003 861 nullis
1016 825 1166 859 laudibus

273 882 385 916 minor
409 880 476 916 est.
504 879 644 915 Rccolat
666 889 777 914 autem
796 878 951 914 Sanctitas
969 887 1024 911 tua
1052 877 1085 910 ὅ(
1109 876 1164 909 illa

274 932 394 971 verba,
423 942 492 975 quae
514 930 556 965 ab
566 943 603 965 ea
623 930 706 965 olim
721 930 807 965 dista
834 931 907 963 sunt
935 927 1052 961 nobis2·
1082 928 1165 969 ‚Quia

271 985 432 1014 Dominum
458 982 666 1015 Alexandrum
688 980 784 1015 curi-Hi
796 987 911 1021 pariter
935 977 1106 1019 &ferimus
1133 978 1166 1008 ζῇ·

269 1040 428 1075 portamus
441 1056 453 1073 ‚
479 1033 551 1067 &ei
562 1031 724 1074 quamlibet
742 1035 1003 1072 importunitarem
1026 1027 1131 1068 inferri
1145 1027 1165 1057 ᾱ

274 1093 452 1125 quocumque
471 1080 661 1123 nonfinimus
677 1105 684 1113 .
714 1082 758 1114 Et
781 1090 913 1123 propter
936 1078 1083 1110 universa
1096 1085 1164 1108 tam

271 1132 360 1175 quod
376 1131 422 1166 est
446 1141 625 1166 commune
647 1129 850 1171 disponens,
875 1137 974 1170 quam
1003 1137 1072 1168 quae
1094 1135 1163 1168 pro·

268 1182 332 1225 prii
354 1183 429 1220 suut
451 1178 579 1214 decoris
592 1203 611 1224 ,ι
630 1176 801 1221 prohibeas
824 1189 903 1217 eos,
930 1176 986 1220 qui
1011 1176 1060 1209 illi
1085 1176 1164 1210 infe·

270 1232 349 1264 stari
373 1229 593 1264 tentaverint.
620 1229 701 1263 Hoc
725 1228 813 1261 coin}
836 1227 1006 1271 &placere
1027 1226 1164 1261 arbitror

268 1279 420 1315 omniurn
444 1280 522 1314 Deo
544 1304 556 1321 ‚
582 1280 616 1313 &
639 1277 792 1313 homines
814 1303 824 1319 ,
853 1290 922 1312 non
945 1277 1070 1310 amicos
1093 1288 1162 1311 tan-

269 1340 341 1365 tum
354 1355 365 1372 ‚
393 1330 446 1364 sed
469 1329 503 1365 &
518 1330 693 1368 inimicos,
718 1328 758 1362 ad
771 1328 898 1363 laudem
913 1339 1043 1362 movere
1057 1351 1065 1363 .

269 1434 327 1485 Et
341 1431 509 1500 reliqua
536 1449 613 1498 per
631 1429 835 1484 ordinem
863 1428 1021 1495 scripta
1053 1427 1163 1476 ficut

338 1502 396 1550 ab
411 1505 574 1551 Irenaeo
589 1500 683 1550 sunt
699 1500 852 1569 posita,
866 1515 1056 1570 exequar
1071 1500 1162 1546 in...

469 1679 971 1728 Sc'uoLroN.

381 1823 450 1858 AEc
465 1821 615 1867 Epistola
628 1819 741 1857 denuo
759 1822 935 1857 confirmat
951 1817 1165 1853 inflexibilem

403 1871 586 1908 Alexandri
599 1872 786 1908 coecltatem
810 1872 844 1906 δε
856 1869 1087 1916 pertinaciam.
1115 1868 1169 1909 Se-

264 1924 380 1961 cundo
402 1924 522 1963 docet,
544 1923 639 1958 illum
655 1923 753 1958 fuisse
767 1932 866 1957 tantae
875 1921 960 1964 apud
975 1930 1109 1955 omnem
1121 1919 1167 1955 O·

263 1977 408 2011 rientem
418 1973 646 2008 Authoritatis
659 1997 670 2014 ‚
697 1983 733 2007 ut
742 1973 812 2016 ejus
823 1971 937 2014 ejectio
950 1971 1103 2018 potuisset
1124 1970 1168 2004 es-

264 2025 301 2060 se
319 2023 417 2069 origo
441 2023 475 2056 &
500 2024 605 2057 fomes
627 2025 710 2057 novi
725 2022 907 2056 schismatis
919 2046 926 2053 .
953 2021 1067 2055 Etiam
1079 2020 1170 2053 Con-

266 2071 489 2116 stantinopoli
499 2097 508 2104 .
538 2071 661 2105 Tertio
677 2093 689 2110 ,
701 2071 793 2114 quod
806 2069 996 2103 orthodoxa
1014 2069 1146 2102 doceret
1159 2090 1169 2107 ‚

268 2136 310 2161 uc
320 2123 393 2159 solo
405 2123 541 2157 latraret
551 2131 637 2156 caeco
647 2120 728 2156 odio
740 2121 774 2154 in
789 2121 943 2154 Sanctum
955 2117 1124 2161 Cyrillum
1137 2117 1169 2151 &

266 2175 340 2219 ejus
361 2170 534 2215 Capitula.
563 2170 669 2216 Qod
695 2170 839 2211 primum
860 2179 902 2201 an
913 2178 1027 2202 verum
1036 2167 1098 2207 fit,
1123 2167 1168 2200 est

266 2235 342 2259 non
369 2220 502 2256 modica
515 2243 528 2261 ,
554 2216 700 2262 superius
718 2217 856 2251 discussa
870 2240 881 2258 ‚
908 2215 1042 2259 quaessio
1052 2241 1061 2248 .
1086 2215 1170 2249 Inte-

268 2275 337 2309 rim
360 2270 599 2306 Theodoretus
624 2279 666 2303 ex
678 2265 730 2301 his
744 2265 903 2310 supplicat
913 2266 1022 2309 ipsum
1034 2276 1101 2299 nou
1115 2276 1170 2299 ex-

270 2324 375 2369 pelli,
401 2321 456 2357 sed
475 2319 598 2355 sufferri
620 2319 656 2353 in
677 2317 856 2361 patientia.-
883 2316 928 2350 Et
949 2316 1109 2360 Joanuem
1121 2326 1171 2349 ur-

272 2382 330 2420 get
342 2383 398 2418 per
410 2369 539 2416 propria
549 2369 693 2414 superius
705 2367 842 2402 adducta
855 2365 969 2400 verba:
994 2366 1086 2413 Qia
1100 2366 1170 2399 Do-

271 2424 406 2460 minum
418 2419 647 2457 Alexandrum
655 2428 770 2453 omnes
784 2415 901 2461 pariter
911 2415 1046 2451 ferimus
1057 2416 1089 2449 &
1101 2426 1170 2459 por-

275 2485 405 2514 tamus,
430 2473 465 2507 δε
483 2471 514 2506 ei
525 2468 809 2514 importunitatem
819 2466 999 2511 quamlibet
1024 2466 1137 2502 inferri
1151 2466 1168 2500 a

276 2533 489 2570 quocumque
512 2532 583 2556 non
593 2520 728 2557 finimus
739 2544 748 2555 .

429 2727 692 2781 CAPUT
729 2728 986 2777 CLXXIII.
1023 2737 1163 2773 ”261

288 2878 431 2917 Domino
439 2884 510 2911 meo
518 2879 580 2921 per
602 2872 712 2907 omnia
722 2872 789 2908 Deo
809 2871 906 2905 amici
902 2864 996 2919 ffimo
1011 2893 1023 2912 ,
1053 2863 1177 2918 &flm-

426 2924 566 2981 Hiffimo
586 2922 747 2977 Episcopo
768 2924 904 2964 Meletio
917 2924 1018 2962 Titus
1029 2953 1038 2963 .

406 3035 493 3072 Ulta
516 3034 549 3070 &
559 3032 684 3069 diversa
697 3029 833 3066 subinde
851 3027 906 3064 hie
917 3028 1126 3064 diffamantur
1135 3029 1178 3065 de

430 3084 607 3121 Sanctitate
628 3091 684 3118 tua
695 3106 707 3123 ,
732 3080 852 3127 quibus
872 3079 980 3114 exitus
991 3081 1150 3115 consonat
1167 3094 1179 3114 .-

295 3136 336 3171 eo
347 3136 437 3180 quod
459 3135 545 3170 nolit
566 3134 666 3176 usque
685 3132 726 3167 ad
753 3132 885 3175 praesens
896 3128 1052 3165 Sanffltas
1063 3139 1118 3164 tua
1129 3138 1180 3165 to-

286 3186 362 3220 'tius
374 3185 472 3221 Orbis
495 3186 529 3219 &
542 3183 720 3218 catholico
744 3179 988 3216 &Orthodoxo
997 3179 1180 3214 communi-

296 3247 369 3270 care
382 3235 597 3273 conventui,
623 3233 664 3267 ab
676 3231 841 3277 aliquibus
862 3230 970 3266 forsan
982 3255 995 3272 ‚
1021 3230 1076 3272 qui
1088 3229 1179 3274 quod

298 3285 430 3329 expedit
474 3282 747 3326 comprehendere
792 3290 960 3326 nequeunt
985 3305 996 3322 ,
1021 3279 1157 3314 dissuasa
1169 3306 1176 3313 .

298 3335 401 3371 Nunc
412 3331 587 3379 igitursero
597 3331 729 3366 tandem
739 3332 909 3378 revigilare
917 3329 1054 3366 defidera
1064 3340 1179 3365 contra

299 3385 456 3423 versutias
469 3382 598 3418 inimici
613 3405 625 3426 ,
651 3381 683 3416 &
696 3382 846 3418 omnium
856 3382 1036 3417 sanctorum
1048 3380 1181 3425 Episco-

1231 332 1287 355 ues
1309 322 1343 354 δε
1366 319 1581 365 multiloquia
1603 321 1736 356 tendere
1756 346 1768 363 ,
1804 335 1875 368 quae
1900 325 2009 368 iuvare
2033 325 2116 360 nihil

1231 371 1380 414 possunt:
1408 370 1504 419 Qin
1529 368 1633 404 immo
1654 368 1755 405 &hic
1775 372 1857 406 &in
1872 376 1981 409 futuro
2001 377 2117 410 saeculo

1230 430 1351 455 nocent
1373 447 1380 454 .
1408 422 1519 455 claret
1544 421 1634 456 enim
1658 444 1669 461 ‚
1705 421 1796 466 quod
1817 422 1884 456 Dei
1910 426 2117 466 providentia,

1229 482 1345 506 ornnes
1355 471 1467 506 salvari
1482 471 1636 507 homines
1646 471 1727 506 velit
1738 496 1746 504 .
1773 471 1956 518 Qomodo
1965 485 2044 520 ergo
2054 488 2118 511 cre-

1228 520 1329 556 dibile
1343 522 1388 556 est
1400 546 1412 563 ‚
1439 523 1600 566 quoniam
1625 521 1727 556 solam
1739 521 1947 558 Sanctitatem
1957 532 2044 559 tuam
2055 527 2113 568 jus-

1229 572 1302 607 serit
1315 573 1380 606 suis
1393 572 1496 607 teneri
1514 570 1666 615 judiciis?

1259 646 1263 648 -
1279 622 1583 672 Cognoscatigitur
1595 623 1746 668 Angelus
1761 631 1836 658 tuus
1846 647 1858 664 ,
1880 623 1973 669 quod
1985 624 2116 670 Divina

1228 672 1338 706 litterae
1354 674 1500 708 venerint
1513 696 1524 716 ,
1550 684 1639 708 certa
1662 674 1808 716 quaedam
1823 685 1937 710 contra
1952 685 2010 710 eos
2023 698 2042 720 ,γ
2059 677 2118 720 qui

1229 734 1297 756 non
1312 723 1479 758 obediunt
1490 748 1502 765 ‚
1530 725 1712 759 sancientes
1725 748 1735 765 ‚
1761 725 1796 758 ἃ
1807 734 1921 760 eontra
1937 734 2008 760 non
2021 732 2119 760 com-

1228 774 1432 808 municantes
1472 775 1592 809 Sansto
1629 774 1886 819 Universalique
1932 774 2093 810 Concilio
2107 800 2116 807 .

1228 824 1299 857 Nos
1311 825 1420 865 enim,
1447 824 1506 867 qui
1529 825 1652 867 semper
1672 835 1828 865 oramus,
1855 835 1893 861 ut
1906 825 2116 869 nequaquam

1228 873 1364 912 Diaboli
1377 875 1462 910 mala
1485 876 1700 919 praevaleant‚
1727 875 1917 923 rogavimus
1928 876 2005 910 Deo
2020 873 2121 909 Ami-

1227 924 1386 958 cissimum
1410 925 1749 969 Archi-Episcopum
1776 927 1939 970 Joannem
1963 924 2118 965 differre,

1227 973 1331 1010 donec
1353 974 1401 1008 hae
1422 976 1536 1010 litterae
1557 976 1929 1015 redderenturvOmne
1939 974 2042 1021 igitur
2055 983 2119 1009 tuae

1231 1025 1464 1070 Religiolitatis
1477 1025 1621 1060 studium
1634 1026 1672 1060 lit
1685 1027 1785 1060 malas
1795 1026 1930 1068 quidem
1944 1025 2118 1069 cogitatio—

1229 1085 1283 1109 nes
1296 1074 1458 1116 deponere
1471 1097 1482 1114 ,
1509 1076 1638 1118 prodire
1665 1073 1763 1116 vero,
1788 1075 1822 1110 δε
1838 1076 1879 1110 ad
1896 1073 2118 1110 Antiochiam

1230 1124 1396 1167 pervenire
1409 1148 1415 1155 .
1445 1125 1525 1158 Hoc
1536 1125 1625 1157 enim
1638 1125 1752 1157 multis
1761 1125 1867 1159 modis
1879 1124 1950 1159 fieri
1961 1124 2093 1168 expedit
2109 1148 2117 1157 .

1229 1175 1383 1209 Siautem
1408 1173 1478 1217 p'ost
1504 1172 1562 1210 has
1573 1173 1696 1208 litteras
1719 1174 1852 1213 Sanetus
1874 1175 2024 1218 Angelus
2041 1184 2118 1209 tuus

1229 1235 1398 1260 occurrere
1410 1235 1479 1258 non
1505 1223 1670 1264 voluerit,
1697 1223 1807 1258 nullus
1829 1222 1964 1259 habebit
1985 1223 2123 1260 ulterius

1229 1274 1316 1309 unde
1340 1274 1375 1308 in
1388 1283 1557 1318 quoquam
1581 1274 1741 1317 vituperet
1753 1285 1817 1320 aut⁹
1832 1273 1973 1308 eundern
1985 1275 2121 1309 Sanffls·

1227 1325 1344 1359 fimum
1374 1325 1410 1359 ὅ(
1433 1326 1511 1359 Deo
1536 1322 1778 1358 Amicissimum
1800 1324 2000 1368 Episcopum
2024 1324 2120 1367 Ioan-

1230 1386 1324 1415 nem,
1352 1386 1409 1409 aut
1423 1386 1485 1409 nos
1498 1375 1585 1418 ipsos
1599 1398 1611 1415 ,
1636 1372 1770 1418 quando
1782 1373 1841 1408 sub
1860 1375 1955 1410 omni
1966 1374 2124 1409 velocita-

1230 1436 1261 1459 te
1273 1425 1338 1459 haec
1351 1425 1417 1468 ipsa
1429 1424 1549 1469 exequi
1561 1424 1753 1468 coeperimus
1765 1449 1776 1465 ‚
1786 1435 1857 1466 quae
1868 1423 1885 1458 ὲ
1898 1422 2029 1458 Divino
2040 1422 2121 1458 Ver·

1230 1476 1294 1510 tice
1319 1477 1393 1509 sunt
1420 1484 1577 1519 praecepta
1594 1499 1602 1507 .
1628 1474 1662 1509 Si
1672 1475 1762 1509 enim
1781 1474 1915 1509 Divina:
1925 1469 2121 1508 litt'erae'ino-

1231 1527 1399 1561 bedientes
1411 1523 1724 1570 comprehenderint
1749 1525 1783 1558 in
1806 1524 1874 1566 εἰς,
1899 1525 1937 1560 in
1948 1521 2067 1568 quibus
2078 1523 2122 1557 vi·

1231 1577 1348 1610 dentur
1358 1575 1496 1618 degere,
1522 1574 1679 1615 urbibus,
1707 1573 1925 1614 intolerabilis
1945 1575 1991 1611 eis
2013 1573 2118 1612 tristi·-

1231 1627 1276 1662 tia
1290 1626 1366 1661 fiet,
1395 1623 1585 1661 Incolumes
1605 1622 1691 1658 fitis.

1421 1776 1929 1864 Sexuo‘rrou.

1543 1865 1556 1905 Ι

1343 1926 1414 1961 AEe
1435 1925 1572 1970 epistola
1596 1923 1710 1976 denuo
1729 1918 1932 1962 demonstrat
1960 1923 2122 1970 Mopsue-

1367 1976 1471 2011 stienfi
1497 1974 1636 2012 Meletio
1657 1976 1753 2011 fuisse
1762 1984 1889 2012 tantam
1899 1972 2021 2010 mentis
2029 1973 2122 2009 coeci-

1234 2037 1333 2065 tatem
1341 2052 1352 2069 ,
1379 2037 1418 2062 ut
1429 2026 1642 2062 Catholicam
1652 2024 1776 2061 Christi
1791 2026 1934 2063 Domini
1943 2024 2123 2061 Ecclesiam

1233 2077 1375 2113 crederet
1401 2076 1443 2111 ad
1456 2077 1487 2109 se
1500 2076 1607 2109 solum
1618 2075 1789 2110 decrevisse
1799 2101 1808 2109 .
1833 2077 1879 2110 Et
1890 2075 1983 2110 addit
1993 2074 2123 2110 coecita-

1232 2125 1275 2161 tis
1299 2124 1460 2162 radicem:
1490 2124 1642 2169 ,Quomodo
1661 2135 1728 2168 ergo
1748 2123 1886 2158 credibile
1895 2123 1957 2165 est,
1981 2129 2122 2166 quoniam

1230 2174 1328 2218 solam
1351 2174 1548 2209 sandinum
1567 2182 1653 2207 :uam
1665 2174 1785 2216 juffem
1798 2171 1866 2216 sacis
1877 2174 2122 2215 tenens-adicus.

1235 2223 1390 2258 Affirmat
1412 2221 1498 2257 hanc
1515 2220 1660 2256 radicem
1680 2222 1744 2257 effe
1764 2222 1927 2269 privatum
1945 2221 2123 2267 Spiritum.

1236 2272 1390 2308 Affirmat
1402 2270 1491 2306 hunc
1503 2283 1573 2307 non
1598 2273 1660 2307 effe
1671 2282 1712 2305 ex
1723 2272 1819 2319 Deo:
1844 2271 2019 2323 Qoniam
2029 2270 2124 2308 Deus

1236 2323 1307 2361 vult
1320 2333 1456 2358 omnem
1469 2320 1639 2356 hominem
1650 2321 1774 2356 salvum
1785 2321 1864 2356 fieri.
1875 2321 2047 2365 Hiueeju's
2055 2321 2124 2365 Spi-

1234 2374 1316 2409 ritus
1336 2371 1435 2409 debet
1455 2372 1518 2408 esse
1540 2372 1726 2407 communis
1739 2396 1759 2413 ,,
1782 2382 1850 2407 non
1873 2371 2037 2416 privatus.
2065 2371 2123 2406 Est

1233 2422 1452 2462 firmiffimum
1465 2426 1693 2470 argumentum
1709 2447 1716 2455 .
1743 2419 1894 2457 Secundo
1904 2420 2014 2457 laudat
2028 2420 2124 2456 Divi-

1234 2486 1291 2509 nas
1307 2474 1454 2515 litteras,
1481 2471 1601 2518 quibus
1621 2471 1766 2506 Divinus
1778 2470 1902 2506 Mundi
1917 2470 2032 2515 Apex,
2060 2471 2125 2505 Im-

1235 2533 1359 2570 perator
1382 2522 1593 2558 Theodosius
1606 2545 1617 2563 ,
1642 2532 1758 2557 omnes
1778 2522 1851 2566 paci
1863 2521 2067 2566 pertinaciter
2076 2532 2123 2555 re-

1233 2575 1441 2613 calcitrantes
1462 2573 1641 2618 Episcopos
1662 2571 1750 2616 juffit
1759 2571 1880 2616 expelli
1894 2583 1949 2616 per
1960 2572 2121 2615 Joannem

1234 2623 1459 2662 patriarcham
1470 2647 1481 2664 ‚
1492 2622 1713 2657 &consecrari
1724 2618 1826 2656 alios.
1856 2621 1980 2654 Tertio
1991 2645 2004 2662 ‚
2029 2620 2121 2664 quod

1234 2677 1378 2720 Joannes
1398 2670 1458 2706 has
1479 2670 1619 2706 Litteras
1640 2669 1779 2705 voluerit
1791 2668 1898 2704 statim
1910 2670 1945 2703 in
1956 2670 2123 2704 executio-

1235 2737 1311 2766 nem
1322 2723 1452 2761 mittere
1465 2746 1476 2762 ‚
1500 2719 1535 2755 &
1557 2718 1703 2763 adjuvari
1713 2719 1732 2753 a
1745 2719 1879 2753 militari
1890 2717 2033 2755 Brachio
2043 2718 2123 2755 Titi

1234 2774 1399 2820 Comitis.
1427 2769 1575 2819 Quinc,
1604 2768 1694 2813 quod
1704 2768 1809 2811 Titus
1820 2767 2007 2813 supplicarit
2018 2769 2123 2805 differ-

1237 2824 1365 2865 rivim,
1389 2821 1496 2857 donec
1505 2821 1572 2865 ipse
1595 2819 1773 2856 Meletium
1783 2818 1969 2864 peramicas
1978 2818 2122 2856 Litteras

1237 2872 1417 2912 tentaverit.
1432 2871 1476 2905 Et
1486 2869 1551 2905 hoc
1562 2870 1643 2905 facit
1656 2880 1710 2914 per
1720 2869 1894 2904 Praesentes
1905 2868 2028 2904 addens
2036 2868 2121 2912 ipsas

1234 2926 1299 2962 effe
1320 2923 1453 2960 ultimas
1474 2935 1486 2956 .-
1512 2919 1590 2955 Post
1611 2920 1694 2965 ipsas
1714 2920 1870 2955 resolutas
1889 2917 2121 2966 executionem

1239 2977 1318 3013 mox
1337 2973 1523 3009 adfuturam
1537 2996 1544 3004 .
1571 2969 1650 3015 Ejus
1661 2969 1722 3013 hec
1734 2965 1871 3014 epistola
1883 2980 1944 3004 nos
1955 2967 2053 3004 etiam
2063 2967 2123 3003 do-

1237 3036 1291 3064 cet
1302 3050 1314 3068 ,
1339 3023 1429 3069 quod
1441 3018 1633 3057 Christiani-
1645 3019 1726 3055 fide's
1735 3019 1860 3064 semper
1870 3016 2042 3055 tradiderit
2050 3016 2125 3053 uni·

1241 3077 1358 3120 cuique
1376 3073 1465 3108 fideli
1493 3097 1504 3114 ,
1529 3070 1703 3116 praesertim
1733 3069 1901 3118 Episcopo
1919 3093 1933 3113 ,
1956 3069 2021 3106 estc
2052 3078 2124 3114 pro·

1242 3128 1347 3178 prium
1369 3123 1540 3165 custodem
1559 3121 1749 3170 Angelum.

1839 3272 1926 3379 Q

1443 3278 1529 3381 ἕξ

1899 3382 2071 3455 cripui*
