2320 3730
601 168 1027 223 ScHoL113‚Er
1060 160 1250 209 Norts
1289 174 1675 212 ritusraarffi.

296 253 340 288 Et
354 251 418 287 hoc
433 251 468 285 in
482 249 701 287 patriarcham
724 253 883 295 Ioannem
902 250 946 285 est
969 251 1095 284 sextum
1111 273 1121 288 ‚

246 314 284 337 ac
296 303 435 346 palmare
448 302 661 337 accusationis
671 313 769 346 caput
779 327 790 344 ,
803 303 894 346 cujus
905 301 999 336 causa
1009 298 1122 332 Theo-

243 351 376 386 domtus
399 352 460 385 suae
488 352 722 396 dispensatoriae
743 353 905 396 patientiae
927 362 968 385 ex
993 351 1122 393 integro

245 401 403 436 valedixit
416 425 426 441 ,
452 413 489 436 ac
513 403 543 436 se
559 402 707 446 adjunxit
729 401 954 445 Metropolitae
972 399 1124 434 Alexan-

243 451 304 486 dro
317 462 325 482 ε
352 451 483 495 Nempe
494 452 582 496 quod
595 453 739 495 Joannes
758 452 928 497 legitimos
941 450 1122 493 Episcopus

238 499 372 542 ‘ejiceret
383 526 393 541 ‚
420 513 458 536 ac
469 502 649 537 intruderet
665 502 746 539 alios
758 527 765 534 .
793 502 837 535 Et
847 500 979 544 quidem
990 497 1126 533 manife-

242 549 291 583 ste
305 550 462 597 indignos
471 576 478 584 .
491 552 658 587 Homines
668 553 776 596 palam
787 549 970 595 impudicos
982 575 989 583 .
1016 547 1122 595 Qod

242 611 301 634 eos
312 611 427 636 contra
441 602 527 646 leges
538 601 701 637 ordinaret
713 627 720 634 .
738 599 869 645 Nempe
880 602 915 635 in
926 601 1033 634 aliena
1048 598 1126 632 Pro-

246 651 353 685 vincia
364 676 371 683 .
400 652 504 699 Qod
516 653 602 695 ipsos
612 653 777 688 ordinaret
786 663 840 696 per
849 650 1032 685 Simoniam
1047 675 1054 682 .
1082 648 1126 682 Et

244 700 379 745 quidem
400 713 456 744 per
469 702 632 746 peffimam
654 702 810 737 Simoniae
832 701 971 745 speciem
992 726 1003 742 ,
1034 710 1126 744 pecu-

243 751 336 784 niam
346 776 353 783 .
382 752 426 786 Et
436 753 525 796 quod
537 754 679 796 ipsorum
692 752 893 796 impudicam
905 752 1005 786 vitam
1017 750 1127 784 statim

245 799 317 844 post
332 801 588 837 ordinationem
600 802 804 848 divulgaret.
824 803 972 837 Forsitan
984 811 1019 837 ut
1032 800 1126 838 illos,

245 850 326 884 dum
349 851 394 885 ob
404 851 569 895 publicam
591 853 679 887 suam
694 853 935 898 indignitatem
958 848 1125 896 degradari

245 910 421 942 metuunt,
446 902 590 936 redderet
602 903 658 937 fibi
670 902 766 947 plene
775 903 942 938 obnoxios
954 926 967 937 .,
989 902 1046 934 An
1059 898 1126 932 haec

246 960 321 984 vera
331 951 411 992 fint,
438 962 479 985 an
505 952 615 996 potius
635 953 836 988 calumniosa
858 953 893 986 δε
914 949 1127 986 Schismatica

244 1001 405 1043 figmenta
427 1024 439 1041 ,
473 1012 542 1036 non
554 1003 682 1043 possum
709 1003 869 1036 affirmare
889 1026 896 1033 .
924 1000 1060 1044 Interim
1083 999 1128 1035 ob

240 1048 305 1082 issa
316 1047 550 1083 Theodoretus
560 1049 697 1084 excuffit
708 1050 844 1093 Ioannis
853 1049 1078 1086 obedientiam
1092 1051 1125 1084 δε

243 1094 553 1140 communionem,
578 1099 764 1135 &adistud
789 1101 894 1144 ipsum
917 1100 1040 1136 studuit
1064 1111 1129 1145 per·

244 1144 374 1181 trahere
397 1158 533 1182 omnem
563 1148 819 1184 Antiochenum
846 1150 1130 1192 Patriarchatum,

243 1207 282 1230 ac
302 1183 379 1233 alias
398 1197 479 1232 item
500 1197 694 1233 Provincias
711 1224 721 1232 .
750 1200 803 1234 Ex
825 1197 877 1234 his
899 1198 1067 1242 videmus,
1093 1202 1128 1236 in

245 1255 372 1288 quanto
383 1247 488 1290 pretio
501 1256 581 1284 tunc
598 1250 685 1294 apud
696 1249 881 1285 Orientales
892 1251 989 1286 fuerit
1001 1252 1131 1287 castitas

241 1295 485 1341 Episcoporum
496 1323 504 1332 .

447 1518 708 1569 CAPUT
745 1524 932 1568 CXXX.
968 1523 1130 1571 -218

251 1654 436 1717 Domino,
469 1657 643 1723 inquit,
673 1677 749 1707 meo
769 1695 782 1721 ,
803 1676 875 1729 per
901 1664 1024 1709 omnia
1055 1667 1137 1709 Deo

322 1723 560 1791 Amiciffimo
586 1733 701 1778 Patri
725 1765 739 1790 ‚
762 1746 871 1796 atque
896 1737 926 1779 S
927 1731 1029 1779 αηὲἶὶ
1048 1737 1138 1780 simo

322 1795 545 1844 Alexandro
575 1834 587 1858 ‚
627 1796 856 1848 Theodoreto
890 1839 904 1863 ,
942 1802 1100 1849 Heliadi
1124 1837 1138 1863 ‚

325 1868 469 1915 Abbibo
486 1905 499 1928 ‚
530 1874 666 1915 Marae
693 1904 707 1929 ‚
748 1870 903 1919 Det-vidi
925 1907 938 1932 ,
970 1871 1139 1932 Acilino‚

324 1935 525 1985 ffllladius
555 1959 571 1998 ,⁴
602 1944 874 1989 Matronianus
900 1978 913 2003 ‚
948 1942 1111 1999 Cyrillus
1125 1980 1138 2005 ‚

321 2009 518 2056 Zenobius
530 2045 544 2071 ‚
568 2013 606 2058 in
630 2014 790 2059 Domino
806 2013 970 2078 gaudere
984 2049 996 2061 .

349 2147 480 2184 Olenda
504 2148 769 2185 &intolerabilia
794 2150 927 2195 quidem
940 2176 951 2191 ‚
979 2163 1048 2196 quae
1061 2152 1139 2187 ave·

375 2198 438 2231 stra
451 2199 547 2232 nobis
560 2209 662 2241 nuper
673 2200 789 2242 scripta
805 2202 881 2234 sunt
893 2203 1069 2236 sanctitate
1080 2226 1092 2242 ,
1117 2214 1139 2235 o

252 2246 497 2290 Religiofiffimi
508 2271 519 2287 ,
546 2258 616 2281 non
637 2257 747 2282 autem
771 2259 856 2282 nova
871 2273 882 2289 ,
909 2260 970 2283 nec
992 2251 1098 2284 aliena
1122 2251 1139 2283 a

252 2296 447 2330 confufione
458 2298 660 2340 praesentium
677 2307 860 2341 temporum
873 2322 884 2339 ,
914 2299 945 2332 ὅ(
957 2299 998 2333 ab
1012 2297 1062 2332 his
1072 2310 1140 2343 quae

251 2358 294 2382 ex
307 2346 367 2380 illo
378 2348 563 2389 praesumpta
573 2349 647 2382 sunt
661 2358 806 2391 tempore
820 2360 906 2393 ‚quo
920 2349 970 2382 vel
983 2349 1020 2382 in
1034 2348 1137 2391 Ephe-

250 2397 291 2429 [ο
306 2419 316 2435 ,
342 2396 392 2429 vel
414 2397 484 2438 post
507 2396 574 2430 haec
592 2397 863 2432 inconvenienter
885 2410 923 2432 ac
947 2399 1077 2441 peffime
1103 2399 1136 2432 in

253 2445 434 2478 Canonum
446 2446 681 2480 contumeliam
695 2447 783 2491 gesta
797 2448 870 2481 sunt
881 2473 888 2480 .
916 2448 1002 2496 Qae
1023 2459 1078 2491 per
1090 2459 1137 2483 or—

251 2494 366 2528 dinem
378 2495 536 2529 recordati
549 2520 560 2536 ,
586 2495 882 2541 &ingemiscentes
902 2498 920 2531 a
943 2498 1109 2542 profundo
1127 2523 1138 2539 ,

252 2544 458 2579 rra-{lavimus
467 2545 554 2588 apud
566 2556 628 2581 nos
639 2557 852 2581 communem
877 2549 953 2583 Deo
975 2548 1137 2583 Amiciffi-

252 2605 386 2629 morum
401 2594 638 2638 Episcoporum
649 2596 823 2639 Synodum
850 2608 1052 2642 congregare
1064 2623 1074 2639 ,
1101 2610 1137 2633 ac

251 2644 377 2678 litteras
388 2643 570 2686 synodicas
581 2644 689 2679 vestrae
700 2646 777 2679 Deo
789 2645 997 2681 Amabilitati
1012 2648 1136 2688 destina-

250 2704 304 2727 re.
330 2693 519 2735 Iedpofflbile
533 2705 603 2728 non
626 2694 692 2728 fuit
703 2718 715 2736 ‚
741 2693 1012 2739 prohibentibus,
1039 2708 1075 2733 ut
1092 2699 1136 2732 vi-

251 2741 336 2776 detis
347 2767 358 2783 ,
386 2742 501 2777 diebus
515 2767 526 2783 ,
551 2743 593 2777 eo
606 2744 696 2786 quod
708 2743 837 2780 Paschae
851 2746 1006 2782 festivitas
1018 2748 1133 2783 instet.

255 2791 330 2826 Nos
340 2792 396 2836 qui
406 2791 440 2825 in
455 2792 645 2837 Metropoli
657 2794 765 2829 sumus
775 2797 901 2831 inventi
917 2822 928 2838 ,
955 2798 988 2832 &
1004 2799 1080 2833 Deo
1091 2800 1135 2833 fa-

253 2853 352 2877 vente
365 2853 465 2877 unam
478 2843 673 2877 sententiam
685 2845 836 2882 novimus
848 2849 908 2881 esse
919 2849 1111 2883 cunctorum
1123 2873 1135 2890 ,

250 2892 331 2927 sicut
341 2903 383 2927 ex
394 2893 529 2936 persona
537 2893 709 2928 communi
721 2893 784 2930 hoc
798 2906 927 2931 tantum
941 2898 1049 2933 vestrae
1058 2900 1134 2934 Deo

252 2941 463 2977 Amabilitati
477 2942 680 2978 rescribimus
690 2968 702 2984 ,
728 2945 802 2989 quia
814 2957 943 2991 oportet
953 2948 992 2983 ad
1006 2951 1132 2983 cuncto-

251 3003 325 3026 rum
334 2993 522 3028 Dominum
533 2993 773 3036 deprecandum
785 3007 844 3031 nos
854 2998 1031 3033 ferventius
1041 2999 1133 3044 erigi,

249 3041 328 3084 quia
338 3051 398 3076 nec
411 3043 457 3076 est
467 3042 613 3087 poffibile
625 3068 636 3084 ,
663 3043 744 3079 ficut
757 3044 813 3089 ipfi
828 3058 958 3094 quoque
970 3050 1133 3089 fatemini,

252 3092 331 3125 Deo
343 3089 539 3127 Amiciffimi
551 3117 562 3133 ‚
590 3093 724 3129 aliunde
746 3097 864 3140 operiri
888 3109 1053 3134 tantorum
1068 3111 1132 3134 rna-

252 3140 360 3175 lorum
384 3141 582 3176 solutionem
594 3168 601 3175 .
628 3144 723 3179 Licet
743 3146 832 3181 enim
857 3159 988 3193 propter
1009 3150 1133 3183 nostro-

253 3201 327 3224 rum
349 3191 597 3226 multitudinem
619 3204 823 3236 peccatorum
835 3197 992 3234 deteriora
1006 3201 1132 3234 firmen-

251 3250 304 3275 tur
313 3264 325 3280 ,
353 3242 386 3275 &
397 3251 552 3286 augeatur
562 3241 647 3286 apud
659 3255 713 3278 eos
727 3269 738 3285 ,
764 3247 821 3290 qui
836 3248 876 3283 fic
887 3251 1005 3284 volunt
1018 3274 1029 3290 ,
1055 3263 1133 3285 con·

252 3290 387 3325 tumelia
400 3291 623 3336 Regularum,
649 3293 702 3328 sed
714 3294 736 3327 fi
765 3297 902 3333 voluerit
927 3301 1017 3334 Deus
1029 3325 1038 3340 ‚
1067 3300 1132 3334 sola

252 3339 422 3375 voluntate
444 3342 585 3385 placabit
609 3343 824 3388 multiplicem
846 3347 1130 3395 &importabilem

351 3389 455 3432 christ,
471 3395 549 3436 Lupi
562 3397 661 3437 Opera
672 3397 705 3427 T.
714 3397 781 3429 VII.

1895 185 1989 228 293

1184 245 1433 280 Diabolicarum
1456 246 1718 291 magnitudinem
1739 253 1984 298 tempestatum.

1235 295 1280 329 Et
1301 293 1368 329 haec
1391 295 1579 335 scribimus,
1605 307 1674 330 non
1686 301 1771 341 quali
1792 305 1947 339 Sanstitas
1959 303 2062 339 vestra

1187 345 1328 380 Monitis
1341 344 1457 379 nostris
1471 346 1618 391 indigeat
1628 371 1639 387 ,
1666 347 1717 380 sed
1730 350 1805 390 quia
1816 353 1917 388 nimia
1927 355 2063 389 difficul.

1186 406 1251 430 tate
1269 404 1451 439 temporum
1462 396 1684 441 desperamus.
1713 396 1757 431 Et
1769 399 1856 440 quod
1868 411 1956 436 tanta
1973 406 2063 440 &ta-

1188 446 1231 480 lia
1252 469 1263 485 ,
1298 456 1367 489 quae
1379 446 1564 486 audivimus
1582 471 1593 488 ‚
1620 446 1706 482 mala
1729 447 1799 483 fieri
1812 451 2062 491 permittantur.-

1188 496 1271 543 Qae
1290 505 1399 533 tamen
1422 496 1514 531 Deus
1537 498 1598 531 suae
1615 496 1827 542 benignitatis
1847 509 1938 533 more
1949 511 2063 543 potens

1189 547 1234 580 est
1259 557 1432 587 amovere,
1458 547 1492 581 &
1512 547 1655 591 praestare
1674 546 1737 581 suis
1757 547 1909 582 Ecclefiis
1930 549 2065 585 celerem

1190 607 1322 639 pacem.
1349 597 1450 631 Orate
1471 608 1530 641 pro
1551 596 1647 631 nobis
1683 597 1760 631 Deo
1786 597 2007 639 Amiciffimi,
2032 599 2066 634 &

1189 657 1345 686 omnem,
1373 658 1443 690 qua:
1460 646 1654 688 vobiscum,
1681 647 1931 686 Fraternitatem
1952 660 1991 686 ex
2011 659 2070 682 no-

1190 693 1274 782 bilsu,
1298 696 1332 730 &
1354 707 1396 731 ex
1417 697 1463 732 eis
1485 699 1542 743 qui
1560 697 1733 734 nobiseum
1757 698 1831 735 sunt
1852 723 1863 742 ,
1890 698 2071 744 plurimum

1190 747 1220 780 sa
1258 755 1343 782 tare.

1378 903 1883 953 SCHOLION.

1192 1046 1448 1133 HElladius
1464 1047 1656 1085 Tharsensis
1669 1051 1848 1096 Episcopus
1859 1077 1870 1093 ‚
1900 1053 2008 1097 primae
2020 1055 2077 1089 Ci-

1327 1098 1407 1132 liciae
1417 1098 1635 1144 Metropolita
1646 1101 1709 1135 isto
1723 1111 1869 1144 tempore
1888 1113 1956 1137 erat
1968 1104 2077 1138 advet-

1192 1149 1245 1182 δὺς
1268 1159 1382 1192 pacem
1403 1159 1442 1182 ac
1465 1149 1625 1192 Joannem
1641 1149 1863 1185 Patriarcham
1886 1162 1954 1185 non
1967 1153 2079 1185 minsis

1193 1208 1288 1233 atrox
1306 1209 1343 1232 ac
1369 1198 1487 1239 durus,
1516 1211 1614 1244 quam
1636 1199 1830 1235 Alexander
1853 1226 1861 1232 .
1886 1202 1966 1235 Erat
1988 1205 2079 1235 enim

1194 1260 1279 1283 unus
1291 1248 1425 1283 istorum
1436 1252 1594 1292 quatuor,
1619 1262 1704 1295 quos
1716 1250 1850 1286 Sanstus
1862 1251 2011 1294 Cyrillus
2027 1262 2083 1285 ex-

1195 1298 1357 1333 cluserata
1378 1310 1478 1343 pace,
1505 1300 1654 1346 adeoque
1673 1303 1823 1336 sanxerat
1840 1302 1876 1335 in
1900 1302 1985 1345 ipsos
2008 1312 2083 1335 exe-

1198 1349 1363 1394 quendam
1385 1350 1580 1385 sententiam
1591 1350 1839 1397 degradationis
1850 1377 1861 1393 ,
1887 1362 1986 1396 quam
1999 1351 2084 1385 tule-

1197 1409 1244 1434 rat
1258 1397 1422 1442 Ephefina
1443 1400 1598 1444 Synodus
1609 1427 1619 1443 ‚
1646 1402 1678 1436 &
1691 1401 2083 1446 Constantinopolitanus

1198 1449 1400 1484 Maximiani
1413 1450 1608 1486 Conventus
1618 1452 1866 1488 confirmaverat
1879 1477 1885 1484 .
1908 1453 1988 1486 Erat
2000 1460 2084 1486 unus

1200 1500 1330 1533 illorum
1343 1523 1355 1540 ,
1381 1501 1439 1542 qui
1458 1501 1499 1535 ad
1509 1502 1641 1537 Xistum
1664 1502 1863 1537 Pontificem
1884 1502 2085 1545 appellarat,

1200 1550 1234 1583 &
1247 1560 1344 1590 quern
1361 1548 1521 1585 Pontifex
1538 1563 1608 1587 non
1630 1551 1725 1595 plene
1734 1552 1963 1587 exaudiverat.
1990 1552 2086 1584 Hinc

1201 1598 1384 1633 Alexandri
1402 1600 1583 1643 synodalia
1603 1603 1700 1637 Sensa
1721 1601 1817 1644 plene
1835 1599 2002 1644 probavit.
2031 1600 2086 1632 Ex

1201 1648 1268 1692 ejus
1279 1648 1450 1694 Responso
1460 1650 1614 1686 discimus
1623 1676 1635 1692 ,
1660 1651 1751 1693 quod
1762 1649 1953 1685 Alexander
1965 1648 2006 1683 ab
2016 1659 2087 1683 om-

1201 1698 1300 1733 nibus
1310 1723 1322 1739 ,
1347 1697 1388 1733 ad
1399 1711 1479 1743 quas
1489 1701 1608 1744 scripsit
1619 1724 1630 1741 ,
1653 1700 1840 1735 Provinciis
1851 1698 2021 1744 postularit
2034 1699 2088 1733 fie-

1202 1749 1228 1782 ri
1239 1748 1414 1792 Synodum
1432 1761 1470 1785 ac
1481 1749 1540 1785 fibi
1551 1751 1761 1794 Synodaliter
1773 1750 1981 1794 responderi.
2008 1749 2091 1783 Erat

1201 1799 1360 1841 aptiffima
1380 1801 1433 1834 via
1458 1801 1499 1835 ad
1521 1801 1718 1836 turbandam
1737 1811 1872 1834 omnem
1884 1798 2089 1834 orientalem

1204 1847 1378 1883 Ecclesiam
1393 1873 1400 1880 .
1429 1849 1473 1882 Et
1495 1849 1575 1884 hinc
1596 1850 1750 1885 discimus
1770 1850 2025 1885 fundamentum
2046 1859 2090 1882 ex

1204 1909 1272 1943 quo
1294 1898 1474 1943 Imperator
1496 1898 1707 1935 Theodosius
1726 1900 1982 1935 Theodoretum
2005 1899 2091 1943 post-

1204 1947 1308 1983 modo
1320 1949 1478 1994 relegavit
1500 1949 1541 1984 ab
1551 1951 1646 1984 omni
1660 1949 1879 1985 Antiocheno
1890 1947 2092 1984 Patriarcha·

1202 2009 1237 2033 tu
1250 2021 1261 2037 ,
1284 1999 1572 2042 &circumscripto
1592 2000 1694 2034 exilio
1712 1998 1828 2043 ligavit
1847 2000 1933 2032 intra
1957 1998 2091 2040 Cyren-

1202 2049 1270 2081 sem
1291 2047 1479 2082 civitatem.
1508 2049 1841 2089 Commonitorium',
1862 2046 1951 2093 quod
1975 2045 2092 2081 Theo-

1203 2096 1311 2132 dolius
1322 2097 1451 2141 propria
1473 2107 1573 2132 manu
1597 2099 1719 2143 scripsit
1732 2122 1743 2139 ,
1769 2110 1807 2133 ac
1818 2098 1964 2133 militum
1979 2097 2094 2143 Magi-

1204 2148 1270 2182 stro
1305 2147 1535 2188 exequendum
1562 2148 1652 2182 dedit
1679 2172 1691 2188 ,
1727 2159 1795 2183 erat
1819 2147 1915 2192 hujus
1946 2150 2092 2182 tenoris.-

1205 2200 1359 2239 ‚QuonIam
1368 2195 1586 2236 Theodoram,
1615 2195 1741 2236 Cyrenfis
1753 2200 1891 2230 ct'vltatts
1904 2196 2072 2239 Episcopus
2082 2221 2092 2237 ,
2108 2197 2248 2239 Epist-80«

1205 2245 1312 2284 affidu?
1330 2253 1484 2287 congregat
1497 2246 1620 2282 synodos
1631 2268 1643 2284 ,
1669 2245 1828 2288 turbatque
1844 2257 1879 2279 ea
1899 2257 1930 2281 re
1944 2247 2091 2280 orthodo-

1204 2306 1257 2327 xos
1270 2318 1282 2334 ,
1308 2294 1351 2326 da
1369 2301 1485 2335 operam
1508 2300 1676 2339 congruenti
1694 2296 1890 2330 moderatione
1905 2307 1939 2330 ac
1953 2298 2089 2339 pruden-

1204 2350 1250 2378 tia
1272 2352 1306 2377 ut
1323 2350 1351 2376 is
1376 2347 1446 2384 Cyro
1464 2342 1498 2387 se
1520 2351 1688 2388 contineat,
1715 2357 1767 2380 nec
1786 2348 1831 2379 ad
1849 2347 1942 2380 aliam
1968 2351 2090 2381 Civita-

1204 2404 1263 2428 tem
1273 2392 1468 2439 proficisbatur
1479 2419 1486 2428 .
1516 2395 1632 2431 Exstat
1644 2396 1677 2430 in
1697 2395 1812 2432 litteris
1824 2396 1917 2443 ipfius
1927 2394 2089 2433 Theodo-

1203 2455 1262 2479 retl
1276 2470 1284 2479 .

1948 3400 2029 3439 CA.
