2320 3730
369 218 468 264 274

293 286 393 320 stores
418 286 453 319 &
465 286 556 321 Oves
566 293 679 330 agatur
693 298 703 318 .·
722 281 823 317 'Dum
836 281 900 316 illae
912 278 1046 321 quidem
1059 283 1181 316 errent,

293 336 343 370 illi
355 334 432 369 vero
444 336 650 379 tyrannicam
672 334 849 368 sustineant
862 328 1057 362 violentiam
1074 350 1081 359 .

342 385 523 420 Imitamini
548 385 657 429 potius
683 385 715 417 ὅ(
735 389 894 424 magnum
918 377 1047 421 pietatis
1061 376 1185 411 Praeco·

291 445 368 470 nem
390 434 553 476 Paulum,
580 434 727 470 Oculum
751 428 875 463 Mundi
897 451 908 467 ,
934 438 1034 471 quern
1063 439 1124 461 nos
1146 437 1182 461 ut

290 485 411 530 pignus
432 484 551 520 habere
572 480 802 518 familiaritatis
817 477 932 513 nostrae
951 488 1026 521 erga
1044 478 1179 512 vestram

290 535 453 572 credimus
463 535 683 570 Sanstitatem.
705 531 798 565 Civis
808 529 897 563 enim
909 526 1018 562 noster
1028 527 1180 568 existens,

288 595 397 620 errore
419 586 521 619 totius
543 581 643 618 Orbis
666 581 814 615 extint'io
830 603 840 620 ,
869 577 957 611 illius
981 577 1180 621 Apostolicae

288 634 380 670 Sedis
399 637 497 669 fastus
522 633 568 667 est
591 639 823 668 ornamentum
838 653 848 669 ,
873 629 907 663 ἅτ
928 628 947 661 a
964 628 1068 670 Beato
1078 627 1177 662 Petro

286 684 451 720 dexteram
463 684 625 718 societatis
634 680 760 723 accepit
773 703 784 720 ,
811 690 847 713 ut
860 689 1023 722 appareret
1033 677 1074 713 ab
1085 678 1176 713 utris-

285 744 349 778 que
361 746 484 778 aequam
497 733 709 767 subtilitatem
721 730 916 775 dogmatum
928 728 1101 764 custodiri.
1119 728 1175 763 Et-

284 783 349 817 iam
361 785 540 826 quaesumus
550 805 562 822 ‚
581 792 622 815 ne
635 781 848 825 despiciamur
861 780 878 814 a
892 779 987 814 vobis
999 791 1060 814 nos
1069 805 1079 821 ,
1092 789 1174 822 quos

283 843 333 866 tot
346 832 432 867 mala
445 831 648 867 circumdant
663 857 671 865 .
699 831 781 865 Non
795 832 885 865 enim
898 830 939 864 de
950 831 1096 873 pecuniis
1120 829 1171 863 vel

281 881 412 926 gloria,
438 893 495 917 aut
523 881 674 925 quolibet
696 881 765 915 alio
786 881 1020 924 temporalium
1032 881 1170 915 decerta-

281 943 354 966 mus
366 957 377 972 ,
403 933 458 966 sed
472 944 530 976 pro
544 933 673 976 pictam
687 931 879 976 possessione
890 932 1062 965 communi
1073 956 1084 972 ,
1112 942 1169 974 pro

278 981 424 1016 Paterno
437 983 512 1017 fidei
526 982 699 1022 thesauro,
727 993 784 1026 pro
807 983 859 1025 spe
880 981 1054 1016 communi
1076 982 1169 1015 Fide-

278 1032 386 1074 lium,
414 1044 472 1076 pro
495 1032 583 1066 bona
605 1033 806 1067 confessione
819 1032 1082 1076 Apostolorum,
1110 1042 1167 1073 pro

276 1082 454 1117 immortali
467 1083 644 1117 certamine
655 1082 841 1124 Martyrum
855 1106 866 1121 ‚
893 1082 928 1114 &
941 1079 1086 1114 maxime
1108 1091 1166 1122 pro

275 1132 437 1166 Adventu
450 1133 703 1174 Clementiaque
723 1130 925 1169 Dominica,
952 1129 1046 1172 cujus
1069 1129 1168 1163 virtu·

275 1192 343 1216 tem
367 1182 595 1215 invincibilem
617 1180 805 1214 invocantes
829 1179 898 1213 fine
919 1178 1096 1214 cessatione
1106 1179 1165 1213 cla·

273 1242 421 1267 mamus:
451 1233 544 1264 Parce
556 1232 681 1264 Domine
702 1230 814 1271 Populo
826 1238 875 1262 tuo
888 1253 900 1270 ,
926 1231 961 1266 (θ’
984 1240 1024 1263 ne
1044 1230 1165 1264 dederis

275 1281 484 1315 hareditatem
505 1292 591 1316 tuam
613 1286 644 1314 in
657 1281 864 1323 opprobrium.

321 1381 498 1417 Eutherius
511 1383 691 1427 Episcopus
701 1380 903 1426 Metropolis
911 1381 1163 1425 Thyanensium

269 1431 455 1476 subscripfi.
487 1435 528 1467 Et
551 1434 656 1477 quaeso
674 1459 684 1473 ‚
712 1444 748 1467 ut
768 1443 820 1466 me
843 1443 917 1467 ores
938 1432 1162 1474 incolumem,

268 1482 346 1517 Deo
357 1482 562 1518 Amiciffime
577 1506 588 1523 ,
613 1484 645 1518 δι
656 1482 856 1517 Sanstiffime
871 1482 969 1517 Pater
979 1505 989 1514 .

319 1583 496 1618 Helladius
519 1585 701 1628 Episcopus
723 1582 923 1625 Metropolis
947 1580 1069 1617 Tharii
1091 1582 1162 1617 sub-

265 1633 372 1675 scripsi
390 1657 396 1663 .
427 1633 468 1667 Et
483 1645 567 1677 rogo
582 1657 594 1673 ‚
619 1643 656 1667 ut
668 1644 721 1666 me
734 1644 806 1666 ores
827 1632 1032 1668 incolumem
1044 1656 1057 1675 ‚
1083 1633 1161 1668 Deo

268 1681 478 1719 Amiciffime
493 1707 504 1725 ,
530 1684 565 1717 δε
580 1683 781 1719 δαηᾶἰίῖἰῐηε
797 1682 910 1718 Pater.

457 1840 956 1885 Senonrou.

378 1984 447 2016 AEc
461 1985 610 2027 Epistola
622 1984 667 2018 est
681 1983 800 2018 summi
810 1983 985 2028 ponderis:
1011 1984 1046 2018 δε
1069 1994 1160 2029 gran·

404 2033 439 2067 di
453 2032 520 2067 Dei
532 2033 695 2068 beneficio
706 2034 846 2068 revelata
866 2033 946 2067 huic
959 2033 1071 2066 nostro
1082 2043 1161 2066 tem-

262 2084 338 2127 pori
362 2109 369 2116 .
398 2081 532 2117 Etenim
554 2082 657 2117 hodie
678 2082 815 2125 quidam
828 2081 990 2116 invadunt
1007 2082 1160 2116 sanctum

264 2134 403 2168 Petrum
427 2128 649 2176 Apostolum,
675 2143 714 2166 ac
736 2130 805 2174 ejus
829 2131 1022 2167 Romanam
1042 2128 1158 2165 Sedem

263 2182 499 2218 machinantur
523 2182 660 2224 spoliare
682 2181 771 2220 suis,
797 2191 854 2223 per
875 2179 1159 2223 ipsumChristum

263 2232 457 2267 Dominum
469 2230 554 2264 datis
566 2254 578 2270 ,
604 2229 806 2273 privilegiis,
831 2227 955 2271 juribus
968 2252 980 2269 ‚
1004 2240 1043 2263 ac
1052 2228 1160 2273 digni·

264 2282 393 2317 tatibus
407 2295 414 2314 ε
442 2281 517 2324 Jure
530 2280 761 2315 Romanarum
771 2289 813 2313 ex
826 2287 902 2313 toto
917 2277 1011 2314 Orbe
1020 2278 1159 2322 appella-

264 2333 401 2368 tionum
423 2356 431 2364 .
460 2332 639 2365 Affirmant
661 2328 849 2364 Orientales
875 2329 959 2363 olim
979 2328 1160 2373 Episcopos

263 2394 437 2426 nunquam
458 2381 499 2416 ad
524 2381 697 2415 Romanos
718 2379 901 2414 Pontifices
920 2403 932 2420 ‚
961 2379 1015 2413 sed
1037 2380 1160 2423 semper

268 2433 458 2477 provocasse
479 2430 519 2466 ad
530 2431 716 2476 generalem
737 2428 912 2474 Synodum
936 2428 1038 2464 totius
1051 2429 1159 2464 Eccle-

268 2484 340 2517 fiae.
370 2484 426 2517 Est
439 2482 585 2526 imperita
597 2493 634 2516 ac
645 2479 790 2526 maligna
802 2480 911 2515 fabula
923 2493 935 2513 .·
962 2480 1076 2527 Qam
1099 2479 1159 2523 spe·

269 2545 308 2568 ro
322 2532 452 2568 abunde
464 2533 613 2568 refutasse
627 2533 662 2567 in
676 2530 832 2576 singulari
843 2533 955 2574 Opere
976 2530 1017 2564 de
1031 2530 1161 2565 Roma-

270 2584 325 2618 nis
347 2581 627 2628 appellationibus
650 2605 658 2613 .
685 2580 765 2622 Ejus
786 2579 919 2614 interim
942 2577 1102 2614 Austores
1123 2591 1162 2615 ac

270 2635 415 2669 fautores
428 2635 502 2668 sunt
513 2631 669 2666 homines
680 2639 748 2664 non
762 2629 894 2663 minimi
916 2629 1063 2664 nominis
1075 2630 1160 2674 apud

271 2685 348 2717 suos
358 2707 369 2722 ,
395 2681 538 2723 ideoque
549 2682 662 2715 firmos
674 2679 816 2725 fatigant
830 2704 841 2720 ,
853 2680 1001 2713 infirmos
1012 2681 1159 2724 capiunt,

271 2732 402 2769 medios
425 2741 503 2765 cum
525 2729 675 2773 scrupulo
696 2728 893 2764 dimittunt.
920 2729 1062 2764 Praesens
1079 2731 1161 2774 Epi-

272 2783 358 2817 fiola
370 2781 487 2817 evertit
507 2791 643 2815 omnem
654 2779 799 2813 fabulam
811 2805 818 2812 .
849 2779 904 2813 Est
919 2781 1011 2819 enim
1027 2778 1162 2814 authen-

273 2834 381 2867 ticum
394 2831 652 2866 Instrumentum
663 2829 891 2873 appellationis
902 2855 912 2870 ‚
938 2842 1036 2874 quam
1050 2831 1161 2865 Hella-

275 2884 349 2918 dius
360 2893 397 2917 ac
409 2879 584 2916 Eutherius
595 2891 663 2914 non
675 2879 717 2914 ad
728 2879 913 2925 generalem
923 2903 934 2921 ,
948 2881 1000 2914 sed
1012 2881 1161 2915 adversus

276 2933 461 2978 generalem
473 2930 647 2975 Synodum
670 2931 773 2965 inter·
786 2930 964 2974 posuerunt
987 2930 1071 2974 apud
1090 2931 1162 2965 Xis-

277 2994 348 3018 tum
380 2983 513 3017 tertium
536 2981 757 3021 Pontificem,
782 2981 817 3014 &
841 2978 932 3024 quod
950 2991 1005 3023 per
1016 2981 1159 3025 Legatos

278 3032 320 3068 ad
342 3034 448 3077 ipsum
475 3032 720 3067 transmiserunt
742 3054 750 3063 .
789 3030 839 3063 Hi
863 3029 1009 3064 videntes
1038 3032 1072 3064 se
1091 3043 1161 3066 non

278 3084 453 3117 dumtaxat
474 3083 515 3117 ab
524 3081 684 3126 Ephefina
699 3078 928 3121 ‹Ecumenim
953 3080 988 3114 &
1000 3080 1162 3115 Constan-

280 3131 503 3176 tinopolitana
515 3132 716 3167 Maximiani
727 3128 865 3173 Synodo
876 3128 1069 3175 degradatos
1081 3155 1092 3171 ,
1109 3132 1163 3166 sed

281 3182 381 3216 etiam
403 3193 492 3216 nunc
511 3194 566 3225 per
579 3183 746 3227 proprium
759 3180 981 3215 Patriarcham
1004 3181 1164 3224 Ioannem

283 3243 322 3267 ac
344 3231 496 3265 Sanctum
509 3232 674 3275 Cyrillum
693 3231 711 3266 a
733 3243 812 3275 pace
832 3230 1000 3271 exclusos,
1026 3230 1165 3275 ideoque

285 3282 349 3326 iam
373 3292 427 3324 per
457 3291 617 3315 armatum
638 3281 800 3326 Principis
821 3280 991 3317 brachium
1022 3283 1164 3318 omnino

286 3329 506 3365 extrudendos
520 3330 537 3364 ὲ
550 3329 613 3364 suis
624 3330 774 3372 Sedibus,
785 3332 928 3367 converfi
939 3333 1013 3366 sunt
1022 3330 1062 3365 ad
1073 3331 1162 3368 aliud

287 3381 480 3418 consilium:
508 3378 764 3424 Appellaverunt
785 3393 823 3418 ac
844 3383 1083 3419 invocaverunt
1105 3382 1165 3418 Xi-

653 248 660 261 ,,
721 200 1058 246 Vaniouum
1092 195 1335 240 PATRUM
1367 193 1690 255 Enisa-otu,

1250 275 1335 310 stum
1349 275 1550 310 Pontificem
1572 302 1580 310 .
1607 279 1692 313 Non
1710 280 1880 318 dumtaxat
1902 282 2050 319 adversus
2070 295 2127 330 pa-

1248 336 1337 366 cem,
1364 336 1420 360 aut
1439 325 1642 361 Maximiani
1657 326 1834 366 Decretum
1846 356 1860 373 ,
1883 334 1937 369 sed
1950 335 2050 369 etiam
2070 334 2126 371 ad-

1248 377 1354 410 versus
1372 374 1569 420 Ephefinam
1585 375 1779 420 Synodum:
1806 381 1930 417 Omnia
1950 384 2019 429 ejus
2040 384 2127 421 Asta,

1243 427 1431 461 accusarunt
1442 451 1452 467 ‚
1478 427 1680 471 postulantes
1690 429 1852 464 retraetari
1865 454 1876 470 ,
1899 432 2123 471 &circumdu-

1243 478 1273 510 ci
1286 501 1293 509 .
1323 478 1375 511 Ex
1387 489 1453 521 quo
1466 479 1587 521 praefati
1601 477 1790 513 Novatores
1802 478 1960 516 docentur
1979 486 2123 522 &aliam

1244 527 1434 562 veritatem:
1462 527 1592 572 Nempe
1613 528 1702 571 quod
1713 529 1895 564 Orientalis
1908 531 1991 566 olim
2016 536 2127 571 Eccle-

1241 577 1284 611 ffa
1295 578 1470 612 crediderit
1482 578 1605 622 Papam
1616 580 1678 613 effe
1691 578 1833 614 omnino
1853 581 2047 624 superiorem
2069 596 2125 630 ge-

1241 629 1342 663 nerali
1357 629 1495 671 Synodo
1509 654 1516 662 .
1544 628 1712 673 Appellari
1730 628 1820 664 enim
1841 641 1910 665 non
1923 632 2036 675 poffit,
2065 636 2123 671 ulfi

1239 678 1279 711 ad
1290 677 1440 713 altiorem
1467 679 1629 722 judicem.
1656 679 1731 714 Nec
1753 679 1820 715 haec
1843 682 1888 715 est
1911 683 2011 718 unica
2031 683 2124 720 istius

1237 727 1347 762 formae
1358 729 1533 772 appellatio
1547 755 1555 763 .
1584 730 1717 765 Etenim
1738 730 1839 765 etiam
1851 732 1984 768 Sanctus
1996 733 2125 770 Flavia-

1237 790 1298 812 nus
1310 779 1646 824 Constantinopoleos
1659 780 1839 824 Episcopus
1849 806 1861 822 ,
1888 780 2123 820 Theodoretus

1237 829 1409 871 Cyrenfis,
1438 830 1596 866 Eusebius
1609 831 1819 874 Doryleenfis
1835 856 1847 873 ,
1870 843 1909 866 ac
1933 832 1992 867 alii
2015 834 2122 877 plures

1235 878 1387 914 adversus
1409 879 1612 924 Ephefinum
1643 881 1874 916 Latrocinium
1896 893 2123 927 provocarunt

1234 930 1274 964 ad
1285 929 1452 974 Magnum
1465 932 1613 966 Leonem
1623 954 1632 961 -
1660 931 1705 965 Et
1720 931 1821 966 trium
1843 933 2044 968 famosorum
2058 935 2121 969 Ca-

1233 980 1411 1022 pitulorum
1422 982 1541 1017 osores
1562 981 1714 1016 adversus
1738 981 2041 1018 Chalcedonensem
2061 984 2123 1028 Sy-

1233 1030 1358 1065 nodum
1370 1032 1565 1066 invocarunt
1577 1031 1743 1076 Vigilium
1754 1032 1955 1067 Pontificem
1969 1058 1978 1067 .
2005 1035 2050 1068 Et
2060 1033 2119 1069 hic

1231 1081 1373 1114 omnino
1392 1079 1576 1116 retractavit
1598 1080 1771 1125 Synodum
1798 1095 1810 1116 .·
1837 1081 1916 1125 Ejus
1935 1093 2045 1118 tamen
2076 1083 2120 1118 de

1233 1129 1299 1163 istis
1312 1130 1475 1173 Capitulis
1493 1130 1653 1174 judicium
1668 1131 1780 1166 noluit
1798 1131 1967 1168 definitive
1980 1134 2119 1169 circum-

1232 1178 1370 1214 ducere.
1397 1180 1492 1214 Hinc
1514 1190 1630 1214 natum
1650 1180 1696 1214 est
1726 1180 1878 1224 quintum
1902 1182 2116 1219 Concilium.

1282 1229 1474 1265 Caffinenfis
1484 1228 1600 1264 Codex
1611 1228 1708 1264 habet
1721 1242 1728 1262 :
1757 1232 1777 1264 5
1778 1230 1817 1264 ub
1830 1242 1927 1266 amore
1937 1232 2116 1268 Pharaone.

1233 1279 1309 1325 Ego
1342 1282 1434 1324 posui
1462 1293 1470 1313 ι
1496 1280 1555 1314 5ub
1583 1282 1688 1322 majori
1720 1280 1880 1316 Pharaone
1906 1306 1913 1315 .
1940 1282 2120 1319 Heliadius

1230 1331 1317 1364 enim
1342 1331 1376 1364 δε
1406 1328 1581 1368 Eutherius
1603 1331 1769 1375 Cyrillum
1792 1331 1962 1367 Pharaoni
1985 1345 2123 1378 compa·

1230 1391 1319 1416 rant:
1347 1379 1516 1416 Videntur
1529 1379 1617 1415 hunc
1628 1381 1783 1424 majorem
1797 1406 1808 1422 ,
1834 1381 1931 1417 illum
1941 1381 2048 1418 dicere
2058 1383 2118 1418 mi-

1231 1440 1345 1464 norem
1368 1453 1377 1462 .
1404 1431 1463 1466 An
1485 1439 1595 1465 tamen
1626 1432 1707 1466 reae
1729 1431 1891 1474 posuerim
1915 1456 1928 1472 ,
1962 1432 2120 1479 ambigo.

1229 1480 1355 1516 Poffint
1372 1482 1463 1515 enirn
1486 1483 1607 1526 praefati
1629 1481 1831 1526 appellantes
1853 1481 2033 1527 scripsisse:
2059 1483 2123 1518 Sub

1229 1530 1333 1564 Acbari
1345 1530 1503 1566 Pharaone
1512 1557 1520 1564 .
1550 1529 1696 1567 Achoris
1705 1532 1771 1567 fuit
1781 1531 2026 1578 AEgyptiorum
2034 1531 2122 1570 Pha·

1229 1591 1283 1614 rao
1302 1580 1453 1624 proxime
1473 1590 1551 1615 ante
1563 1579 1748 1617 Cenchrem
1760 1605 1772 1621 ,
1792 1583 1849 1625 qui
1885 1582 2005 1617 afflixit
2013 1583 2120 1618 Filios

1227 1630 1348 1671 Israel,
1375 1630 1432 1675 qui
1449 1629 1578 1665 Aaroni
1602 1642 1640 1665 ac
1651 1630 1762 1674 Moyfi
1787 1630 1909 1675 obiecit
1932 1632 2063 1677 Jamnes
2080 1631 2122 1667 &A

1227 1681 1396 1717 Mambres
1408 1681 1552 1724 Magos,
1579 1681 1615 1715 δε
1629 1691 1730 1725 quem
1740 1679 1866 1715 Divina
1886 1682 2021 1717 tandem
2030 1681 2123 1726 justi·

1228 1732 1273 1767 tia
1290 1731 1461 1767 suffocavit
1473 1731 1507 1764 in
1521 1730 1613 1775 aquis
1628 1754 1636 1763 .
1665 1729 1882 1774 Appellantes
1893 1732 2035 1776 poffint,
2058 1741 2120 1768 aut

1230 1793 1283 1826 per
1296 1781 1422 1826 lapsum
1435 1781 1622 1821 memoriae,
1646 1788 1704 1816 aut
1726 1791 1782 1824 per
1800 1781 2017 1826 opinionem,
2041 1794 2119 1818 cen‹

1229 1831 1322 1866 suisse
1333 1856 1344 1873 ,
1357 1831 1448 1875 quod
1463 1829 1608 1865 Achoris
1620 1839 1700 1866 tunc
1710 1832 1895 1875 regnaverit
1907 1845 1915 1866 ε
1940 1830 2117 1881 Qidquid

1228 1882 1267 1917 (it
1289 1906 1301 1923 ,
1327 1882 1376 1917 uti
1399 1881 1600 1926 appellantes
1619 1883 1776 1918 Sanstum
1797 1881 1963 1926 Cyrillum
1985 1882 2119 1927 peffime

1228 1943 1419 1977 comparant
1448 1931 1638 1975 Pharaoni,
1663 1942 1719 1968 aut
1732 1931 1866 1975 Jamnes
1881 1931 2117 1975 &Mambres,

1227 1994 1264 2018 ac
1275 1984 1376 2018 etiam
1407 1982 1537 2019 Simoni
1559 1983 1692 2028 Mago;
1720 1983 1767 2018 ita
1786 1984 1941 2018 sanetum
1957 1983 2116 2025 Petrum,

1226 2044 1263 2066 ac
1275 2033 1344 2076 ejus
1354 2033 1574 2068 Succefforem
1586 2033 1720 2068 Xistum
1743 2033 2117 2080 refflffimcaequiparant

1225 2080 1336 2122 Moysi
1349 2105 1358 2112 .
1384 2080 1441 2114 Ad
1467 2082 1644 2115 Romanos
1665 2083 1758 2116 enirn
1771 2083 1951 2117 Pontifices
1972 2084 2115 2127 pertinet

1227 2128 1394 2164 haereticos
1415 2131 1449 2164 &
1462 2128 1687 2165 schismaticos
1697 2152 1708 2169 ,
1732 2131 1813 2164 novi
1827 2130 2034 2166 Testamenti
2046 2143 2115 2169 ma·

1224 2191 1285 2224 gos
1295 2180 1513 2224 supprimere,
1537 2180 1622 2214 acin
1633 2179 1733 2214 Coelo
1745 2179 1893 2215 volantes
1904 2204 1915 2222 ,
1935 2182 1990 2216 seu
2002 2181 2038 2216 in
2052 2181 2114 2217 Ec-

1226 2230 1393 2264 clesiamm
1417 2227 1570 2262 Thronis
1588 2227 1799 2263 dominantes
1817 2253 1828 2270 ‚
1859 2231 2054 2275 praecipitare
2073 2243 2117 2268 ac

1226 2277 1419 2323 degradare.
1449 2277 1665 2323 Appellantes
1686 2276 1775 2314 hanc
1785 2278 1946 2315 Romanae
1966 2281 2115 2317 Ecclefiae

1227 2327 1476 2363 Authoritatem
1500 2328 1670 2373 insigniter
1688 2328 1884 2373 profitentur
1912 2329 1965 2365 his
1985 2329 2115 2367 verbis.-

1227 2379 1276 2412 Ad
1288 2389 1352 2414 eum
1375 2379 1528 2418 clamare,
1552 2384 1604 2422 qui
1625 2379 1890 2421 aneoprodau'us
1914 2380 2129 2425 &guberna

1226 2437 1289 2462 tor.
1317 2427 1381 2462 Per
1401 2428 1677 2472 apppellationem
1691 2428 1832 2464 clamare
1852 2428 1895 2464 ad
1906 2430 2118 2467 Gubernato-

1226 2490 1295 2514 rem
1325 2478 1428 2514 totius
1441 2477 1609 2513 Ecelefiae.
1639 2479 1722 2514 Non
1741 2477 1786 2515 ad
1807 2479 1993 2523 generalem
2006 2482 2116 2525 Syno-

1227 2529 1307 2564 dum
1320 2553 1331 2570 ,
1357 2527 1411 2564 sed
1432 2528 1474 2563 ad
1501 2529 1609 2563 solum
1629 2528 1729 2563 istum
1751 2529 2032 2565 Gubernatorem.
2056 2530 2118 2566 Et·

1227 2580 1317 2614 enim
1338 2579 1381 2613 ad
1402 2578 1471 2622 ejus
1488 2583 1624 2621 gratiam
1651 2589 1686 2610 ac
1702 2576 1885 2621 sapientiam
1910 2581 2032 2623 spestat
2052 2592 2115 2616 non

1227 2628 1370 2672 despicere
1381 2651 1392 2668 ,
1418 2637 1509 2669 neque
1519 2629 1608 2661 otiose·
1620 2625 1825 2670 transcurrere
1833 2637 1939 2662 motas
1949 2629 1985 2664 in
1998 2631 2112 2674 quavis

1229 2678 1367 2713 Ecclesia
1378 2676 1546 2720 quaestiones
1568 2675 1723 2720 &causas
1735 2701 1747 2718 ‚
1766 2675 1825 2720 sed
1839 2676 2023 2722 perscrutari
2045 2691 2112 2715 turn

1227 2728 1381 2763 daemone
1402 2726 1470 2761 boni
1497 2727 1628 2767 laboris,
1657 2727 1856 2769 &imponere
1877 2730 2112 2765 emendationem

1226 2790 1290 2813 cum
1303 2787 1366 2813 tota
1383 2777 1565 2818 constantia.
1591 2777 1744 2812 Definire
1766 2777 1958 2820 veritatem,
1982 2791 2021 2815 ac
2041 2780 2113 2825 ejus

1227 2830 1481 2873 praevaricatores
1503 2826 1619 2871 punire
1639 2852 1647 2858 .
1685 2828 1756 2861 Hic
1775 2828 1869 2862 enim
1900 2829 2117 2866 Gubernator

1227 2879 1394 2924 obligatur
1402 2877 1531 2921 explere
1540 2876 1733 2912 mandatum
1745 2879 1794 2913 sui
1806 2879 1947 2914 Domini
1959 2892 1967 2912 :
1994 2880 2110 2923 Confir-

1229 2942 1280 2964 ma
1280 2928 1400 2971 fratres
1408 2935 1474 2961 tuos
1491 2953 1499 2960 .
1526 2928 1570 2962 Et
1583 2927 1647 2962 hoc
1660 2926 1727 2971 ejus
1739 2938 1822 2972 opus
1845 2939 2051 2973 nequaquam
2060 2929 2110 2965 est

1231 2990 1355 3016 novum
1368 3004 1376 3012 .
1401 2977 1538 3013 Etenim
1560 2980 1595 3013 Θ
1609 2980 1678 3012 olim
1684 2977 1798 3021 sapius
1807 2990 1844 3013 ex
1856 2979 2040 3013 Alexandria
2048 2979 2111 3014 bae-

1231 3034 1330 3065 reneis
1341 3033 1467 3064 zizaniis
1480 3027 1699 3073 insurgentibus
1710 3027 1828 3073 suffecit
1840 3028 1939 3071 vestra
1949 3029 2110 3072 Apostolicae

1227 3080 1318 3116 sedes
1326 3088 1383 3122 per
1394 3078 1565 3123 universum
1576 3087 1695 3122 tempus
1713 3079 1792 3121 istud
1800 3081 1846 3114 ad
1852 3081 2038 3114 mendacium
2047 3091 2117 3114 con-a

1229 3129 1408 3166 vincendum
1420 3154 1431 3170 ,
1457 3133 1698 3173 impietatemque
1711 3131 1933 3173 reprimendam
1944 3154 1955 3171 ,
1981 3131 2109 3165 &corri-

1223 3182 1325 3226 genda
1352 3191 1421 3223 quae
1431 3181 1617 3224 neceffarium
1628 3180 1712 3223 fult,
1739 3182 1987 3224 muniendumque
1999 3181 2108 3215 Orbem

1227 3242 1374 3267 terrarum
1390 3232 1436 3264 ad
1448 3232 1575 3273 gloriam
1595 3229 1705 3271 Christi
1716 3254 1728 3271 ,
1753 3238 1819 3264 tam
1826 3229 1884 3273 sub
1895 3232 1944 3264 illo
1953 3238 1998 3264 ter
2009 3233 2104 3265 Rem

1228 3279 1373 3324 Episcopo
1383 3279 1531 3323 Damaso,
1557 3282 1648 3324 quaeim
1664 3279 1723 3324 sub
1729 3279 1870 3323 pluribus
1883 3282 1979 3322 allis,
1999 3281 2102 3325 glino-

1221 3330 1263 3374 fis
1282 3340 1371 3374 atque
1391 3331 1617 3366 admirabilibus
1634 3357 1642 3365 .
1669 3330 1831 3365 Damasus
1856 3329 1899 3365 ad
1925 3326 2104 3365 PetriAle·

1228 3381 1382 3418 xandrini
1394 3381 1547 3427 Episcopi
1563 3380 1821 3427 appellationem
1831 3377 2112 3417 damnantia..

1972 3436 2053 3463 num
