2320 3730
52 683 213 723 Lib-9.c·1.

621 199 934 254 Scironis,
973 211 1033 243 ετ
1067 193 1260 242 Nous
1296 207 1689 241 urusrRArffi.

1166 287 1291 313 annum
1313 275 1477 313 decimum
1497 286 1648 321 quartum
1671 278 1761 313 istius
1770 281 1892 317 saeculi:
1921 281 2046 318 Pulche-

1167 335 1216 363 νᾶα
1238 325 1381 369 Theodosii
1412 328 1493 360 Soror
1507 325 1639 371 ¹Augusta
1658 330 1811 369 appellata
1830 332 1867 371 est
1880 357 1888 365 .
1915 332 2049 369 Atticus

1169 381 1260 414 enim
1275 378 1411 413 biennio
1433 377 1503 421 post
1517 401 1529 418 ,
1555 376 1675 422 scripsit
1683 386 1745 413 aut
1757 380 1903 423 vulgavit
1912 378 2003 419 suum
2013 384 2050 418 li-

1172 429 1267 464 brum
1287 454 1295 462 .
1320 428 1466 463 Proinde
1492 437 1662 471 utramque
1682 427 1835 466 Sororem
1856 452 1868 468 ,
1894 430 2052 474 inscripsit

229 282 340 319 scribit
365 280 399 317 in
435 278 662 328 Apologetico
687 281 772 318 libro
798 282 840 318 ad
877 283 1106 326 Imperatorem

227 331 454 369 Theodosium
481 345 489 365 :
516 335 572 374 Sed
603 336 637 368 (τ
670 334 888 375 clariffimarum
919 330 1109 376 Augustarum

228 389 323 426 ,equis
341 382 479 416 laudibus
505 384 615 418 elucere
630 382 809 427 perspicitur
829 408 836 416 .
866 384 910 417 Et
930 382 1020 417 addit
1043 380 1109 425 ipsa

226 435 290 468 esIe
300 432 480 467 venerabilia
490 435 525 468 <9⁹
535 433 729 473 admirabilia
754 437 944 478 Virginitans
950 436 1089 476 germina
1102 454 1110 462 .

227 483 332 517 Erant
343 483 411 518 duae
423 479 606 519 Theodosii
617 486 750 520 Sorores
758 508 770 526 ,
796 485 889 518 sacrae
899 480 1024 515 Christi
1038 479 1111 514 Vir-

225 533 333 579 gines.
358 534 512 569 Hermias
533 535 731 569 Sozomenus
749 533 903 568 adscribit
914 531 965 565 illi
977 540 1040 565 tres
1056 530 1111 564 So·

226 595 335 618 rores:
362 580 571 620 Pulcheriam
591 609 603 626 ,
629 584 808 619 Arcadiam
827 608 839 624 ,
865 584 899 618 δε
925 581 1110 616 Marinam.

227 633 273 667 Et
282 634 433 679 adjungit
443 634 484 669 de
495 633 668 670 Pulcheria
679 646 688 666 ε
714 636 797 677 ‚Quae
811 634 876 668 licet
886 631 1017 666 nondum
1028 636 1113 673 quin-

226 686 319 718 decim
329 695 426 717 annos
439 694 514 718 nata
525 710 536 726 ‚
558 684 653 729 fiapra
677 693 801 719 aetatem
810 692 911 717 tamen
917 681 1090 726 sapientem
1102 704 1114 720 ‚

226 746 262 768 ac
272 735 343 768 vm³
355 737 503 769 Divinum
509 733 631 779 sensum
641 740 752 777 accepit
762 758 770 766 .
798 737 838 768 Ac
845 734 978 777 primam
998 731 1115 775 quedem

223 783 312 828 suam
324 783 411 826 ipfius
423 789 637 829 Virginitatem
649 788 712 818 Deo
720 781 904 827 consecravit
913 808 925 825 ‚
950 785 985 818 <ir
998 784 1114 816 Sorores

223 833 298 878 suas
319 836 364 868 ad
386 835 550 877 idem-vnce
559 845 655 879 genus
668 834 867 877 informavit.
898 832 1115 868 Marcellinus

227 884 353 918 Comes
373 883 466 918 addit
485 895 636 928 quartam
658 885 832 924 Sororem,
856 882 1035 928 &quidem
1045 879 1115 914 Pri-

224 933 454 978 mogenitam,
481 935 693 970 Flaccillam.
720 935 854 979 Nempe
876 933 935 968 illa
953 933 991 967 in
1011 928 1115 974 parvis

224 984 323 1019 annis
333 994 410 1018 ante
421 983 526 1020 Patris
537 984 672 1018 Arcadii
683 993 826 1018 mortem
841 982 929 1017 obiit
938 1006 950 1023 ‚
975 980 1116 1025 ideoque

223 1035 447 1072 Sozomenus‚
474 1033 534 1075 qui
555 1032 640 1066 solas
659 1031 815 1066 defuneto
826 1030 918 1066 Patri
937 1030 1117 1074 superstites

224 1081 349 1119 laudat,
360 1080 449 1114 illius
459 1092 529 1115 non
540 1080 702 1116 meminit.
732 1081 838 1128 Qod
848 1082 954 1125 ipsum
966 1081 1047 1115 facit
1058 1079 1117 1114 Ni-

221 1129 384 1174 cephorus
403 1129 558 1165 Calixtus
576 1155 588 1172 ‚
613 1133 791 1166 consuetus
811 1130 995 1166 exscribere
1016 1132 1118 1165 Sozo-

222 1191 362 1216 menum
383 1189 439 1215 aut
461 1181 648 1215 Socratem.
674 1180 779 1227 Qod
790 1180 946 1216 Flaccilla
966 1181 1000 1215 in
1013 1179 1119 1225 parvis

225 1231 322 1265 annis
333 1230 477 1271 obierit,
502 1230 720 1265 Marcellinus
743 1230 854 1274 palam
865 1231 1008 1265 insinuat
1022 1255 1030 1263 .
1059 1230 1118 1263 Et-

223 1280 317 1314 enim
335 1279 493 1314 omnibus
513 1279 585 1315 aliis
603 1279 742 1324 affignat
769 1281 831 1315 suae
854 1281 972 1315 mortis
1004 1279 1095 1314 diem
1108 1301 1119 1318 ,

225 1329 389 1364 Flaccillae
408 1329 516 1365 solum
539 1330 629 1366 diem
641 1330 849 1365 Nativitatis.
877 1330 1017 1365 Nullam
1029 1329 1119 1365 dein-

225 1391 302 1423 ceps
322 1379 401 1414 facit
419 1378 487 1422 ejus
510 1381 721 1416 memoriam.
746 1381 794 1415 Et
816 1379 897 1415 hinc
916 1381 1037 1416 mirum
1050 1379 1096 1415 est
1108 1403 1119 1419 ,

224 1428 318 1474 quod
339 1429 440 1464 etiam
460 1428 612 1464 Arcadiae
634 1430 777 1465 natalem
790 1442 916 1465 annum
929 1442 999 1466 non
1011 1430 1118 1464 edixe-

225 1480 268 1514 rit
280 1504 288 1511 .
316 1481 445 1514 Omnes
466 1490 607 1523 quatuor
628 1481 761 1516 Sorores
780 1480 892 1515 laudat
903 1481 1004 1515 etiam
1016 1480 1119 1514 Geor-

226 1529 303 1573 gius
324 1528 493 1563 Cedrenus
504 1554 516 1571 ,
541 1530 576 1564 ὅτ.
596 1530 748 1574 adjungit
760 1544 771 1564 .·
798 1532 882 1573 ,Quae
901 1531 1017 1564 caeltbes
1037 1531 1120 1572 longo

226 1585 376 1613 vixerunt
409 1587 540 1620 tempore
563 1602 572 1611 .
605 1578 799 1614 Flaccillam
826 1578 968 1624 appellat
1003 1577 1122 1613 Falcil-

225 1628 293 1663 Iam
306 1651 314 1660 .

276 1676 494 1712 Marcellinus
518 1676 641 1712 Comes
669 1677 851 1715 Arcadiam
879 1677 990 1720 quinti
1010 1677 1118 1712 saeculi

225 1727 478 1772 quadragesimo
495 1726 614 1769 tertio,
639 1728 809 1764 Marinam
834 1728 974 1763 affirmat
1003 1727 1119 1762 obiisse

223 1788 319 1819 anno
338 1777 586 1821 quadragesimo
607 1789 718 1813 nono.
748 1777 855 1813 Anno
881 1788 951 1813 uno
968 1786 1046 1812 ante
1058 1778 1119 1812 fra-

226 1837 313 1862 trem
333 1826 563 1861 Theodosium
578 1852 586 1860 .
613 1829 658 1862 Et
678 1827 757 1863 hinc
769 1829 944 1862 nascuntur
956 1826 1026 1861 duat
1038 1838 1119 1870 quae-

227 1876 369 1911 stiones.
397 1877 508 1910 Prima
527 1876 573 1911 est
593 1900 605 1917 ‚
630 1888 729 1921 quare
750 1877 900 1913 adversus
922 1876 1118 1912 Nestorium

224 1927 366 1962 Saucius
392 1926 539 1969 Cyrillus
549 1926 629 1962 duas
639 1928 834 1967 dumtaxat,
859 1939 927 1962 non
941 1936 1007 1961 tres
1018 1926 1120 1970 Regi-

229 1987 313 2017 nas,
337 1977 391 2010 seu
412 1976 536 2021 Regias
561 1977 695 2012 Sorores
706 1978 940 2012 invocaverit?
966 1976 1117 2013 Secunda

227 2027 276 2060 est
299 2049 310 2065 ,
337 2037 434 2071 quare
454 2027 539 2061 solas
560 2026 722 2062 invocarit
748 2029 883 2062 Sorores
908 2051 920 2068 ,
945 2037 1017 2060 non
1043 2024 1120 2058 vero

227 2075 437 2115 Eudociam,
461 2076 603 2119 Regiam
628 2076 813 2110 Theodosii
847 2074 1035 2109 Uxorem?
1063 2072 1118 2105 Ad

227 2125 368 2169 primam
387 2124 589 2168 respondeo,
616 2125 779 2159 rationem
800 2123 918 2168 colligi
946 2135 988 2158 ex
1010 2122 1119 2166 primo

229 2175 444 2210 Collestaneo
463 2174 640 2209 Theodori
653 2175 812 2209 LeCioris:
842 2177 965 2207 Marina
988 2177 1073 2215 virgo
1086 2177 1119 2204 in

229 2226 352 2259 Palatio
374 2234 445 2259 ame
459 2223 573 2265 fratris
579 2222 628 2265 sui
638 2223 747 2256 obitum
757 2225 773 2256 e*
782 2227 871 2256 vivis
881 2223 993 2261 exceffit
1005 2244 1013 2253 .
1039 2220 1128 2254 Pro-,

228 2274 325 2308 ximo
346 2283 436 2308 anno
454 2282 531 2308 ante
551 2272 639 2307 illius
654 2271 784 2308 obitum
805 2296 813 2303 .
841 2270 886 2304 Et
906 2271 943 2309 in
967 2267 1115 2304 Palatio.

228 2323 375 2358 Arcadia
397 2322 527 2358 videtur
547 2322 643 2357 isthic
666 2332 734 2356 non
761 2320 919 2356 habitasse
940 2343 952 2360 ,
978 2317 1119 2361 ideoque

228 2372 289 2408 fibi
309 2383 379 2407 non
398 2373 563 2408 attraxisse
589 2382 637 2406 res
647 2371 787 2407 Palatii.
812 2368 958 2405 Proinde
969 2368 1040 2403 duae
1053 2368 1131 2401 istae·

229 2422 369 2466 Reginae
379 2423 454 2455 sunt
465 2420 636 2455 Pulcheria
648 2421 683 2454 δε
694 2420 826 2454 Marina
836 2443 845 2451 .
871 2418 970 2452 Istam
981 2415 1119 2451 scriben-

229 2471 266 2506 di
278 2471 438 2506 rationem
456 2470 626 2515 insigniter
637 2468 776 2504 illustrat
787 2468 936 2503 laudatus
945 2466 1115 2502 Marcelli-

229 2532 294 2555 nus
313 2521 355 2556 ad
377 2519 549 2564 septimum
561 2518 747 2554 Theodosii
759 2518 979 2553 Consulatum
992 2542 1003 2558 ,
1028 2516 1116 2552 deci-

229 2581 324 2605 mum
334 2570 459 2605 sextum
480 2569 570 2604 istius
583 2568 826 2607 saeculiannum
840 2593 851 2610 ‚
875 2567 1039 2602 scribens:
1068 2570 1119 2600 At-

228 2625 305 2655 ticus
325 2620 668 2661 constantinopolitanus
692 2617 860 2661 Episcopus
875 2615 991 2660 firipfit
1008 2618 1053 2650 ad
1064 2619 1119 2650 Re-

227 2675 342 2716 ginus,
368 2669 487 2704 Arcada
496 2672 693 2711 Imperatoris
715 2668 841 2708 Filias,
867 2666 1120 2710 defide&virgi-

230 2726 328 2755 nitate
347 2720 456 2753 librum
476 2719 569 2754 valde
586 2723 735 2762 egregium
760 2742 773 2759 ,
798 2723 832 2751 ln
851 2728 907 2760 quo
922 2721 1117 2759 praveniens

231 2769 447 2811 Nestorianum
463 2769 570 2812 dogma
591 2773 767 2811 impiguat.
795 2768 876 2803 Hoc
894 2767 996 2813 igitur
1005 2776 1118 2811 exem-

231 2820 328 2864 plum
347 2817 440 2854 dedit
459 2816 591 2862 Cyrillo
614 2816 771 2852 fiduciam
791 2818 826 2853 δε
854 2818 1018 2853 calamum
1039 2842 1047 2849 .
1075 2816 1119 2850 Et

231 2868 303 2904 haec
322 2869 458 2903 forsitan
478 2867 527 2903 est
546 2867 647 2902 etiam
670 2867 778 2908 ratio,
802 2880 861 2904 cur
870 2868 981 2913 potius
995 2866 1052 2901 has
1067 2866 1117 2900 Sa-

231 2930 303 2955 cras
325 2918 484 2965 Virgines
504 2942 517 2959 ,
542 2929 641 2963 quam
663 2916 847 2955 Eudociam
877 2917 1116 2963 imperatricem

232 2968 458 3011 imploraverit
472 2993 481 3001 .
505 2967 550 3002 Et
561 2968 647 3002 certe
657 2968 759 3003 Sacrae
771 2965 925 3013 Virgines
944 2967 1043 3014 longe
1051 2967 1117 3001 alio

232 3018 350 3052 animo
371 3041 383 3059 ‚
408 3029 508 3062 quam
529 3018 693 3053 saeculares
724 3018 859 3063 Reginae
881 3020 988 3054 solent
1016 3017 1117 3053 Sacris

233 3065 431 3101 Christianae
451 3068 530 3103 fidei
549 3067 762 3113 dogmatibus
783 3069 947 3106 attendere
959 3094 967 3102 .

285 3117 344 3151 Est
363 3117 398 3151 δε
410 3117 505 3152 tertia
517 3117 649 3161 quaestio
659 3142 670 3160 ,
695 3130 764 3162 quo
778 3118 994 3156 fundamento
1010 3119 1044 3154 δε
1057 3116 1117 3153 At-

234 3166 320 3202 ticus
342 3167 376 3201 &
397 3167 531 3202 Sanctus
552 3166 698 3210 Cyrillus
709 3168 831 3214 Regias
840 3170 971 3206 Sorores
981 3169 1118 3214 appella-

233 3217 301 3251 rint
313 3216 459 3262 Reginas
471 3217 488 3250 ἒ
517 3217 585 3253 Uti
596 3229 738 3263 namque
748 3219 850 3264 Regis
870 3220 981 3256 Frater
993 3231 1061 3256 non
1072 3218 1117 3254 est

235 3265 332 3308 Rex,
357 3267 404 3302 ita
423 3279 483 3303 nec
502 3266 570 3312 ejus
580 3269 678 3303 Soror
686 3267 731 3302 est
742 3268 852 3305 statim
863 3270 995 3317 Regina
1007 3295 1015 3303 .
1043 3269 1116 3304 Res-

234 3317 371 3360 pondeo
395 3318 559 3354 rationem
583 3317 653 3353 dari
676 3318 696 3354 a
731 3318 865 3355 comite
899 3320 1118 3360 Marcellino,

234 3366 396 3404 scribente
406 3367 448 3407 ad
458 3368 688 3406 Constantii&
700 3368 868 3407 Costantis
878 3371 1095 3409 Consulatum
1105 3393 1118 3411 2

1834 189 1837 192 ⁴
1881 214 1981 254 299

1175 479 1362 525 Reginam,
1390 487 1518 523 propter
1538 477 1640 512 solam
1656 475 1893 516 ‚PuIcheaiam-
1920 479 1964 513 Et
1975 479 2054 515 hinc

1175 531 1273 565 etiam
1285 538 1371 573 patet
1383 530 1467 564 ratio
1475 554 1486 571 ,
1513 539 1571 564 cur
1581 528 1716 564 Sanaus
1728 527 1966 566 LaeoPontifex
1977 541 2056 565 con-

1176 590 1222 614 tra
1255 578 1453 624 Ephefinum
1483 577 1692 614 latrocinium
1722 578 1923 614 invocaverit
1942 579 2058 615 vsolam

1175 629 1381 665 Pulcheriam
1402 655 1409 662 .
1435 631 1527 679 Qia
1549 640 1666 673 nempe
1697 628 1893 666 venerabilis
1924 628 2061 666 Mariua

1177 690 1254 714 tunc
1267 680 1412 715 obierat.
1438 681 1548 715 Prima
1558 680 1648 715 enim
1659 679 1701 718 ad
1713 676 1922 717 Pulcheriam
1932 677 2063 722 Papalis

1176 730 1311 773 epistola
1323 730 1399 766 data
1411 729 1457 765 est
1468 730 1575 766 idibus
1587 730 1715 775 Juniis,
1739 729 1939 767 annuimus
1954 729 2064 767 sarculi

1177 779 1424 825 quadragesimo
1446 791 1560 815 nono:
1588 780 1641 815 Eo
1663 781 1760 825 ipso,
1780 790 1853 824 qno
1863 779 2067 816 Mai-innob-

1178 829 1236 864 iit.
1263 831 1318 864 Ex
1340 841 1407 875 quo
1426 841 1497 865 non
1522 829 1607 866 male
1628 830 1818 875 colligimus
1831 829 1905 874 ’ejus
1918 837 2067 867 *mortem

1177 879 1240 914 effe
1262 881 1480 922 anteriorem,
1505 890 1543 914 ac
1564 879 1745 921 Pontifici,
1771 879 1853 919 dum
1872 878 2069 924 scripfitepi-

1178 929 1316 970 stolam,
1342 930 1438 965 fuiss‘e
1449 939 1576 965 notam.
1603 930 1698 963 Hinc
1711 930 1796 965 forte
1807 930 1908 966 etiam
1926 928 2071 967 Marcei-

1180 980 1266 1015 linus
1277 979 1401 1015 Comes
1413 979 1504 1015 illam
1519 979 1615 1023 ponit
1627 987 1702 1014 ante
1713 977 1911 1023 Ephefinum
1921 978 2072 1017 Latroci-

1180 1031 1273 1065 nium
1289 1055 1301 1072 ,
1323 1031 1448 1066 factum
1468 1027 1586 1064 eodem
1605 1040 1696 1064 anno
1719 1051 1733 1070 ,
1757 1038 1791 1063 at
1818 1031 1930 1066 mense
1953 1030 2076 1075 Augur.

1181 1080 1249 1115 sto.
1562 1087 1565 1090 ’

1229 1128 1285 1165 Ad
1296 1129 1424 1164 easdem
1437 1129 1538 1174 igitur
1549 1128 1700 1173 Reginas
1710 1127 2072 1173 praisensssEuphratefie

1179 1180 1363 1215 Provinciae
1374 1179 1529 1223 Synodus
1541 1178 1661 1214 direxit
1670 1176 1732 1214 has
1743 1177 1964 1221 sms‘litteras.
1995 1178 2074 1214 Me-

1180 1229 1337 1274 tropolita
1369 1229 1560 1265 Alexander
1579 1227 1697 1264 videns
1719 1226 1812 1272 quod
1847 1238 1909 1263 nec
1938 1228 2076 1264 Xistum

1180 1280 1380 1315 Pontificem
1404 1278 1602 1325 appellando
1623 1303 1636 1321 ‚
1660 1289 1722 1314 nec
1753 1279 1919 1323 Ioannem
1938 1277 2079 1314 Patt‘iar-

1179 1329 1277 1365 cham
1297 1330 1507 1368 reclamando
1529 1355 1542 1373 ‚
1568 1340 1630 1365 nec
1648 1329 1884 1373 Imperatorem
1915 1326 2079 1364 Theodo-

1180 1381 1260 1416 ssum
1271 1379 1510 1426 supplicando,
1535 1387 1915 1425 permoverepotuerat,
1940 1390 2079 1415 convert-

1182 1430 1222 1466 tit
1231 1432 1262 1465 se
1271 1431 1314 1466 ad
1325 1429 1479 1475 pietatem
1491 1431 1644 1466 &zelum
1657 1430 1885 1476 Reginarum:
1911 1428 1977 1465 Per
1996 1429 2081 1473 ipsas

1183 1480 1307 1515 studuit
1316 1481 1461 1517 emissam
1487 1483 1618 1516 Sacram
1628 1488 1781 1516 revocare
1793 1505 1801 1514 .
1821 1479 1924 1514 Hinc
1935 1479 2024 1523 apud
2033 1479 2084 1522 i'p-

1185 1532 1233 1565 sas
1253 1541 1323 1565 non
1346 1531 1454 1566 solum
1464 1529 1886 1574 PatriarchamJoannem,
1911 1527 1968 1564 sed
1978 1528 2083 1564 etiam

1187 1578 1387 1623 Ephefinam
1412 1578 1588 1624 Synodum
1598 1580 1764 1619 accusavit
1776 1579 1819 1619 de
1830 1578 1928 1611 variis
1948 1601 1961 1618 ‚
1985 1575 2084 1615 adeo·

1184 1640 1249 1673 que
1269 1629 1418 1674 &ipsam
1429 1630 1570 1665 tentavit
1581 1628 1753 1671 exsufflare
1768 1652 1776 1660 .
1798 1626 2083 1668 .Mirandum.estr‚

1185 1677 1276 1723 quod
1302 1679 1487 1714 istiusmodi
1506 1677 1658 1723 precibus
1676 1689 1717 1712 ac
1730 1677 1848 1711 litteris
1857 1676 1959 1711 etiarn
1969 1674 2089 1712 Theo·

1185 1729 1316 1764 doretus
1337 1728 1588 1773 subscripserit.
1616 1726 1716 1763 Certe
1748 1725 1828 1761 hinc
1855 1726 2087 1762 manifestatur

1184 1778 1303 1814 eruditi
1315 1779 1377 1814 viri
1401 1779 1548 1814 versatile
1558 1777 1751 1822 ingenium.
1779 1777 1912 1820 Nempe
1923 1776 2087 1813 Theodo-

1186 1838 1270 1863 retus
1290 1828 1421 1867 admisit
1445 1838 1559 1870 pacem
1580 1838 1640 1871 per
1660 1826 1805 1861 omnia:
1832 1826 1946 1861 Etiam
1970 1826 2086 1862 Maxi·

1186 1877 1289 1912 miani
1301 1875 1561 1912 Ordinationem
1575 1901 1583 1909 .
1609 1875 1659 1910 At
1671 1875 1819 1911 Nestorii
1830 1875 2082 1913 damnationem

1187 1938 1356 1971 nunquam
1367 1926 1427 1960 nifi
1437 1925 1570 1961 tandem
1583 1925 1620 1959 in
1631 1922 1897 1960 chalcedonensi
1921 1926 2084 1961 Concilio

1185 1976 1396 2021 compulsus,
1423 1975 1531 2010 voluit
1542 1974 1731 2009 admittere.
1759 1974 1912 2008 Credidit
1933 1976 2024 2017 quod
2035 1984 2082 2009 tas

1186 2027 1229 2058 lia
1254 2037 1325 2059 non
1347 2025 1531 2064 docuisset,
1557 2022 1698 2067 ideoque
1720 2035 1782 2058 nec
1801 2023 1870 2067 ejus
1891 2023 1997 2058 voluit
2006 2035 2085 2060 ana·

1185 2072 1400 2108 thematizare
1418 2072 1593 2119 dogmata.

1233 2122 1379 2157 Praesens
1401 2123 1504 2168 igitur
1526 2120 1663 2166 epistola
1688 2120 1883 2166 Ephesinam
1896 2123 2081 2167 ‘synodum

1184 2173 1335 2212 accusat,
1360 2171 1451 2215 quod
1478 2172 1669 2205 Nestorium
1679 2171 1842 2205 damnarit
1853 2172 2058 2215 sinejudicio
2068 2197 2083 2214 ,

1184 2221 1251 2253 fine
1264 2220 1476 2262 inquisitione
1486 2241 1498 2257 ‚
1514 2220 1591 2251 ,sine
1604 2219 1760 2252 conflictu
1773 2242 1785 2259 ,
1799 2220 1879 2254 'sine
1889 2221 2060 2265 colloquio
2073 2247 2082 2256 .

1186 2268 1324 2301 Penitus
1333 2265 1469 2302 tacetde
1481 2265 1655 2311 Capitulis.
1683 2265 1846 2311 Jo'anne'm
1856 2269 2081 2309 patriarcham

1182 2318 1313 2352 accusat
1336 2316 1378 2352 de
1396 2316 1497 2362 longe
1516 2317 1676 2360 pluribus.
1702 2317 1818 2354 Primo
1830 2343 1844 2360 „
1869 2322 1959 2365 qnod
1972 2321 2083 2366 Ephe.-

1183 2368 1253 2402 sum
1274 2365 1452 2401 adveniens
1472 2368 1587 2402 fastam
1606 2367 1753 2403 Nestorii
1765 2369 2015 2406 damnationem
2026 2384 2081 2416 pe·

1184 2417 1272 2451 nitus
1291 2416 1503 2461 improbarit,
1528 2417 1635 2461 palam
1662 2419 1842 2462 protestans
1862 2419 2013 2462 injustam
2040 2423 2076 2457 dc

1183 2467 1331 2511 iniquam
1346 2492 1354 2499 .
1381 2466 1556 2506 Secundo,
1582 2468 1672 2511 quod
1696 2468 1820 2502 ibidem
1847 2468 1887 2503 ad
1899 2470 2078 2506 defenden-

1182 2517 1262 2551 dum
1273 2516 1464 2553 Nestorium
1477 2541 1488 2557 ‚
1514 2528 1552 2551 ac
1566 2517 1632 2560 eius
1643 2516 1892 2556 damnationem
1903 2522 2075 2556 exsufflan-

1181 2565 1257 2602 dam
1268 2567 1381 2603 fecerit
1394 2567 1497 2603 multa
1509 2568 1686 2603 certamina
1699 2592 1709 2603 ,
1734 2568 1873 2610 Tertio,
1904 2571 1995 2614 quod
2007 2582 2075 2610 una.

1182 2627 1257 2651 curn
1269 2616 1342 2653 aliis
1356 2616 1526 2661 Episcopis
1538 2614 1787 2654 Chalcedonem
1805 2620 1950 2665 Legatus
1961 2622 2075 2660 fecerit

1183 2667 1321 2712 plurima
1345 2678 1404 2711 pro
1433 2665 1553 2702 eisdem
1573 2666 1669 2702 rebus
1688 2670 1868 2704 certamina
1888 2694 1900 2711 ,
1925 2671 1990 2705 alte
2011 2672 2075 2707 cla-

1182 2729 1276 2753 mans
1298 2716 1490 2752 Nestorium
1512 2715 1773 2760 Orthodoxum‚
1800 2719 1940 2764 ideoque
1959 2721 2075 2767 inique

1181 2766 1395 2802 damnatum.-
1422 2767 1472 2802 lta
1493 2767 1639 2805 clamans
1666 2780 1736 2804 non
1758 2769 1931 2804 dumtaxat
1957 2782 2070 2807 cor-am

1182 2817 1419 2862 Principe,sed
1429 2818 1529 2854 etiam
1540 2818 1577 2852 in
1590 2818 1692 2862 pleno
1717 2819 1937 2853 Confistorio.
1965 2820 2071 2867 Qat-

1181 2868 1219 2902 to
1232 2892 1244 2908 ,
1270 2867 1360 2913 quod
1371 2867 1510 2903 domum
1527 2867 1630 2903 redux
1641 2868 1888 2903 damnationem
1899 2871 2069 2914 receperit,

1181 2930 1218 2953 ac
1231 2919 1360 2961 insuper
1370 2917 1517 2954 Nestorii
1537 2918 1683 2962 dogma,
1707 2917 1797 2960 quod
1818 2918 1963 2954 omnino
1987 2920 2067 2955 veri-

1181 2970 1258 3004 tatis
1279 2968 1350 3008 est,
1375 2967 1675 3007 anathematizant,
1701 2978 1800 3012 atque
1821 2969 1868 3003 ita
1887 2971 2067 3012 praevarica-

1180 3027 1232 3054 tus
1254 3019 1295 3053 sit
1313 3018 1426 3054 omnia
1437 3019 1492 3054 sua
1503 3030 1622 3063 opera.
1651 3017 1805 3065 Quinto,
1831 3017 1924 3063 quod
1948 3016 2006 3055 suo
2022 3021 2067 3056 la-

1180 3069 1237 3112 psu
1258 3080 1328 3104 non
1340 3078 1518 3104 contentus
1528 3068 1606 3103 velit
1626 3068 1823 3112 praecipitare
1847 3068 1950 3112 etiam
1959 3069 2059 3105 alios-2

1180 3119 1284 3168 Qod
1300 3131 1416 3155 omnes
1431 3118 1607 3163 compellat
1617 3118 1677 3152 fibi
1689 3119 1934 3156 communicare
1950 3119 1986 3154 in
1998 3119 2062 3156 isso

1178 3168 1360 3206 homicidio
1382 3180 1480 3212 atque
1503 3169 1686 3214 impietate.
1713 3168 1844 3213 Nempe
1865 3169 1901 3204 in
1923 3168 2062 3205 homici-

1178 3219 1235 3255 dio
1244 3220 1392 3256 damnati
1403 3219 1571 3261 Nestorii,
1597 3230 1635 3254 ac
1655 3218 1826 3263 impietate
1846 3217 2062 3257 anathemati-

1177 3280 1256 3307 zatae
1265 3271 1429 3307 veritatis.
1454 3269 1556 3304 Sexto
1568 3293 1581 3311 ‚
1605 3270 1694 3312 quod
1704 3269 1762 3304 sibi
1783 3269 1818 3303 in
1830 3268 2059 3306 his-commu-

1179 3322 1287 3358 nicare
1297 3322 1445 3358 nolentes
1456 3320 1631 3366 impugnet
1642 3331 1681 3355 ac
1702 3321 1909 3366 persequatur
1924 3345 1932 3353 .
1956 3321 2057 3363 Septi-

1177 3370 1235 3408 mo
1253 3396 1267 3415 ,
1290 3372 1380 3418 quod
1400 3370 1600 3417 singulariter
1625 3371 1794 3418 impugnet
1810 3370 2052 3454 Ευρίπαὲεῆαω

1956 3428 2009 3454 ro·
