2320 3730
630 171 938 236 Scuomrs,
975 191 1037 222 ετ
1070 174 1263 223 Nous
1299 187 1683 222 urus-rafim.

245 263 334 298 tillus
345 259 490 305 exposuit
501 259 595 304 plena
607 262 761 296 universis
774 261 939 297 haerefibus
952 286 963 302 ,
988 269 1116 305 propter

244 326 314 357 qua:
325 310 489 346 universus
501 312 702 354 perturbatus
714 314 759 348 est
771 313 870 349 Orbis
879 337 888 347 .
914 311 1061 347 Collecta
1070 308 1116 343 est

245 361 363 405 Ephesi
375 361 547 403 synodus:
573 362 722 396 Advenit
735 362 813 398 illuc
833 363 867 398 δε
877 362 935 397 iste
947 361 988 397 ab
1000 358 1117 396 Antio-

244 412 318 447 chia
330 435 338 442 .
363 411 408 444 Et
419 410 606 454 adjudicans
618 422 698 447 tunc
709 412 912 458 Expositoris
930 411 1091 446 insaniam
1107 432 1119 450 ,

241 461 392 505 deposuit
414 473 489 495 eum
511 473 589 495 cum
607 471 682 497 roto
691 462 854 497 Orientali
866 460 1022 496 Concilio
1034 484 1041 492 .
1069 459 1121 502 Ju-

239 512 324 546 ravit
343 522 453 546 coram
473 511 643 555 Principe:
670 514 755 556 ‚Quia
774 510 826 554 etfi
841 514 1016 554 pta-nituerit
1027 508 1121 547 cyril-

240 562 289 595 lus
302 586 312 601 ‚
327 573 384 594 non
395 567 420 595 er·
430 561 544 602 restituo
555 560 766 605 Eplfiopatum
778 587 786 595 .
813 564 862 595 Εὸ
873 562 954 605 quod
962 556 1120 600 Haerefiar-

239 611 452 653 cbafitfac‘lus
460 635 469 643 .
497 613 541 646 Et
552 610 710 646 habemus
719 612 918 655 exemplaria
929 608 1049 645 horum
1061 633 1069 641 .

291 661 449 696 Reversus
469 661 516 695 est
537 662 557 696 ὲ
578 661 870 706 Constantinopoli
888 659 930 695 ad
950 659 1123 696 Orientem

242 712 330 746 idem
350 710 602 746 Antiochenus:
632 712 782 756 Collegit
807 711 913 746 rursus
936 713 972 745 in
991 707 1123 744 Tharso

241 761 436 795 Concilium
449 785 458 793 .
484 761 613 805 Scripsit
630 760 812 805 Synodicas
824 761 967 803 litteras,
993 760 1030 794 in
1054 757 1123 804 qui·

242 812 303 846 bus
321 812 356 845 ὅτ,
370 811 536 854 Cyrillum
555 810 727 855 deposuit,
753 812 854 846 &eos
865 811 922 855 qui
949 806 1122 855 proeoad-

240 860 432 895 scenderant
443 860 785 906 Constantinopolim.
811 862 964 908 Qotum
987 857 1124 894 manife-

241 911 290 945 sta
303 911 376 944 sunt
390 911 527 945 nomina
539 935 546 942 .
574 910 631 946 Ad
643 912 799 947 ultimum
814 912 905 945 venit
917 906 1100 944 Aristolaus
1110 930 1121 947 ‚

241 960 369 1004 accepit
391 960 668 1004 propositionem,
693 971 730 995 ut
750 959 1037 995 anathematizaret
1057 956 1123 1000 Cy·

241 1011 333 1044 rillus
351 1011 418 1052 ipsa
433 1010 585 1051 Capitula
598 1032 611 1048 ‚
637 1010 719 1043 &ea
741 1019 810 1053 quae
828 1006 916 1042 male
930 1007 1122 1052 exposuerat

239 1059 390 1093 universa
400 1081 412 1096 ,
437 1058 471 1091 ἀ
481 1058 557 1091 esset
565 1059 655 1092 reetae
667 1057 744 1093 fidei
765 1058 969 1093 confeffione
987 1066 1122 1092 conten-

240 1118 293 1142 tus
307 1132 314 1140 .
341 1106 525 1150 Suscipiens
538 1105 687 1150 Cyrillus
697 1107 782 1142 hanc
791 1108 1020 1143 conditionem
1032 1130 1043 1147 ,
1070 1117 1123 1151 per

241 1156 443 1193 Aristolaum
455 1156 576 1200 scripsit
588 1156 715 1192 Acacio
738 1156 927 1192 Berrheensi
941 1156 1122 1201 Epistolam

241 1209 394 1242 versuum
425 1206 642 1250 plurimorum
661 1231 673 1248 ,
699 1207 860 1242 affirmans
893 1207 935 1242 de
959 1206 1123 1251 Capitulis

241 1256 333 1302 quod
343 1255 426 1290 bene
445 1258 477 1290 se
496 1255 675 1297 haberent,
701 1257 735 1291 &
746 1266 916 1301 nunquam
934 1257 1123 1301 repelleren-

240 1317 295 1341 tur
305 1306 347 1341 ab
363 1317 403 1341 eo
416 1331 423 1338 .
451 1306 529 1341 Post
541 1304 610 1341 haec
620 1305 707 1342 misit
716 1305 950 1342 Antiochenus
961 1305 1002 1341 ad
1015 1306 1123 1350 Cyril-

241 1356 312 1391 lum
324 1355 464 1391 Paulum
480 1356 698 1396 Emesenum‚
723 1357 780 1401 qui
791 1357 933 1398 vadens,
957 1358 1123 1403 agensque

241 1407 300 1441 illa
313 1430 325 1447 ,
351 1417 421 1450 quae
432 1417 520 1441 nuuc
542 1406 748 1442 dinumerare
765 1418 832 1442 non
845 1408 973 1452 possum
983 1431 995 1449 ,
1019 1407 1061 1442 ad
1074 1407 1122 1442 ul-

242 1456 363 1491 timum
394 1457 569 1501 reportavit
586 1456 768 1502 Epistolam
788 1480 800 1497 ,
825 1469 895 1502 quae
922 1455 1122 1493 Anathema-

241 1505 378 1542 rismum
390 1506 618 1551 Capitulorum
638 1519 700 1544 nec
722 1520 779 1553 pet
798 1507 964 1544 somnium
974 1509 1122 1543 contine-

241 1567 291 1591 ret
302 1556 449 1595 ,minus
472 1556 549 1591 vero
559 1556 719 1592 deteriora
732 1558 895 1601 Capitulis
908 1558 943 1591 in
952 1558 1122 1601 superficie

242 1604 428 1649 praedicaret
443 1630 450 1637 .
477 1606 531 1638 Ex
543 1604 607 1640 hac
617 1605 765 1650 Epistola
777 1606 1007 1642 diffamabatur
1018 1631 1031 1649 ,
1054 1607 1121 1651 jam

239 1655 329 1698 quali
340 1654 487 1697 Cyrillus
497 1655 539 1691 de
550 1653 602 1690 his
613 1680 624 1696 ,
650 1668 722 1701 quae
743 1658 993 1702 conscripserat,
1018 1657 1122 1702 poeni-

241 1713 324 1739 teret
335 1718 346 1738 .·
375 1706 418 1739 Et
428 1704 468 1739 ab
477 1704 696 1741 Antiocheno
707 1706 753 1741 ita
774 1707 935 1752 susceptus
944 1708 990 1743 est
1002 1732 1010 1740 .
1037 1708 1122 1742 Haec

241 1754 391 1797 Cyrillus
400 1755 569 1790 addiscens
588 1754 695 1790 scribit
706 1755 1034 1802 Constantinopolim
1052 1757 1122 1802 qui·

241 1804 380 1839 busdam
391 1805 527 1840 Clericis
540 1806 604 1840 suis
614 1830 626 1848 ,
653 1806 744 1850 quod
754 1818 860 1849 neque
880 1808 1069 1852 poenituerit
1078 1807 1123 1842 de

241 1853 295 1888 his
307 1865 378 1896 quae
399 1856 608 1899 conscripsit,
635 1867 740 1899 neque
759 1857 901 1892 omnino
926 1857 1053 1903 aliquid
1070 1868 1123 1893 eo·

241 1914 315 1939 rum
326 1928 338 1944 ‚
365 1915 436 1948 quae
445 1906 636 1949 exposuerat
647 1930 659 1948 ‚
685 1908 825 1942 moverit
836 1933 843 1940 .
871 1906 934 1943 Sed
950 1919 1056 1952 neque
1074 1920 1123 1942 ro-

167 1961 169 1963 ’
239 1964 323 1997 gans
334 1954 512 1998 quemlibet
524 1956 569 1990 ita
580 1966 727 2000 receptus
749 1957 807 1998 sit,
835 1957 890 1992 sed
911 1958 1020 2002 potius
1038 1958 1057 1991 ὲ
1076 1957 1123 1993 di-

240 2003 332 2038 verso
342 2005 408 2047 ipse
425 2015 557 2051 rogatus
576 2006 634 2046 sit,
661 2007 696 2040 ἅτ
708 2005 960 2043 Antiochenum
983 2009 1125 2051 suscepe-

238 2053 303 2086 rit.
331 2054 375 2087 Et
386 2053 505 2089 horum
527 2056 680 2090 omnium
703 2057 899 2100 exemplaria
912 2058 1099 2091 detinemus
1114 2080 1122 2087 .

290 2102 373 2136 Haec
392 2103 459 2147 ipsa
481 2104 557 2138 vero
577 2104 619 2139 ad
642 2103 888 2140 Melitinensem
899 2106 1018 2149 scripsit
1033 2103 1126 2141 Aca-

238 2152 329 2185 cium
351 2176 362 2192 ,
389 2153 479 2197 quod
500 2165 562 2189 nec
593 2151 792 2191 submoverit
827 2155 955 2199 aliquid
986 2166 1125 2195 eorum,

239 2213 310 2246 quae
320 2202 338 2235 a
350 2204 382 2235 se
391 2203 535 2246 exposita
548 2204 622 2235 sunt
631 2224 642 2242 ,
670 2214 775 2246 neque
786 2205 890 2239 ullum
902 2204 944 2238 de
963 2201 1126 2238 Reconci-

239 2252 380 2285 liatione
402 2251 584 2296 rogaverit,
611 2251 691 2294 quin
711 2253 982 2296 potiusediverso
1003 2253 1127 2287 Antio·

239 2300 383 2335 chenum
406 2310 539 2346 rogatus
557 2300 741 2344 exceperit,
766 2302 823 2337 ubi
849 2313 947 2337 unam
969 2302 1031 2336 filii
1052 2301 1124 2345 post

239 2351 429 2385 unitionem
439 2351 523 2386 dixit
533 2352 595 2386 effe
609 2362 758 2387 naturam
769 2378 776 2386 .
804 2353 849 2386 Et
860 2354 927 2396 ipse
938 2350 1126 2394 hujusmodi

240 2411 296 2444 per
316 2410 426 2434 totum
452 2400 622 2435 Mundum
644 2401 787 2441 clamat,
812 2403 845 2435 δε
858 2402 993 2446 singulis
1003 2401 1128 2436 vicibus

241 2450 395 2483 asseverat
403 2472 414 2490 ,
440 2448 531 2493 quod
541 2461 602 2484 nec
614 2451 767 2493 respuerit
778 2461 847 2494 quae
859 2451 900 2486 ab
920 2462 961 2485 eo
972 2451 1046 2485 sunt
1057 2450 1128 2485 scri·

242 2510 297 2542 pta
314 2522 325 2539 ,
351 2510 413 2533 nec
434 2498 586 2542 repellere
606 2498 746 2543 patiatur
770 2501 869 2544 usque
899 2500 941 2536 ad
967 2511 1107 2535 mortem
1120 2526 1127 2533 .

241 2548 416 2591 Propterea
441 2549 658 2593 nosmetipsos
678 2549 720 2583 ab
746 2548 964 2585 Antiocheno
988 2551 1130 2594 sejunxi-

241 2608 337 2638 muS,
363 2597 405 2632 eo
429 2597 518 2641 quod
541 2598 672 2640 Cyrillo
683 2599 724 2632 sic
736 2598 887 2634 existenti
900 2602 1044 2644 perverso
1057 2601 1127 2645 post

240 2657 333 2682 tanta
345 2647 513 2683 succubuit
524 2672 536 2689 ,
561 2648 596 2682 δε
617 2659 672 2691 per
684 2648 785 2692 ipsam
795 2649 1041 2684 communionis
1053 2661 1127 2685 cum

241 2709 285 2732 eo
304 2698 466 2731 unitatem
478 2697 686 2742 semetipsum
697 2699 963 2743 comparticipem
978 2700 1045 2744 ejus
1055 2702 1128 2735 effe-

243 2749 289 2782 cit
302 2772 309 2778 .
336 2747 419 2780 Non
442 2757 570 2790 propter
590 2748 716 2791 aliquas
735 2748 853 2794 quippe
867 2773 878 2788 ‚
903 2762 981 2794 quas
1003 2761 1062 2784 nec
1075 2749 1127 2786 ha·

246 2797 359 2832 bemus
369 2795 558 2832 inimicitias
577 2795 619 2831 ad
641 2797 798 2840 Joannem
811 2824 821 2841 ,
848 2797 900 2833 sed
913 2811 1040 2844 propter
1050 2812 1127 2835 con-

243 2846 414 2882 scientiam
426 2847 567 2882 nostram
578 2872 590 2888 ,
617 2857 687 2889 quae
699 2847 774 2883 Deo
784 2849 932 2885 devincta
944 2851 989 2885 est
1001 2875 1012 2891 ‚
1028 2862 1126 2894 quam

243 2908 315 2932 non
339 2897 506 2942 possumus
528 2908 587 2941 pro
607 2895 751 2932 humana
765 2898 912 2944 decipere
921 2901 1044 2946 gratia,
1067 2900 1125 2936 'etsi

243 2947 348 2983 multa
361 2948 464 2983 millia
491 2947 586 2984 nobis
596 2948 667 2990 quis
677 2948 796 2983 inferat
819 2951 992 2986 mortium.
1021 2951 1126 2986 Unde

245 2997 281 3032 ὅ(
302 2998 499 3042 magnopere
520 2999 648 3044 agimus
660 3008 718 3042 pro
732 2997 788 3033 illa
807 2998 967 3041 Persona,
986 2999 1027 3036 εό
1037 3001 1124 3046 quod

246 3047 324 3081 Deo
344 3047 452 3081 vinsta
470 3049 506 3082 sit
538 3048 738 3083 conscientia
770 3051 878 3086 nostra
898 3077 906 3085 .
945 3050 1009 3087 Sed
1041 3052 1122 3086 dicit

244 3095 338 3140 quod
351 3097 498 3140 Cyrillus
521 3097 673 3142 Capitula
694 3097 750 3133 illa
771 3100 938 3144 respuerit.
964 3102 1124 3138 Ostendat

244 3156 325 3191 ergo
334 3145 402 3188 ejus
414 3147 593 3190 Epistulam
604 3172 615 3189 ,
640 3148 839 3186 nominatim
851 3151 1123 3188 anathematizan-

241 3206 310 3230 tem
331 3196 387 3231 illa
410 3197 585 3242 Capitula‚
609 3198 643 3232 ἀ
664 3198 805 3233 Nicaenae
828 3200 905 3237 fidei
925 3202 1124 3238 confeffione

243 3256 434 3282 contentam
446 3273 454 3280 .

291 3297 354 3332 Sed
365 3307 435 3331 non
448 3296 545 3332 habet
556 3298 646 3341 quod
657 3298 824 3335 ostendat.
850 3303 912 3339 Sed
925 3315 983 3348 pro
997 3313 1119 3349 magno

244 3348 367 3393 profert
385 3346 481 3381 nobis
501 3347 704 3391 Epistolam,
732 3361 802 3395 quae
821 3359 949 3390 tantum
972 3351 1077 3390 differt
1102 3353 1120 3387 a

338 3397 450 3443 Christ.
463 3401 542 3442 Lupi
555 3402 652 3444 opera
663 3403 696 3435 T.
705 3404 775 3437 Vn.

1894 196 1914 241 3
1926 199 1953 227 0
1965 193 1985 239 5

1182 255 1345 300 Capitulis
1362 278 1374 295 ,
1399 263 1559 304 guantum
1580 267 1650 291 non
1679 270 1732 301 per
1749 262 1861 298 omnia
1881 263 1923 298 sic
1944 262 2053 308 aperte

1183 304 1402 350 blasphemat.
1427 305 1490 341 Sed
1499 303 1540 341 de
1561 302 1625 340 hac
1647 307 1743 341 nobis
1753 311 1862 346 nullus
1871 312 1917 347 est
1927 314 2052 349 sermo.

1182 354 1310 391 Verum
1321 357 1344 390 fi
1355 355 1425 390 vult
1435 354 1519 390 inter
1528 367 1589 391 nos
1600 355 1791 391 inimicitias
1809 361 1908 400 solvi,
1932 364 2057 406 persua-

1183 405 1257 441 deat
1269 406 1398 450 Cyrillo
1409 404 1683 441 anathematizare
1694 417 1750 449 per
1763 407 1941 451 Epistolam
1951 413 2058 447 nomi-

1184 457 1287 491 natim
1298 456 1412 491 omnia
1431 466 1503 501 qum
1511 455 1596 491 male
1613 456 1785 500 exposuit,
1811 457 2059 496 &Nicaenailla

1185 505 1398 549 Expofitione
1419 506 1597 542 Beatorum
1607 505 1742 541 Parrum
1762 507 1825 541 esse
1845 516 2059 548 contentum,

1187 556 1264 591 ficut
1274 568 1311 591 ea
1323 557 1442 592 Beatus
1452 557 1510 592 ille
1520 555 1757 591 Theodoretus
1766 556 1935 591 Dominus
1953 558 2060 593 noster

1187 607 1391 650 explanavit.
1419 607 1489 651 Ipse
1508 607 1597 641 enim
1617 606 1663 641 est
1690 617 1781 641 verus
1802 605 1936 641 illorum
1957 631 1970 647 ,
1994 619 2062 651 quae

1187 657 1327 699 exposita
1338 657 1432 698 sunt,
1459 656 1655 695 intelleeius.
1682 655 1756 691 Aut
1777 655 1882 691 fihaec
1903 667 1972 691 non
1981 656 2067 692 fece-

1190 707 1232 740 rit
1257 730 1269 746 ,
1292 704 1544 741 anathematizet
1563 706 1670 751 ipsum
1690 717 1767 742 cum
1793 706 1960 751 Capitulis
1977 706 2066 751 ejus:

1189 753 1269 789 Haec
1290 756 1386 790 ausus
1408 754 1559 791 videlicet
1576 756 1611 790 in
1624 757 1907 791 communicantes
1929 768 2068 798 omneS,

1188 806 1245 848 qui
1256 805 1391 847 eadem,
1416 805 1661 849 quaeCyrillus‚
1687 806 1876 842 adstruunt.
1902 806 1947 841 Et
1958 807 2068 841 soluta

1190 855 1263 888 sunt
1284 857 1398 890 omnia
1421 880 1429 887 .
1465 855 1540 890 Nos
1560 856 1649 889 enim
1680 868 1735 900 per
1759 857 1898 902 gratiam
1923 856 2069 891 Domini

1191 903 1315 940 Christi
1327 905 1497 950 diligimus
1507 905 1656 939 Eeclefiae
1667 916 1777 949 pacem
1788 931 1795 939 .
1823 906 2007 953 Diligimus
2020 917 2071 940 ve-

1189 954 1227 988 τό
1248 954 1313 995 ita,
1342 966 1378 990 ut
1393 966 1431 989 ea
1452 957 1653 997 perfruamur
1670 955 1789 991 devota
1807 958 1885 992 Deo
1903 957 2072 993 conscien-

1187 1004 1232 1039 tia
1243 1016 1258 1046 ;
1284 1015 1355 1039 non
1367 1001 1443 1039 verd
1456 1013 1493 1038 ut
1505 1006 1723 1049 nosmetipsos
1731 1015 1787 1048 per
1807 1005 1899 1040 illam
1911 1006 2072 1052 gehennae

1189 1053 1375 1089 tradamus.
1400 1054 1482 1088 Hoc
1502 1053 1592 1088 enim
1605 1064 1675 1088 non
1687 1054 1751 1096 jam
1770 1066 1835 1098 pax
1844 1055 1888 1089 est
1901 1079 1914 1097 ,
1938 1057 1992 1091 sed
2003 1067 2075 1091 orn·-

1189 1103 1325 1139 nimoda
1336 1103 1571 1138 exterminatio
1582 1128 1590 1136 .
1616 1103 1663 1139 Et
1675 1103 1768 1138 nulla
1778 1102 1876 1137 nobis
1897 1105 1959 1139 alia
1971 1117 2073 1141 rema«

1189 1153 1282 1189 nebit
1292 1152 1490 1188 adversitatis
1499 1152 1626 1187 occasio
1636 1176 1649 1194 ,
1675 1153 1735 1186 nisi
1747 1162 1877 1196 propter
1897 1152 1986 1197 piam
1998 1152 2077 1188 fidet

1189 1204 1447 1239 confeffionem.
1474 1202 1638 1246 Alioquin
1649 1202 1744 1238 omni
1756 1202 1868 1237 sumus
1890 1202 2078 1239 damnatio·

1188 1265 1231 1289 ne
1242 1254 1358 1299 digni.
1385 1254 1430 1293 Et
1446 1264 1556 1288 revera
1570 1252 1782 1289 infelicissimi
1795 1253 1948 1288 omnium
1969 1253 1993 1286 si
2005 1264 2079 1297 pro-

1188 1314 1260 1348 pter
1281 1303 1362 1340 viles
1398 1304 1587 1340 occasiones
1608 1315 1677 1351 quae
1705 1304 1781 1340 sunt
1806 1303 1935 1340 Divina
1967 1302 2082 1352 turbat

1191 1366 1283 1391 mus.

1395 1512 1886 1558 Senotion.

1298 1656 1331 1690 Ic
1351 1657 1511 1693 Meletius
1533 1657 1580 1691 est
1602 1656 1868 1702 Mopsuestienfis
1887 1655 1922 1689 in
1944 1653 2085 1690 secunda

1324 1707 1446 1742 Cilicia
1466 1706 1649 1751 Episcopus
1676 1705 1853 1743 facinorosi
1885 1703 2087 1744 Theodori,

1189 1769 1257 1791 non
1278 1755 1451 1792 dumtaxat
1469 1757 1504 1791 in
1529 1756 1718 1800 Episcopali
1740 1755 1927 1796 Cathedra,
1959 1753 2012 1790 sed
2037 1766 2086 1790 et-

1189 1807 1255 1840 iam
1273 1806 1309 1840 in
1331 1818 1427 1850 prava
1446 1805 1595 1841 dostrina
1627 1807 1790 1841 successor
1821 1818 1860 1840 ac
1884 1804 2083 1848 discipulus.

1188 1855 1293 1903 Qiod
1312 1857 1412 1891 etiam
1422 1856 1521 1890 fuerit
1530 1854 1802 1899 pertinacissimus
1821 1854 1969 1897 Nestorii
1981 1856 2086 1890 Setia·

1190 1915 1243 1940 tor
1263 1906 1355 1949 supra
1375 1905 1561 1940 audivimus
1582 1915 1624 1951 ex
1644 1905 1709 1941 alia
1738 1906 1809 1950 ejus
1833 1905 1989 1950 epistola.
2015 1903 2081 1940 Per

1190 1955 1276 1990 hanc
1287 1957 1473 1999 praescntem
1484 1955 1540 1990 dat
1549 1955 1694 1990 rationes
1707 1956 1766 1989 suae
1775 1965 1892 1990 contra
1920 1957 2082 1997 Ioannem

1190 2004 1410 2040 Patriarcham
1432 2006 1467 2040 δε
1490 2005 1607 2040 initam
1630 2016 1743 2049 pacem
1765 2003 1984 2039 contumaciae
2004 2027 2013 2035 .
2041 2004 2087 2037 Et

1192 2064 1253 2088 nos
1274 2054 1372 2088 docet
1393 2054 1484 2097 plura
1506 2054 1684 2088 notabilia.
1711 2055 1758 2087 Et
1777 2053 1979 2088 anteomnia
1991 2053 2087 2097 perti·-

1193 2103 1317 2138 naciter
1336 2103 1490 2138 asseverat
1511 2103 1632 2147 Cyrilli
1655 2103 1810 2148 Capitula
1823 2104 1886 2139 esse
1897 2104 1995 2148 plena
2012 2104 2088 2138 uni.

1194 2154 1287 2187 versis
1306 2150 1496 2192 haerefibus,
1522 2154 1557 2187 δε
1579 2164 1648 2187 non
1660 2162 1790 2196 propter
1806 2153 1955 2188 Nestorii
1968 2153 2087 2189 (1οᾶτὶ-

1195 2213 1291 2241 nam,
1318 2202 1372 2234 sed
1395 2210 1525 2243 propter
1544 2201 1612 2243 ipsa
1633 2202 1729 2235 fuisse
1748 2201 1914 2236 turbatam
1948 2214 2083 2239 omnem

1194 2250 1370 2284 Ecclesiam
1394 2271 1405 2287 ‚
1439 2259 1639 2293 omnemque
1669 2250 1860 2285 Romanam
1891 2250 2084 2296 Rempubli-

1194 2310 1266 2334 cam
1280 2323 1287 2331 .
1315 2297 1468 2333 Secundo
1477 2299 1569 2333 suum
1579 2298 1797 2336 Patriarcham
1811 2302 1972 2345 Ioannem
1991 2302 2082 2338 dedi-

1194 2359 1313 2395 gnatur
1340 2347 1513 2383 inscribere
1534 2348 1732 2394 Episcopum
1745 2375 1756 2391 ,
1784 2351 1838 2385 sed
1859 2362 1915 2394 per
1933 2361 2084 2387 contem·

1194 2410 1287 2443 ptum
1299 2398 1437 2442 appellat
1448 2412 1458 2432 .-
1485 2397 1575 2438 Istum
1583 2399 1623 2433 ab
1635 2401 1790 2435 Antiochia
1803 2425 1810 2433 .
1839 2401 1969 2445 Nempe
1981 2402 2079 2437 illurn

1193 2448 1452 2483 Communionis
1462 2448 1658 2485 laceratione
1669 2449 1734 2493 jam
1746 2451 1930 2494 suspensum
1949 2452 1967 2486 a
1979 2452 2079 2496 pluri-

1193 2498 1250 2533 bus
1262 2524 1272 2540 ,
1298 2497 1461 2542 judicabat
1473 2499 1649 2545 indignum
1659 2500 1729 2545 ipso
1743 2501 1842 2536 etiam
1853 2501 2008 2546 Episcopi
2019 2512 2078 2536 no·

1193 2561 1300 2584 misse.

1242 2599 1286 2633 Et
1307 2598 1412 2642 ipsum
1435 2600 1562 2634 accusat
1583 2598 1625 2634 de
1647 2601 1784 2639 multis.
1811 2601 1927 2637 Primo
1949 2627 1961 2644 ,
1987 2601 2078 2649 quod

1191 2648 1276 2693 apud
1298 2648 1464 2692 Ephesum
1496 2648 1616 2693 Cyrilli
1638 2650 1789 2695 Capitula
1812 2651 1963 2694 iudicarit
1985 2676 1997 2693 ,
2041 2654 2078 2687 dc

1190 2698 1368 2740 damnarit,
1395 2711 1463 2733 non
1477 2699 1648 2734 dumtaxat
1663 2710 1698 2735 ut
1711 2699 1861 2737 haeretica
1873 2724 1885 2742 ‚
1907 2703 1962 2738 sed
1974 2702 2077 2738 etiam

1191 2760 1227 2784 ut
1240 2750 1350 2783 insana
1362 2773 1370 2781 .
1396 2749 1569 2790 Secundo,
1597 2749 1686 2795 quod
1700 2750 1864 2794 Cyrillum
1876 2761 2004 2797 propter
2016 2753 2076 2788 ista

1190 2798 1431 2844 degradaverit.
1458 2798 1605 2841 Tertio,
1631 2801 1719 2844 quod
1734 2801 1829 2835 illum
1849 2802 2074 2846 degradaverit

1191 2861 1260 2884 non
1283 2855 1319 2884 ut
1338 2849 1513 2893 simplicem
1535 2850 1735 2885 Haereticum
1749 2874 1760 2891 ,
1787 2850 1841 2884 sed
1865 2851 1914 2885 uti
1944 2861 2074 2887 novum

1191 2898 1440 2935 Haeresiarcham
1465 2925 1473 2934 .
1500 2899 1629 2948 Qartd
1652 2925 1662 2940 ,
1687 2899 1776 2943 quod
1797 2900 1890 2934 istam
1911 2900 2073 2946 degrada-

1188 2950 1314 2985 tionem
1326 2950 1464 2984 voluerit
1475 2951 1536 2985 effe
1548 2950 1632 2983 adeo
1645 2950 1772 2985 firmam
1785 2975 1797 2991 ,
1824 2960 1861 2984 ut
1885 2950 2070 2986 Chalcedo-

1187 3011 1229 3035 ne
1239 3010 1348 3035 coram
1359 3000 1428 3044 ipso
1441 3001 1539 3035 etiam
1551 2998 1704 3043 Principe
1714 3000 1883 3044 juraverit:
1910 3003 1996 3044 ,Quia
2017 3001 2071 3044 egli*

1183 3056 1354 3094 poenituerit
1379 3051 1503 3089 cyrillus
1525 3074 1537 3091 ‚
1564 3061 1624 3083 non
1648 3056 1675 3084 ei
1696 3049 1811 3090 restituo
1832 3049 2067 3095 Epist-opattam,

1186 3105 1219 3135 εό
1238 3102 1317 3144 quod
1337 3098 1541 3141 Haerefiarches
1557 3099 1595 3141 fit
1611 3099 1718 3141 fabius
1740 3125 1750 3133 .
1784 3098 1918 3149 Qintd
1937 3125 1949 3142 ,
1974 3101 2063 3146 quod

1188 3151 1316 3196 Epheso
1328 3151 1363 3185 in
1374 3152 1545 3186 Orientem
1558 3149 1682 3184 rediens
1698 3175 1709 3192 ‚
1736 3151 1835 3186 etiam
1846 3152 1881 3185 in
1901 3151 1955 3186 via
1975 3151 2063 3195 apud

1186 3202 1352 3237 Tharsum
1361 3201 1472 3236 fecerit
1484 3200 1656 3243 Synodum
1668 3226 1679 3242 ,
1704 3201 1793 3244 quod
1814 3200 1883 3236 istic
1895 3200 2061 3245 Cyrillum

1185 3251 1295 3288 denuo
1314 3250 1518 3297 degradarit‚
1544 3251 1634 3295 quod
1654 3251 1782 3295 insuper
1804 3251 1986 3297 degradarit
2004 3263 2061 3286 eos

1184 3302 1242 3344 qui
1259 3314 1317 3347 pro
1335 3302 1404 3346 ipso
1423 3300 1631 3335 ascenderant
1650 3301 1999 3347 Constantinopolim,
2024 3301 2059 3334 δε

1186 3353 1275 3396 quod
1295 3351 1388 3390 istius
1411 3349 1530 3395 Judicii
1551 3350 1733 3395 Synodicas
1746 3352 1866 3391 litteras
1875 3352 1994 3387 miserit
2002 3359 2061 3392 pet.

1530 3399 1562 3435 C
1588 3413 1606 3437 c
1657 3413 1678 3451 3
1875 3407 2011 3436 omnem
