<?xml version="1.0" encoding="UTF-8"?>
<!DOCTYPE html PUBLIC "-//W3C//DTD XHTML 1.0 Transitional//EN"
    "http://www.w3.org/TR/xhtml1/DTD/xhtml1-transitional.dtd">
<html xmlns="http://www.w3.org/1999/xhtml" xml:lang="en" lang="en">
 <head>
  <title>
</title>
<meta http-equiv="Content-Type" content="text/html;charset=utf-8" />
  <meta name='ocr-system' content='tesseract 3.04.00' />
  <meta name='ocr-capabilities' content='ocr_page ocr_carea ocr_par ocr_line ocrx_word'/>
</head>
<body>
  <div class='ocr_page' id='page_1' title='image "./operaomniastudio07lupuuoft/operaomniastudio07lupuuoft_0391.png"; bbox 0 0 2320 3730; ppageno 0'>
   <div class='ocr_carea' id='block_1_1' title="bbox 903 176 1391 225">
    <p class='ocr_par' dir='ltr' id='par_1_1' title="bbox 903 176 1391 225">
     <span class='ocr_line' id='line_1_1' title="bbox 903 176 1391 225; baseline -0.006 0"><span class='ocrx_word' id='word_1_1' title='bbox 903 176 1391 225; x_wconf 68' lang='lat' dir='ltr'>ErisTOLAE.</span> 
     </span>
    </p>
   </div>
   <div class='ocr_carea' id='block_1_2' title="bbox 220 259 1115 1956">
    <p class='ocr_par' dir='ltr' id='par_1_2' title="bbox 220 259 1112 1956">
     <span class='ocr_line' id='line_1_2' title="bbox 230 259 1035 305; baseline 0.001 -12"><span class='ocrx_word' id='word_1_2' title='bbox 230 259 267 293; x_wconf 77' lang='lat' dir='ltr'>let</span> <span class='ocrx_word' id='word_1_3' title='bbox 278 284 286 291; x_wconf 91' lang='lat'>.</span> <span class='ocrx_word' id='word_1_4' title='bbox 313 262 360 294; x_wconf 81' lang='lat' dir='ltr'>Et</span> <span class='ocrx_word' id='word_1_5' title='bbox 369 269 492 304; x_wconf 83' lang='lat' dir='ltr'>propter</span> <span class='ocrx_word' id='word_1_6' title='bbox 503 266 677 305; x_wconf 71' lang='lat' dir='ltr'>iniquitates</span> <span class='ocrx_word' id='word_1_7' title='bbox 690 261 800 303; x_wconf 77' lang='lat' dir='ltr'>nostras</span> <span class='ocrx_word' id='word_1_8' title='bbox 828 262 963 295; x_wconf 74' lang='lat' dir='ltr'>traditus</span> <span class='ocrx_word' id='word_1_9' title='bbox 975 259 1014 299; x_wconf 70' lang='lat' dir='ltr'>est</span> <span class='ocrx_word' id='word_1_10' title='bbox 1028 286 1035 294; x_wconf 94' lang='lat'>.</span> 
     </span>
     <span class='ocr_line' id='line_1_3' title="bbox 280 310 1109 355; baseline -0.001 -12"><span class='ocrx_word' id='word_1_11' title='bbox 280 310 416 344; x_wconf 84' lang='lat' dir='ltr'>Pervide</span> <span class='ocrx_word' id='word_1_12' title='bbox 439 312 559 355; x_wconf 78' lang='lat' dir='ltr'>igitur,</span> <span class='ocrx_word' id='word_1_13' title='bbox 586 311 734 346; x_wconf 78' lang='lat' dir='ltr'>Domine</span> <span class='ocrx_word' id='word_1_14' title='bbox 756 313 825 352; x_wconf 87' lang='lat' dir='ltr'>mi,</span> <span class='ocrx_word' id='word_1_15' title='bbox 850 310 1028 346; x_wconf 73' lang='lat' dir='ltr'>secundum</span> <span class='ocrx_word' id='word_1_16' title='bbox 1041 311 1109 343; x_wconf 84' lang='lat' dir='ltr'>san·</span> 
     </span>
     <span class='ocr_line' id='line_1_4' title="bbox 228 358 1107 405; baseline -0.002 -10"><span class='ocrx_word' id='word_1_17' title='bbox 228 362 285 395; x_wconf 65' lang='lat' dir='ltr'>&amp;z</span> <span class='ocrx_word' id='word_1_18' title='bbox 305 371 365 393; x_wconf 79' lang='lat' dir='ltr'>tuae</span> <span class='ocrx_word' id='word_1_19' title='bbox 378 372 495 395; x_wconf 79' lang='lat' dir='ltr'>mentis</span> <span class='ocrx_word' id='word_1_20' title='bbox 508 360 647 396; x_wconf 87' lang='lat' dir='ltr'>studium</span> <span class='ocrx_word' id='word_1_21' title='bbox 662 385 673 402; x_wconf 92' lang='lat'><strong>,</strong></span> <span class='ocrx_word' id='word_1_22' title='bbox 696 360 868 405; x_wconf 73' lang='lat' dir='ltr'>quomodo</span> <span class='ocrx_word' id='word_1_23' title='bbox 880 360 1019 405; x_wconf 69' lang='lat' dir='ltr'>praedisti</span> <span class='ocrx_word' id='word_1_24' title='bbox 1032 358 1107 393; x_wconf 87' lang='lat' dir='ltr'>Pro</span> 
     </span>
     <span class='ocr_line' id='line_1_5' title="bbox 228 411 1107 458; baseline -0.001 -14"><span class='ocrx_word' id='word_1_25' title='bbox 228 411 332 458; x_wconf 82' lang='lat' dir='ltr'>phetae</span> <span class='ocrx_word' id='word_1_26' title='bbox 355 411 539 446; x_wconf 77' lang='lat' dir='ltr'>Hieremias</span> <span class='ocrx_word' id='word_1_27' title='bbox 559 412 593 446; x_wconf 76' lang='grc' dir='ltr'>δε</span> <span class='ocrx_word' id='word_1_28' title='bbox 617 413 711 455; x_wconf 80' lang='lat' dir='ltr'>lsajas</span> <span class='ocrx_word' id='word_1_29' title='bbox 722 412 848 447; x_wconf 83' lang='lat' dir='ltr'>sibimet</span> <span class='ocrx_word' id='word_1_30' title='bbox 866 411 1107 445; x_wconf 86' lang='lat' dir='ltr'>consentientes</span> 
     </span>
     <span class='ocr_line' id='line_1_6' title="bbox 227 460 1107 505; baseline -0.005 -9"><span class='ocrx_word' id='word_1_31' title='bbox 227 462 383 501; x_wconf 78' lang='lat' dir='ltr'>asserant,</span> <span class='ocrx_word' id='word_1_32' title='bbox 411 462 549 504; x_wconf 81' lang='lat' dir='ltr'>qualiter</span> <span class='ocrx_word' id='word_1_33' title='bbox 573 463 729 505; x_wconf 65' lang='lat' dir='ltr'>perfectus</span> <span class='ocrx_word' id='word_1_34' title='bbox 742 463 856 502; x_wconf 85' lang='lat' dir='ltr'>Deus,</span> <span class='ocrx_word' id='word_1_35' title='bbox 883 461 924 495; x_wconf 89' lang='lat' dir='ltr'>de</span> <span class='ocrx_word' id='word_1_36' title='bbox 946 460 1032 495; x_wconf 83' lang='lat' dir='ltr'>coelo</span> <span class='ocrx_word' id='word_1_37' title='bbox 1055 460 1107 493; x_wconf 87' lang='lat' dir='ltr'>de-</span> 
     </span>
     <span class='ocr_line' id='line_1_7' title="bbox 226 509 1108 557; baseline -0.003 -12"><span class='ocrx_word' id='word_1_38' title='bbox 226 511 380 546; x_wconf 87' lang='lat' dir='ltr'>scendens</span> <span class='ocrx_word' id='word_1_39' title='bbox 403 523 458 555; x_wconf 87' lang='lat' dir='ltr'>pro</span> <span class='ocrx_word' id='word_1_40' title='bbox 483 513 580 545; x_wconf 85' lang='lat' dir='ltr'>salute</span> <span class='ocrx_word' id='word_1_41' title='bbox 601 512 730 557; x_wconf 82' lang='lat' dir='ltr'>generis</span> <span class='ocrx_word' id='word_1_42' title='bbox 754 510 912 553; x_wconf 81' lang='lat' dir='ltr'>humani,</span> <span class='ocrx_word' id='word_1_43' title='bbox 940 509 1108 553; x_wconf 83' lang='lat' dir='ltr'>susceperit</span> 
     </span>
     <span class='ocr_line' id='line_1_8' title="bbox 227 558 1108 605; baseline -0.005 -9"><span class='ocrx_word' id='word_1_44' title='bbox 227 559 421 601; x_wconf 85' lang='lat' dir='ltr'>hominem,</span> <span class='ocrx_word' id='word_1_45' title='bbox 446 562 480 596; x_wconf 78' lang='grc' dir='ltr'>δε</span> <span class='ocrx_word' id='word_1_46' title='bbox 504 561 643 605; x_wconf 74' lang='lat' dir='ltr'>superius</span> <span class='ocrx_word' id='word_1_47' title='bbox 667 562 709 596; x_wconf 87' lang='lat' dir='ltr'>ab</span> <span class='ocrx_word' id='word_1_48' title='bbox 735 561 814 605; x_wconf 77' lang='lat' dir='ltr'>lsaja</span> <span class='ocrx_word' id='word_1_49' title='bbox 828 558 1108 605; x_wconf 69' lang='lat' dir='ltr'>praedistaspaffio-</span> 
     </span>
     <span class='ocr_line' id='line_1_9' title="bbox 227 608 1109 655; baseline -0.005 -9"><span class='ocrx_word' id='word_1_50' title='bbox 227 623 285 646; x_wconf 87' lang='lat' dir='ltr'>nes</span> <span class='ocrx_word' id='word_1_51' title='bbox 312 621 445 655; x_wconf 91' lang='lat' dir='ltr'>uterque</span> <span class='ocrx_word' id='word_1_52' title='bbox 465 621 583 646; x_wconf 83' lang='lat' dir='ltr'>naturae</span> <span class='ocrx_word' id='word_1_53' title='bbox 604 612 736 646; x_wconf 89' lang='lat' dir='ltr'>illiusin</span> <span class='ocrx_word' id='word_1_54' title='bbox 751 611 885 646; x_wconf 84' lang='lat' dir='ltr'>Christo</span> <span class='ocrx_word' id='word_1_55' title='bbox 896 609 1030 653; x_wconf 86' lang='lat' dir='ltr'>suscepti</span> <span class='ocrx_word' id='word_1_56' title='bbox 1045 608 1109 643; x_wconf 88' lang='lat' dir='ltr'>ho·-</span> 
     </span>
     <span class='ocr_line' id='line_1_10' title="bbox 226 659 1109 708; baseline -0.007 -10"><span class='ocrx_word' id='word_1_57' title='bbox 226 662 327 698; x_wconf 85' lang='lat' dir='ltr'>minis</span> <span class='ocrx_word' id='word_1_58' title='bbox 342 662 496 708; x_wconf 84' lang='lat' dir='ltr'>affignet.</span> <span class='ocrx_word' id='word_1_59' title='bbox 524 662 613 695; x_wconf 89' lang='lat' dir='ltr'>Nam</span> <span class='ocrx_word' id='word_1_60' title='bbox 635 660 784 706; x_wconf 87' lang='lat' dir='ltr'>nunquid</span> <span class='ocrx_word' id='word_1_61' title='bbox 799 663 912 701; x_wconf 86' lang='lat' dir='ltr'>Deus,</span> <span class='ocrx_word' id='word_1_62' title='bbox 938 660 994 704; x_wconf 83' lang='lat' dir='ltr'>qui</span> <span class='ocrx_word' id='word_1_63' title='bbox 1006 659 1070 693; x_wconf 74' lang='lat' dir='ltr'>est*</span> <span class='ocrx_word' id='word_1_64' title='bbox 1063 671 1109 693; x_wconf 79' lang='lat' dir='ltr'>in·</span> 
     </span>
     <span class='ocr_line' id='line_1_11' title="bbox 226 711 1109 756; baseline -0.005 -10"><span class='ocrx_word' id='word_1_65' title='bbox 226 711 362 747; x_wconf 79' lang='lat' dir='ltr'>visibilis</span> <span class='ocrx_word' id='word_1_66' title='bbox 381 737 392 754; x_wconf 89' lang='lat'>‚</span> <span class='ocrx_word' id='word_1_67' title='bbox 419 711 790 756; x_wconf 83' lang='lat' dir='ltr'>incomprehensibiliter</span> <span class='ocrx_word' id='word_1_68' title='bbox 821 719 947 756; x_wconf 89' lang='lat' dir='ltr'>poterat</span> <span class='ocrx_word' id='word_1_69' title='bbox 968 719 1109 752; x_wconf 87' lang='lat' dir='ltr'>compre-</span> 
     </span>
     <span class='ocr_line' id='line_1_12' title="bbox 226 758 1110 803; baseline -0.006 -6"><span class='ocrx_word' id='word_1_70' title='bbox 226 761 352 802; x_wconf 84' lang='lat' dir='ltr'>hendi,</span> <span class='ocrx_word' id='word_1_71' title='bbox 377 773 433 797; x_wconf 90' lang='lat' dir='ltr'>aut</span> <span class='ocrx_word' id='word_1_72' title='bbox 455 763 601 797; x_wconf 83' lang='lat' dir='ltr'>inimicis</span> <span class='ocrx_word' id='word_1_73' title='bbox 620 762 724 802; x_wconf 85' lang='lat' dir='ltr'>tradi,</span> <span class='ocrx_word' id='word_1_74' title='bbox 751 773 808 796; x_wconf 88' lang='lat' dir='ltr'>aut</span> <span class='ocrx_word' id='word_1_75' title='bbox 827 762 912 795; x_wconf 88' lang='lat' dir='ltr'>inter</span> <span class='ocrx_word' id='word_1_76' title='bbox 930 761 1050 803; x_wconf 88' lang='lat' dir='ltr'>impios</span> <span class='ocrx_word' id='word_1_77' title='bbox 1059 758 1110 793; x_wconf 88' lang='lat' dir='ltr'>de-</span> 
     </span>
     <span class='ocr_line' id='line_1_13' title="bbox 227 807 1109 857; baseline -0.006 -10"><span class='ocrx_word' id='word_1_78' title='bbox 227 813 356 857; x_wconf 79' lang='lat' dir='ltr'>putari,</span> <span class='ocrx_word' id='word_1_79' title='bbox 383 823 439 848; x_wconf 91' lang='lat' dir='ltr'>aut</span> <span class='ocrx_word' id='word_1_80' title='bbox 449 812 556 852; x_wconf 84' lang='lat' dir='ltr'>mori,</span> <span class='ocrx_word' id='word_1_81' title='bbox 579 822 636 846; x_wconf 89' lang='lat' dir='ltr'>aut</span> <span class='ocrx_word' id='word_1_82' title='bbox 648 813 713 847; x_wconf 90' lang='lat' dir='ltr'>vita</span> <span class='ocrx_word' id='word_1_83' title='bbox 724 812 911 856; x_wconf 70' lang='lat' dir='ltr'>ejusaterra</span> <span class='ocrx_word' id='word_1_84' title='bbox 922 810 1023 845; x_wconf 76' lang='lat' dir='ltr'>tolli?</span> <span class='ocrx_word' id='word_1_85' title='bbox 1048 807 1109 843; x_wconf 89' lang='lat' dir='ltr'>Sed</span> 
     </span>
     <span class='ocr_line' id='line_1_14' title="bbox 227 857 1111 906; baseline -0.002 -9"><span class='ocrx_word' id='word_1_86' title='bbox 227 863 286 897; x_wconf 91' lang='lat' dir='ltr'>ille</span> <span class='ocrx_word' id='word_1_87' title='bbox 307 864 438 906; x_wconf 89' lang='lat' dir='ltr'>utique,</span> <span class='ocrx_word' id='word_1_88' title='bbox 465 863 543 906; x_wconf 88' lang='lat' dir='ltr'>qui,</span> <span class='ocrx_word' id='word_1_89' title='bbox 571 863 708 906; x_wconf 87' lang='lat' dir='ltr'>utsupra</span> <span class='ocrx_word' id='word_1_90' title='bbox 719 862 784 906; x_wconf 78' lang='lat' dir='ltr'>jam</span> <span class='ocrx_word' id='word_1_91' title='bbox 795 862 965 900; x_wconf 84' lang='lat' dir='ltr'>diximus,</span> <span class='ocrx_word' id='word_1_92' title='bbox 989 857 1111 895; x_wconf 71' lang='lat' dir='ltr'>esuriit,</span> 
     </span>
     <span class='ocr_line' id='line_1_15' title="bbox 227 906 1109 956; baseline -0.006 -10"><span class='ocrx_word' id='word_1_93' title='bbox 227 913 346 951; x_wconf 79' lang='lat' dir='ltr'>sitivit,</span> <span class='ocrx_word' id='word_1_94' title='bbox 370 913 498 946; x_wconf 75' lang='lat' dir='ltr'>lassatus</span> <span class='ocrx_word' id='word_1_95' title='bbox 509 912 592 952; x_wconf 89' lang='lat' dir='ltr'>fuit,</span> <span class='ocrx_word' id='word_1_96' title='bbox 618 911 801 953; x_wconf 85' lang='lat' dir='ltr'>dormivit,</span> <span class='ocrx_word' id='word_1_97' title='bbox 826 921 926 956; x_wconf 87' lang='lat' dir='ltr'>atque</span> <span class='ocrx_word' id='word_1_98' title='bbox 945 906 1109 953; x_wconf 85' lang='lat' dir='ltr'>ploravit,</span> 
     </span>
     <span class='ocr_line' id='line_1_16' title="bbox 226 957 1111 1007; baseline -0.008 -11"><span class='ocrx_word' id='word_1_99' title='bbox 226 962 285 1006; x_wconf 88' lang='lat' dir='ltr'>qui</span> <span class='ocrx_word' id='word_1_100' title='bbox 295 964 394 997; x_wconf 88' lang='lat' dir='ltr'>etiam</span> <span class='ocrx_word' id='word_1_101' title='bbox 406 962 439 996; x_wconf 91' lang='lat' dir='ltr'>in</span> <span class='ocrx_word' id='word_1_102' title='bbox 463 973 557 997; x_wconf 88' lang='lat' dir='ltr'>cruce</span> <span class='ocrx_word' id='word_1_103' title='bbox 569 962 720 1007; x_wconf 77' lang='lat' dir='ltr'>passionis</span> <span class='ocrx_word' id='word_1_104' title='bbox 739 961 902 1006; x_wconf 88' lang='lat' dir='ltr'>pendens,</span> <span class='ocrx_word' id='word_1_105' title='bbox 928 969 1005 993; x_wconf 87' lang='lat' dir='ltr'>cum</span> <span class='ocrx_word' id='word_1_106' title='bbox 1019 957 1111 991; x_wconf 90' lang='lat' dir='ltr'>vidis</span> 
     </span>
     <span class='ocr_line' id='line_1_17' title="bbox 226 1009 1110 1051; baseline -0.006 -5"><span class='ocrx_word' id='word_1_107' title='bbox 226 1013 274 1046; x_wconf 86' lang='lat' dir='ltr'>set</span> <span class='ocrx_word' id='word_1_108' title='bbox 295 1013 329 1046; x_wconf 89' lang='lat' dir='ltr'>in</span> <span class='ocrx_word' id='word_1_109' title='bbox 349 1013 379 1047; x_wconf 92' lang='lat' dir='ltr'>se</span> <span class='ocrx_word' id='word_1_110' title='bbox 393 1011 633 1047; x_wconf 78' lang='lat' dir='ltr'>inhabitantem</span> <span class='ocrx_word' id='word_1_111' title='bbox 655 1012 767 1045; x_wconf 85' lang='lat' dir='ltr'>Deum</span> <span class='ocrx_word' id='word_1_112' title='bbox 778 1010 819 1044; x_wconf 89' lang='lat' dir='ltr'>dc</span> <span class='ocrx_word' id='word_1_113' title='bbox 830 1012 887 1045; x_wconf 88' lang='lat' dir='ltr'>suo</span> <span class='ocrx_word' id='word_1_114' title='bbox 899 1009 987 1043; x_wconf 84' lang='lat' dir='ltr'>exire</span> <span class='ocrx_word' id='word_1_115' title='bbox 999 1019 1110 1051; x_wconf 88' lang='lat' dir='ltr'>corpo-</span> 
     </span>
     <span class='ocr_line' id='line_1_18' title="bbox 226 1057 1109 1103; baseline -0.002 -9"><span class='ocrx_word' id='word_1_116' title='bbox 226 1071 283 1101; x_wconf 88' lang='lat' dir='ltr'>re,</span> <span class='ocrx_word' id='word_1_117' title='bbox 310 1061 538 1102; x_wconf 81' lang='lat' dir='ltr'>lachrymabili</span> <span class='ocrx_word' id='word_1_118' title='bbox 561 1072 642 1094; x_wconf 85' lang='lat' dir='ltr'>voce</span> <span class='ocrx_word' id='word_1_119' title='bbox 663 1061 819 1094; x_wconf 83' lang='lat' dir='ltr'>clamavit</span> <span class='ocrx_word' id='word_1_120' title='bbox 839 1058 908 1103; x_wconf 82' lang='lat' dir='ltr'>post</span> <span class='ocrx_word' id='word_1_121' title='bbox 918 1070 1015 1099; x_wconf 90' lang='lat' dir='ltr'>eum,</span> <span class='ocrx_word' id='word_1_122' title='bbox 1042 1057 1109 1092; x_wconf 87' lang='lat' dir='ltr'>He</span> 
     </span>
     <span class='ocr_line' id='line_1_19' title="bbox 226 1107 1108 1155; baseline -0.005 -10"><span class='ocrx_word' id='word_1_123' title='bbox 226 1109 336 1145; x_wconf 86' lang='lat' dir='ltr'>braica</span> <span class='ocrx_word' id='word_1_124' title='bbox 354 1110 467 1155; x_wconf 89' lang='lat' dir='ltr'>lingua</span> <span class='ocrx_word' id='word_1_125' title='bbox 479 1110 612 1151; x_wconf 88' lang='lat' dir='ltr'>dicens,</span> <span class='ocrx_word' id='word_1_126' title='bbox 638 1112 723 1151; x_wconf 81' lang='lat' dir='ltr'>Heli,</span> <span class='ocrx_word' id='word_1_127' title='bbox 751 1111 820 1143; x_wconf 84' lang='lat' dir='ltr'>Heli</span> <span class='ocrx_word' id='word_1_128' title='bbox 840 1107 1108 1151; x_wconf 63' lang='lat' dir='ltr'>lammasabaavha-</span> 
     </span>
     <span class='ocr_line' id='line_1_20' title="bbox 226 1158 1107 1202; baseline -0.005 -8"><span class='ocrx_word' id='word_1_129' title='bbox 226 1165 279 1194; x_wconf 84' lang='lat' dir='ltr'>ni.</span> <span class='ocrx_word' id='word_1_130' title='bbox 307 1160 386 1195; x_wconf 82' lang='lat' dir='ltr'>Hoc</span> <span class='ocrx_word' id='word_1_131' title='bbox 406 1159 451 1194; x_wconf 88' lang='lat' dir='ltr'>est</span> <span class='ocrx_word' id='word_1_132' title='bbox 463 1185 473 1201; x_wconf 95' lang='lat'>,</span> <span class='ocrx_word' id='word_1_133' title='bbox 501 1163 580 1193; x_wconf 77' lang='lat' dir='ltr'>Deus</span> <span class='ocrx_word' id='word_1_134' title='bbox 602 1172 682 1194; x_wconf 87' lang='lat' dir='ltr'>meus</span> <span class='ocrx_word' id='word_1_135' title='bbox 695 1185 705 1200; x_wconf 95' lang='lat'>,</span> <span class='ocrx_word' id='word_1_136' title='bbox 732 1171 824 1202; x_wconf 87' lang='lat' dir='ltr'>quare</span> <span class='ocrx_word' id='word_1_137' title='bbox 843 1170 889 1193; x_wconf 91' lang='lat' dir='ltr'>me</span> <span class='ocrx_word' id='word_1_138' title='bbox 901 1158 1097 1202; x_wconf 83' lang='lat' dir='ltr'>dereliquisti</span> <span class='ocrx_word' id='word_1_139' title='bbox 1092 1159 1107 1182; x_wconf 70' lang='grc' dir='ltr'><strong><em>ἓ</em></strong></span> 
     </span>
     <span class='ocr_line' id='line_1_21' title="bbox 226 1207 1109 1258; baseline -0.002 -14"><span class='ocrx_word' id='word_1_140' title='bbox 226 1210 391 1258; x_wconf 68' lang='lat' dir='ltr'>Quamvis</span> <span class='ocrx_word' id='word_1_141' title='bbox 402 1207 495 1244; x_wconf 80' lang='lat' dir='ltr'>tertia</span> <span class='ocrx_word' id='word_1_142' title='bbox 507 1210 562 1245; x_wconf 92' lang='lat' dir='ltr'>die</span> <span class='ocrx_word' id='word_1_143' title='bbox 572 1220 647 1244; x_wconf 89' lang='lat' dir='ltr'>eum</span> <span class='ocrx_word' id='word_1_144' title='bbox 658 1210 734 1244; x_wconf 77' lang='lat' dir='ltr'>esset</span> <span class='ocrx_word' id='word_1_145' title='bbox 753 1210 994 1244; x_wconf 81' lang='lat' dir='ltr'>resuscitaturus</span> <span class='ocrx_word' id='word_1_146' title='bbox 1006 1234 1014 1242; x_wconf 92' lang='lat'><strong><em>.</em></strong></span> <span class='ocrx_word' id='word_1_147' title='bbox 1040 1208 1109 1243; x_wconf 89' lang='lat' dir='ltr'>Ta-</span> 
     </span>
     <span class='ocr_line' id='line_1_22' title="bbox 227 1258 1108 1303; baseline -0.005 -8"><span class='ocrx_word' id='word_1_148' title='bbox 227 1271 305 1295; x_wconf 87' lang='lat' dir='ltr'>men</span> <span class='ocrx_word' id='word_1_149' title='bbox 317 1261 440 1296; x_wconf 76' lang='lat' dir='ltr'>necess&#39;e</span> <span class='ocrx_word' id='word_1_150' title='bbox 450 1269 518 1295; x_wconf 88' lang='lat' dir='ltr'>erat</span> <span class='ocrx_word' id='word_1_151' title='bbox 535 1259 615 1294; x_wconf 89' lang='lat' dir='ltr'>illud</span> <span class='ocrx_word' id='word_1_152' title='bbox 628 1260 820 1303; x_wconf 87' lang='lat' dir='ltr'>adimpleri,</span> <span class='ocrx_word' id='word_1_153' title='bbox 846 1258 1012 1303; x_wconf 75' lang='lat' dir='ltr'>quodiam</span> <span class='ocrx_word' id='word_1_154' title='bbox 1036 1269 1108 1302; x_wconf 87' lang='lat' dir='ltr'>prae-</span> 
     </span>
     <span class='ocr_line' id='line_1_23' title="bbox 227 1307 1109 1355; baseline -0.005 -10"><span class='ocrx_word' id='word_1_155' title='bbox 227 1309 353 1345; x_wconf 84' lang='lat' dir='ltr'>dixerat</span> <span class='ocrx_word' id='word_1_156' title='bbox 375 1311 408 1344; x_wconf 89' lang='lat' dir='ltr'>in</span> <span class='ocrx_word' id='word_1_157' title='bbox 426 1309 609 1355; x_wconf 87' lang='lat' dir='ltr'>Evangelio</span> <span class='ocrx_word' id='word_1_158' title='bbox 633 1311 742 1354; x_wconf 86' lang='lat' dir='ltr'>Jesus,</span> <span class='ocrx_word' id='word_1_159' title='bbox 770 1310 835 1345; x_wconf 86' lang='lat' dir='ltr'>suis</span> <span class='ocrx_word' id='word_1_160' title='bbox 859 1308 1040 1353; x_wconf 87' lang='lat' dir='ltr'>Discipulis</span> <span class='ocrx_word' id='word_1_161' title='bbox 1063 1307 1109 1342; x_wconf 88' lang='lat' dir='ltr'>di-</span> 
     </span>
     <span class='ocr_line' id='line_1_24' title="bbox 227 1361 1110 1405; baseline -0.007 -9"><span class='ocrx_word' id='word_1_162' title='bbox 227 1372 326 1396; x_wconf 85' lang='lat' dir='ltr'>cens:</span> <span class='ocrx_word' id='word_1_163' title='bbox 353 1361 450 1405; x_wconf 72' lang='lat' dir='ltr'>Egoci</span> <span class='ocrx_word' id='word_1_164' title='bbox 463 1364 525 1395; x_wconf 80' lang='lat' dir='ltr'>Deo</span> <span class='ocrx_word' id='word_1_165' title='bbox 543 1362 657 1403; x_wconf 78' lang='lat' dir='ltr'>proceffi</span> <span class='ocrx_word' id='word_1_166' title='bbox 670 1385 679 1400; x_wconf 91' lang='lat'><strong>,</strong></span> <span class='ocrx_word' id='word_1_167' title='bbox 705 1365 789 1394; x_wconf 79' lang='lat' dir='ltr'>exivi</span> <span class='ocrx_word' id='word_1_168' title='bbox 804 1363 825 1394; x_wconf 74' lang='grc' dir='ltr'><em>ἃ</em></span> <span class='ocrx_word' id='word_1_169' title='bbox 846 1362 960 1400; x_wconf 81' lang='lat' dir='ltr'>Patre,</span> <span class='ocrx_word' id='word_1_170' title='bbox 986 1361 1021 1393; x_wconf 68' lang='lat'>(9⁴</span> <span class='ocrx_word' id='word_1_171' title='bbox 1040 1363 1110 1392; x_wconf 85' lang='lat' dir='ltr'>veni</span> 
     </span>
     <span class='ocr_line' id='line_1_25' title="bbox 227 1409 1108 1454; baseline -0.002 -10"><span class='ocrx_word' id='word_1_172' title='bbox 227 1416 262 1444; x_wconf 77' lang='lat' dir='ltr'>in</span> <span class='ocrx_word' id='word_1_173' title='bbox 282 1411 338 1445; x_wconf 84' lang='lat' dir='ltr'>buc</span> <span class='ocrx_word' id='word_1_174' title='bbox 348 1411 515 1452; x_wconf 76' lang='lat' dir='ltr'>Mundum,</span> <span class='ocrx_word' id='word_1_175' title='bbox 542 1412 692 1446; x_wconf 68' lang='lat' dir='ltr'>&amp;iterfem</span> <span class='ocrx_word' id='word_1_176' title='bbox 702 1412 834 1454; x_wconf 85' lang='lat' dir='ltr'>relinquo</span> <span class='ocrx_word' id='word_1_177' title='bbox 851 1409 928 1444; x_wconf 88' lang='lat' dir='ltr'>bunc</span> <span class='ocrx_word' id='word_1_178' title='bbox 937 1410 1108 1450; x_wconf 80' lang='lat' dir='ltr'>Mundum,</span> 
     </span>
     <span class='ocr_line' id='line_1_26' title="bbox 228 1459 1108 1505; baseline -0.002 -10"><span class='ocrx_word' id='word_1_179' title='bbox 228 1462 264 1495; x_wconf 74' lang='lat' dir='ltr'>&lt;tt</span> <span class='ocrx_word' id='word_1_180' title='bbox 277 1462 359 1495; x_wconf 85' lang='lat' dir='ltr'>vado</span> <span class='ocrx_word' id='word_1_181' title='bbox 368 1462 412 1494; x_wconf 87' lang='lat' dir='ltr'>ad</span> <span class='ocrx_word' id='word_1_182' title='bbox 423 1464 564 1495; x_wconf 85' lang='lat' dir='ltr'>Patrem.</span> <span class='ocrx_word' id='word_1_183' title='bbox 591 1459 757 1505; x_wconf 85' lang='lat' dir='ltr'>Siquidem</span> <span class='ocrx_word' id='word_1_184' title='bbox 770 1462 802 1496; x_wconf 88' lang='lat'>&amp;</span> <span class='ocrx_word' id='word_1_185' title='bbox 816 1462 849 1495; x_wconf 94' lang='lat' dir='ltr'>in</span> <span class='ocrx_word' id='word_1_186' title='bbox 863 1462 929 1505; x_wconf 88' lang='lat' dir='ltr'>ipsa</span> <span class='ocrx_word' id='word_1_187' title='bbox 943 1460 1108 1504; x_wconf 75' lang='lat' dir='ltr'>pastione,</span> 
     </span>
     <span class='ocr_line' id='line_1_27' title="bbox 227 1510 1109 1555; baseline -0.002 -10"><span class='ocrx_word' id='word_1_188' title='bbox 227 1512 380 1555; x_wconf 79' lang='lat' dir='ltr'>quamvis</span> <span class='ocrx_word' id='word_1_189' title='bbox 403 1512 459 1546; x_wconf 90' lang='lat' dir='ltr'>ille</span> <span class='ocrx_word' id='word_1_190' title='bbox 486 1513 642 1555; x_wconf 56' lang='lat' dir='ltr'>perfectus</span> <span class='ocrx_word' id='word_1_191' title='bbox 666 1511 801 1553; x_wconf 86' lang='lat' dir='ltr'>horno,</span> <span class='ocrx_word' id='word_1_192' title='bbox 828 1512 845 1546; x_wconf 72' lang='lat' dir='ltr'>a</span> <span class='ocrx_word' id='word_1_193' title='bbox 869 1510 1006 1555; x_wconf 65' lang='lat' dir='ltr'>perfecie</span> <span class='ocrx_word' id='word_1_194' title='bbox 1034 1510 1109 1544; x_wconf 85' lang='lat' dir='ltr'>Deo</span> 
     </span>
     <span class='ocr_line' id='line_1_28' title="bbox 226 1559 1109 1616; baseline -0.003 -21"><span class='ocrx_word' id='word_1_195' title='bbox 226 1563 426 1606; x_wconf 82' lang='lat' dir='ltr'>susceptus,</span> <span class='ocrx_word' id='word_1_196' title='bbox 452 1561 614 1616; x_wconf 84' lang='lat' dir='ltr'>impiam</span> <span class='ocrx_word' id='word_1_197' title='bbox 610 1564 754 1595; x_wconf 86' lang='lat' dir='ltr'>moriens</span> <span class='ocrx_word' id='word_1_198' title='bbox 777 1563 822 1594; x_wconf 92' lang='lat' dir='ltr'>in</span> <span class='ocrx_word' id='word_1_199' title='bbox 837 1572 934 1595; x_wconf 86' lang='lat' dir='ltr'>cruce</span> <span class='ocrx_word' id='word_1_200' title='bbox 970 1559 1109 1604; x_wconf 84' lang='lat' dir='ltr'>patiatur</span> 
     </span>
     <span class='ocr_line' id='line_1_29' title="bbox 220 1597 1108 1655; baseline 0 -12"><span class='ocrx_word' id='word_1_201' title='bbox 220 1615 381 1655; x_wconf 53' lang='lat' dir='ltr'>qooenam,</span> <span class='ocrx_word' id='word_1_202' title='bbox 407 1621 516 1645; x_wconf 82' lang='lat' dir='ltr'>tamen</span> <span class='ocrx_word' id='word_1_203' title='bbox 538 1597 651 1654; x_wconf 89' lang='lat' dir='ltr'>&amp;ipse</span> <span class='ocrx_word' id='word_1_204' title='bbox 676 1610 877 1654; x_wconf 84' lang='lat' dir='ltr'>impassibilis</span> <span class='ocrx_word' id='word_1_205' title='bbox 887 1611 977 1644; x_wconf 88' lang='lat' dir='ltr'>Deus</span> <span class='ocrx_word' id='word_1_206' title='bbox 999 1610 1033 1643; x_wconf 88' lang='lat' dir='ltr'>in</span> <span class='ocrx_word' id='word_1_207' title='bbox 1056 1620 1108 1643; x_wconf 90' lang='lat' dir='ltr'>co-</span> 
     </span>
     <span class='ocr_line' id='line_1_30' title="bbox 225 1659 1110 1704; baseline -0.002 -9"><span class='ocrx_word' id='word_1_208' title='bbox 225 1659 302 1695; x_wconf 80' lang='lat' dir='ltr'>dem</span> <span class='ocrx_word' id='word_1_209' title='bbox 328 1661 347 1694; x_wconf 67' lang='lat' dir='ltr'>a</span> <span class='ocrx_word' id='word_1_210' title='bbox 373 1660 404 1694; x_wconf 90' lang='lat' dir='ltr'>se</span> <span class='ocrx_word' id='word_1_211' title='bbox 429 1661 576 1704; x_wconf 88' lang='lat' dir='ltr'>suscepto</span> <span class='ocrx_word' id='word_1_212' title='bbox 601 1662 742 1704; x_wconf 74' lang='lat' dir='ltr'>perfesto</span> <span class='ocrx_word' id='word_1_213' title='bbox 769 1659 937 1700; x_wconf 85' lang='lat' dir='ltr'>homine,</span> <span class='ocrx_word' id='word_1_214' title='bbox 964 1659 1110 1703; x_wconf 83' lang='lat' dir='ltr'>quamvis</span> 
     </span>
     <span class='ocr_line' id='line_1_31' title="bbox 226 1710 1110 1755; baseline -0.001 -11"><span class='ocrx_word' id='word_1_215' title='bbox 226 1710 406 1755; x_wconf 71' lang='lat' dir='ltr'>pastionem</span> <span class='ocrx_word' id='word_1_216' title='bbox 419 1721 487 1743; x_wconf 92' lang='lat' dir='ltr'>non</span> <span class='ocrx_word' id='word_1_217' title='bbox 498 1710 711 1751; x_wconf 88' lang='lat' dir='ltr'>sustinuerit,</span> <span class='ocrx_word' id='word_1_218' title='bbox 741 1720 850 1745; x_wconf 86' lang='lat' dir='ltr'>tamen</span> <span class='ocrx_word' id='word_1_219' title='bbox 875 1710 1029 1753; x_wconf 82' lang='lat' dir='ltr'>injuriam</span> <span class='ocrx_word' id='word_1_220' title='bbox 1046 1711 1110 1753; x_wconf 83' lang='lat' dir='ltr'>pas-</span> 
     </span>
     <span class='ocr_line' id='line_1_32' title="bbox 225 1759 1115 1810; baseline 0 -16"><span class='ocrx_word' id='word_1_221' title='bbox 225 1760 352 1795; x_wconf 77' lang='lat' dir='ltr'>susest.</span> <span class='ocrx_word' id='word_1_222' title='bbox 381 1759 471 1794; x_wconf 91' lang='lat' dir='ltr'>Nam</span> <span class='ocrx_word' id='word_1_223' title='bbox 489 1760 638 1805; x_wconf 86' lang='lat' dir='ltr'>sicutqui</span> <span class='ocrx_word' id='word_1_224' title='bbox 661 1761 892 1795; x_wconf 86' lang='lat' dir='ltr'>indumentum</span> <span class='ocrx_word' id='word_1_225' title='bbox 904 1760 1088 1794; x_wconf 86' lang='lat' dir='ltr'>conscindit</span> <span class='ocrx_word' id='word_1_226' title='bbox 1101 1782 1115 1810; x_wconf 39' lang='lat'>‚&#39;</span> 
     </span>
     <span class='ocr_line' id='line_1_33' title="bbox 226 1802 1115 1855; baseline 0 -11"><span class='ocrx_word' id='word_1_227' title='bbox 226 1810 349 1845; x_wconf 84' lang='lat' dir='ltr'>induto</span> <span class='ocrx_word' id='word_1_228' title='bbox 370 1810 448 1844; x_wconf 86' lang='lat' dir='ltr'>facit</span> <span class='ocrx_word' id='word_1_229' title='bbox 475 1810 626 1855; x_wconf 83' lang='lat' dir='ltr'>injuriam</span> <span class='ocrx_word' id='word_1_230' title='bbox 651 1834 662 1850; x_wconf 91' lang='lat'>‚</span> <span class='ocrx_word' id='word_1_231' title='bbox 688 1811 732 1845; x_wconf 90' lang='lat' dir='ltr'>ita</span> <span class='ocrx_word' id='word_1_232' title='bbox 755 1812 789 1845; x_wconf 90' lang='lat'>&amp;</span> <span class='ocrx_word' id='word_1_233' title='bbox 813 1811 870 1854; x_wconf 89' lang='lat' dir='ltr'>qui</span> <span class='ocrx_word' id='word_1_234' title='bbox 892 1821 1023 1846; x_wconf 86' lang='lat' dir='ltr'>carnem</span> <span class='ocrx_word' id='word_1_235' title='bbox 1044 1802 1115 1852; x_wconf 85' lang='lat' dir='ltr'>ejus</span> 
     </span>
     <span class='ocr_line' id='line_1_34' title="bbox 227 1860 1111 1905; baseline -0.001 -10"><span class='ocrx_word' id='word_1_236' title='bbox 227 1860 494 1901; x_wconf 82' lang='lat' dir='ltr'>crucifixerunt,</span> <span class='ocrx_word' id='word_1_237' title='bbox 521 1861 703 1896; x_wconf 86' lang='lat' dir='ltr'>Divinitati</span> <span class='ocrx_word' id='word_1_238' title='bbox 729 1861 794 1905; x_wconf 77' lang='lat' dir='ltr'>ejus</span> <span class='ocrx_word' id='word_1_239' title='bbox 818 1860 969 1904; x_wconf 81' lang='lat' dir='ltr'>injuriam</span> <span class='ocrx_word' id='word_1_240' title='bbox 998 1860 1111 1894; x_wconf 90' lang='lat' dir='ltr'>intule-</span> 
     </span>
     <span class='ocr_line' id='line_1_35' title="bbox 227 1909 1108 1956; baseline -0.002 -11"><span class='ocrx_word' id='word_1_241' title='bbox 227 1921 304 1945; x_wconf 82' lang='lat' dir='ltr'>runt</span> <span class='ocrx_word' id='word_1_242' title='bbox 315 1935 322 1943; x_wconf 92' lang='lat'><strong>.</strong></span> <span class='ocrx_word' id='word_1_243' title='bbox 349 1910 449 1946; x_wconf 90' lang='lat' dir='ltr'>Hanc</span> <span class='ocrx_word' id='word_1_244' title='bbox 459 1910 538 1956; x_wconf 72' lang='lat' dir='ltr'>ergo</span> <span class='ocrx_word' id='word_1_245' title='bbox 548 1911 766 1946; x_wconf 84' lang='lat' dir='ltr'>Divinitatis&#39;</span> <span class='ocrx_word' id='word_1_246' title='bbox 759 1912 910 1955; x_wconf 83' lang='lat' dir='ltr'>injuriam</span> <span class='ocrx_word' id='word_1_247' title='bbox 923 1911 1037 1946; x_wconf 86' lang='lat' dir='ltr'>omnia</span> <span class='ocrx_word' id='word_1_248' title='bbox 1048 1909 1108 1944; x_wconf 91' lang='lat' dir='ltr'>ele-</span> 
     </span>
    </p>
   </div>
   <div class='ocr_carea' id='block_1_3' title="bbox 161 1961 1111 2007">
    <p class='ocr_par' dir='ltr' id='par_1_3' title="bbox 161 1961 1111 2007">
     <span class='ocr_line' id='line_1_36' title="bbox 161 1961 1111 2007; baseline 0 -12"><span class='ocrx_word' id='word_1_249' title='bbox 161 1995 164 2000; x_wconf 69' lang='lat'><em>,</em></span> <span class='ocrx_word' id='word_1_250' title='bbox 226 1970 336 1995; x_wconf 88' lang='lat' dir='ltr'>menta</span> <span class='ocrx_word' id='word_1_251' title='bbox 360 1961 504 1997; x_wconf 84' lang='lat' dir='ltr'>videntia</span> <span class='ocrx_word' id='word_1_252' title='bbox 529 1971 747 2007; x_wconf 79' lang='lat' dir='ltr'>expaverunt.</span> <span class='ocrx_word' id='word_1_253' title='bbox 773 1962 862 1996; x_wconf 89' lang='lat' dir='ltr'>Nam</span> <span class='ocrx_word' id='word_1_254' title='bbox 875 1961 1015 2004; x_wconf 87' lang='lat' dir='ltr'>denique</span> <span class='ocrx_word' id='word_1_255' title='bbox 1029 1970 1111 1995; x_wconf 88' lang='lat' dir='ltr'>terra</span> 
     </span>
    </p>
   </div>
   <div class='ocr_carea' id='block_1_4' title="bbox 216 2012 1123 3452">
    <p class='ocr_par' dir='ltr' id='par_1_4' title="bbox 224 2012 1111 2353">
     <span class='ocr_line' id='line_1_37' title="bbox 226 2012 1111 2056; baseline -0.001 -11"><span class='ocrx_word' id='word_1_256' title='bbox 226 2012 452 2052; x_wconf 87' lang='lat' dir='ltr'>contremuit,</span> <span class='ocrx_word' id='word_1_257' title='bbox 482 2023 575 2056; x_wconf 83' lang='lat' dir='ltr'>petrae</span> <span class='ocrx_word' id='word_1_258' title='bbox 596 2013 690 2046; x_wconf 74' lang='lat' dir='ltr'>scissae</span> <span class='ocrx_word' id='word_1_259' title='bbox 713 2014 805 2051; x_wconf 91' lang='lat' dir='ltr'>sunt,</span> <span class='ocrx_word' id='word_1_260' title='bbox 838 2012 895 2046; x_wconf 90' lang='lat' dir='ltr'>Sol</span> <span class='ocrx_word' id='word_1_261' title='bbox 907 2012 992 2056; x_wconf 87' lang='lat' dir='ltr'>fugit</span> <span class='ocrx_word' id='word_1_262' title='bbox 1006 2012 1040 2045; x_wconf 90' lang='lat' dir='ltr'>in</span> <span class='ocrx_word' id='word_1_263' title='bbox 1054 2023 1111 2045; x_wconf 87' lang='lat' dir='ltr'>no—</span> 
     </span>
     <span class='ocr_line' id='line_1_38' title="bbox 227 2060 1110 2107; baseline -0.002 -12"><span class='ocrx_word' id='word_1_264' title='bbox 227 2062 311 2095; x_wconf 65' lang='lat' dir='ltr'>stem</span> <span class='ocrx_word' id='word_1_265' title='bbox 331 2086 342 2102; x_wconf 93' lang='lat'>,</span> <span class='ocrx_word' id='word_1_266' title='bbox 370 2062 465 2096; x_wconf 82' lang='lat' dir='ltr'>Luna</span> <span class='ocrx_word' id='word_1_267' title='bbox 491 2063 672 2107; x_wconf 84' lang='lat' dir='ltr'>sanguineo</span> <span class='ocrx_word' id='word_1_268' title='bbox 692 2062 804 2096; x_wconf 85' lang='lat' dir='ltr'>colore</span> <span class='ocrx_word' id='word_1_269' title='bbox 828 2061 950 2095; x_wconf 85' lang='lat' dir='ltr'>fuscata</span> <span class='ocrx_word' id='word_1_270' title='bbox 971 2061 1049 2101; x_wconf 86' lang='lat' dir='ltr'>est,</span> <span class='ocrx_word' id='word_1_271' title='bbox 1076 2060 1110 2093; x_wconf 77' lang='lat' dir='ltr'>dt</span> 
     </span>
     <span class='ocr_line' id='line_1_39' title="bbox 225 2109 1111 2154; baseline -0.005 -8"><span class='ocrx_word' id='word_1_272' title='bbox 225 2121 382 2153; x_wconf 82' lang='lat' dir='ltr'>tanquam</span> <span class='ocrx_word' id='word_1_273' title='bbox 394 2111 607 2146; x_wconf 86' lang='lat' dir='ltr'>damnatione</span> <span class='ocrx_word' id='word_1_274' title='bbox 628 2121 779 2154; x_wconf 85' lang='lat' dir='ltr'>perpetua</span> <span class='ocrx_word' id='word_1_275' title='bbox 801 2110 867 2152; x_wconf 72' lang='lat' dir='ltr'>jam</span> <span class='ocrx_word' id='word_1_276' title='bbox 879 2109 1029 2143; x_wconf 87' lang='lat' dir='ltr'>Mundus</span> <span class='ocrx_word' id='word_1_277' title='bbox 1053 2120 1111 2152; x_wconf 88' lang='lat' dir='ltr'>op·</span> 
     </span>
     <span class='ocr_line' id='line_1_40' title="bbox 225 2159 1110 2206; baseline -0.002 -12"><span class='ocrx_word' id='word_1_278' title='bbox 225 2160 344 2206; x_wconf 78' lang='lat' dir='ltr'>pressus</span> <span class='ocrx_word' id='word_1_279' title='bbox 355 2162 456 2201; x_wconf 67' lang='lat' dir='ltr'>esset,</span> <span class='ocrx_word' id='word_1_280' title='bbox 481 2161 595 2195; x_wconf 67' lang='lat' dir='ltr'>avulsae</span> <span class='ocrx_word' id='word_1_281' title='bbox 618 2161 699 2194; x_wconf 88' lang='lat' dir='ltr'>locis</span> <span class='ocrx_word' id='word_1_282' title='bbox 720 2159 903 2194; x_wconf 79' lang='lat' dir='ltr'>coelestibus</span> <span class='ocrx_word' id='word_1_283' title='bbox 924 2159 1023 2193; x_wconf 82' lang='lat' dir='ltr'>stellae</span> <span class='ocrx_word' id='word_1_284' title='bbox 1035 2169 1110 2192; x_wconf 86' lang='lat' dir='ltr'>rue-</span> 
     </span>
     <span class='ocr_line' id='line_1_41' title="bbox 224 2209 1108 2252; baseline -0.006 -7"><span class='ocrx_word' id='word_1_285' title='bbox 224 2221 324 2251; x_wconf 76' lang='lat' dir='ltr'>runt,</span> <span class='ocrx_word' id='word_1_286' title='bbox 350 2210 713 2252; x_wconf 87' lang='lat' dir='ltr'>&amp;elementorumlege</span> <span class='ocrx_word' id='word_1_287' title='bbox 724 2209 883 2247; x_wconf 78' lang='lat' dir='ltr'>confusa,</span> <span class='ocrx_word' id='word_1_288' title='bbox 909 2209 1027 2249; x_wconf 83' lang='lat' dir='ltr'>apertis</span> <span class='ocrx_word' id='word_1_289' title='bbox 1040 2218 1108 2240; x_wconf 90' lang='lat' dir='ltr'>mo-</span> 
     </span>
     <span class='ocr_line' id='line_1_42' title="bbox 226 2257 1099 2303; baseline -0.005 -9"><span class='ocrx_word' id='word_1_290' title='bbox 226 2260 415 2300; x_wconf 82' lang='lat' dir='ltr'>numentis,</span> <span class='ocrx_word' id='word_1_291' title='bbox 441 2258 564 2303; x_wconf 89' lang='lat' dir='ltr'>sepulta</span> <span class='ocrx_word' id='word_1_292' title='bbox 584 2259 648 2303; x_wconf 81' lang='lat' dir='ltr'>jam</span> <span class='ocrx_word' id='word_1_293' title='bbox 661 2258 743 2292; x_wconf 88' lang='lat' dir='ltr'>olim</span> <span class='ocrx_word' id='word_1_294' title='bbox 762 2267 899 2299; x_wconf 86' lang='lat' dir='ltr'>corpora</span> <span class='ocrx_word' id='word_1_295' title='bbox 911 2257 1035 2290; x_wconf 87' lang='lat' dir='ltr'>animas</span> <span class='ocrx_word' id='word_1_296' title='bbox 1047 2267 1099 2290; x_wconf 90' lang='lat' dir='ltr'>re-</span> 
     </span>
     <span class='ocr_line' id='line_1_43' title="bbox 227 2320 406 2353; baseline -0.011 -8"><span class='ocrx_word' id='word_1_297' title='bbox 227 2320 384 2353; x_wconf 84' lang='lat' dir='ltr'>ceperunt</span> <span class='ocrx_word' id='word_1_298' title='bbox 398 2334 406 2343; x_wconf 96' lang='lat'><strong><em>.</em></strong></span> 
     </span>
    </p>

    <p class='ocr_par' dir='ltr' id='par_1_5' title="bbox 216 2356 1111 3402">
     <span class='ocr_line' id='line_1_44' title="bbox 276 2356 1110 2405; baseline -0.002 -12"><span class='ocrx_word' id='word_1_299' title='bbox 276 2360 356 2393; x_wconf 82' lang='lat' dir='ltr'>Ideo</span> <span class='ocrx_word' id='word_1_300' title='bbox 379 2358 459 2405; x_wconf 75' lang='lat' dir='ltr'>ergo</span> <span class='ocrx_word' id='word_1_301' title='bbox 481 2357 647 2395; x_wconf 85' lang='lat' dir='ltr'>Catholici</span> <span class='ocrx_word' id='word_1_302' title='bbox 669 2369 722 2402; x_wconf 89' lang='lat' dir='ltr'>per</span> <span class='ocrx_word' id='word_1_303' title='bbox 734 2358 859 2394; x_wconf 85' lang='lat' dir='ltr'>Orbem</span> <span class='ocrx_word' id='word_1_304' title='bbox 872 2368 1024 2394; x_wconf 86' lang='lat' dir='ltr'>terrarum</span> <span class='ocrx_word' id='word_1_305' title='bbox 1037 2356 1110 2391; x_wconf 88' lang='lat' dir='ltr'>fide·</span> 
     </span>
     <span class='ocr_line' id='line_1_45' title="bbox 224 2408 1101 2451; baseline -0.002 -9"><span class='ocrx_word' id='word_1_306' title='bbox 224 2408 334 2442; x_wconf 82' lang='lat' dir='ltr'>liffimi</span> <span class='ocrx_word' id='word_1_307' title='bbox 358 2409 573 2444; x_wconf 85' lang='lat' dir='ltr'>Ecclefiarurn</span> <span class='ocrx_word' id='word_1_308' title='bbox 599 2410 759 2443; x_wconf 58' lang='lat' dir='ltr'>Doctores</span> <span class='ocrx_word' id='word_1_309' title='bbox 785 2409 961 2444; x_wconf 71' lang='lat' dir='ltr'>secundilm</span> <span class='ocrx_word' id='word_1_310' title='bbox 975 2408 1101 2451; x_wconf 82' lang='lat' dir='ltr'>Scriptu</span> 
     </span>
     <span class='ocr_line' id='line_1_46' title="bbox 223 2457 1100 2501; baseline -0.001 -8"><span class='ocrx_word' id='word_1_311' title='bbox 223 2469 333 2493; x_wconf 83' lang='lat' dir='ltr'>rarum</span> <span class='ocrx_word' id='word_1_312' title='bbox 354 2457 585 2494; x_wconf 81' lang='lat' dir='ltr'>authoritatem</span> <span class='ocrx_word' id='word_1_313' title='bbox 608 2460 687 2493; x_wconf 87' lang='lat' dir='ltr'>duas</span> <span class='ocrx_word' id='word_1_314' title='bbox 709 2460 743 2493; x_wconf 90' lang='lat' dir='ltr'>in</span> <span class='ocrx_word' id='word_1_315' title='bbox 754 2457 886 2494; x_wconf 89' lang='lat' dir='ltr'>Christo</span> <span class='ocrx_word' id='word_1_316' title='bbox 902 2462 1029 2492; x_wconf 84' lang='lat' dir='ltr'>naturas</span> <span class='ocrx_word' id='word_1_317' title='bbox 1041 2469 1100 2501; x_wconf 81' lang='lat' dir='ltr'>prae</span> 
     </span>
     <span class='ocr_line' id='line_1_47' title="bbox 224 2508 1110 2553; baseline -0.003 -11"><span class='ocrx_word' id='word_1_318' title='bbox 224 2508 358 2549; x_wconf 87' lang='lat' dir='ltr'>dicant,</span> <span class='ocrx_word' id='word_1_319' title='bbox 386 2509 581 2544; x_wconf 86' lang='lat' dir='ltr'>Divinitatis</span> <span class='ocrx_word' id='word_1_320' title='bbox 604 2511 638 2544; x_wconf 70' lang='lat'>(9⁴</span> <span class='ocrx_word' id='word_1_321' title='bbox 655 2509 867 2543; x_wconf 84' lang='lat' dir='ltr'>humanitatis.</span> <span class='ocrx_word' id='word_1_322' title='bbox 894 2511 974 2553; x_wconf 51' lang='grc' dir='ltr'>,ραι</span> <span class='ocrx_word' id='word_1_323' title='bbox 994 2514 1110 2541; x_wconf 85' lang='lat' dir='ltr'>utinam</span> 
     </span>
     <span class='ocr_line' id='line_1_48' title="bbox 222 2557 1111 2602; baseline -0.001 -9"><span class='ocrx_word' id='word_1_324' title='bbox 222 2557 418 2602; x_wconf 79' lang='lat' dir='ltr'>confideraffet</span> <span class='ocrx_word' id='word_1_325' title='bbox 440 2559 585 2599; x_wconf 74' lang='lat' dir='ltr'>Eutyches</span> <span class='ocrx_word' id='word_1_326' title='bbox 603 2572 610 2592; x_wconf 75' lang='grc' dir='ltr'><strong><em>ι</em></strong></span> <span class='ocrx_word' id='word_1_327' title='bbox 637 2559 679 2592; x_wconf 91' lang='lat' dir='ltr'>Et</span> <span class='ocrx_word' id='word_1_328' title='bbox 702 2568 751 2593; x_wconf 90' lang='lat' dir='ltr'>tot</span> <span class='ocrx_word' id='word_1_329' title='bbox 764 2571 926 2594; x_wconf 90' lang='lat' dir='ltr'>annorum</span> <span class='ocrx_word' id='word_1_330' title='bbox 938 2560 1111 2594; x_wconf 83' lang='lat' dir='ltr'>continen-</span> 
     </span>
     <span class='ocr_line' id='line_1_49' title="bbox 222 2608 1085 2654; baseline -0.002 -12"><span class='ocrx_word' id='word_1_331' title='bbox 222 2608 277 2642; x_wconf 81' lang='lat' dir='ltr'>tiae</span> <span class='ocrx_word' id='word_1_332' title='bbox 298 2608 465 2643; x_wconf 84' lang='lat' dir='ltr'>laboribus</span> <span class='ocrx_word' id='word_1_333' title='bbox 480 2608 514 2652; x_wconf 85' lang='lat' dir='ltr'>se</span> <span class='ocrx_word' id='word_1_334' title='bbox 534 2610 652 2654; x_wconf 82' lang='lat' dir='ltr'>apertis</span> <span class='ocrx_word' id='word_1_335' title='bbox 673 2609 778 2644; x_wconf 84' lang='lat' dir='ltr'>oculis</span> <span class='ocrx_word' id='word_1_336' title='bbox 800 2621 856 2643; x_wconf 88' lang='lat' dir='ltr'>non</span> <span class='ocrx_word' id='word_1_337' title='bbox 890 2609 1085 2643; x_wconf 77' lang='lat' dir='ltr'>immersisset</span> 
     </span>
     <span class='ocr_line' id='line_1_50' title="bbox 223 2658 1111 2703; baseline -0.001 -12"><span class='ocrx_word' id='word_1_338' title='bbox 223 2668 286 2692; x_wconf 79' lang='lat' dir='ltr'>nec</span> <span class='ocrx_word' id='word_1_339' title='bbox 307 2659 454 2694; x_wconf 80' lang='lat' dir='ltr'>Orientis</span> <span class='ocrx_word' id='word_1_340' title='bbox 475 2658 627 2693; x_wconf 77' lang='lat' dir='ltr'>Ecclefiis</span> <span class='ocrx_word' id='word_1_341' title='bbox 653 2660 788 2702; x_wconf 86' lang='lat' dir='ltr'>impiam</span> <span class='ocrx_word' id='word_1_342' title='bbox 801 2659 980 2703; x_wconf 69' lang='lat' dir='ltr'>protulisset</span> <span class='ocrx_word' id='word_1_343' title='bbox 996 2669 1111 2702; x_wconf 89' lang='lat' dir='ltr'>pertur-</span> 
     </span>
     <span class='ocr_line' id='line_1_51' title="bbox 223 2707 1110 2751; baseline -0.001 -9"><span class='ocrx_word' id='word_1_344' title='bbox 223 2707 413 2747; x_wconf 85' lang='lat' dir='ltr'>bationem,</span> <span class='ocrx_word' id='word_1_345' title='bbox 440 2710 656 2751; x_wconf 75' lang='lat' dir='ltr'>pei-confusas</span> <span class='ocrx_word' id='word_1_346' title='bbox 674 2709 812 2744; x_wconf 88' lang='lat' dir='ltr'>duarum</span> <span class='ocrx_word' id='word_1_347' title='bbox 836 2719 1022 2744; x_wconf 86' lang='lat' dir='ltr'>naturarum</span> <span class='ocrx_word' id='word_1_348' title='bbox 1045 2707 1110 2741; x_wconf 89' lang='lat' dir='ltr'>sub·</span> 
     </span>
     <span class='ocr_line' id='line_1_52' title="bbox 222 2757 1109 2802; baseline 0.001 -12"><span class='ocrx_word' id='word_1_349' title='bbox 222 2757 358 2791; x_wconf 79' lang='lat' dir='ltr'>ssantias</span> <span class='ocrx_word' id='word_1_350' title='bbox 369 2758 477 2791; x_wconf 88' lang='lat' dir='ltr'>Deum</span> <span class='ocrx_word' id='word_1_351' title='bbox 496 2758 672 2802; x_wconf 80' lang='lat' dir='ltr'>passibilem</span> <span class='ocrx_word' id='word_1_352' title='bbox 696 2761 930 2802; x_wconf 87' lang='lat' dir='ltr'>pronuncians.</span> <span class='ocrx_word' id='word_1_353' title='bbox 959 2759 1019 2793; x_wconf 86' lang='lat' dir='ltr'>Sed</span> <span class='ocrx_word' id='word_1_354' title='bbox 1035 2769 1109 2792; x_wconf 88' lang='lat' dir='ltr'>cum</span> 
     </span>
     <span class='ocr_line' id='line_1_53' title="bbox 222 2807 1096 2854; baseline 0.001 -14"><span class='ocrx_word' id='word_1_355' title='bbox 222 2807 260 2841; x_wconf 90' lang='lat' dir='ltr'>in</span> <span class='ocrx_word' id='word_1_356' title='bbox 274 2807 332 2841; x_wconf 88' lang='lat' dir='ltr'>ista</span> <span class='ocrx_word' id='word_1_357' title='bbox 349 2807 439 2841; x_wconf 88' lang='lat' dir='ltr'>suam</span> <span class='ocrx_word' id='word_1_358' title='bbox 462 2808 652 2843; x_wconf 86' lang='lat' dir='ltr'>sententiam</span> <span class='ocrx_word' id='word_1_359' title='bbox 681 2808 802 2844; x_wconf 80' lang='lat' dir='ltr'>Paulus</span> <span class='ocrx_word' id='word_1_360' title='bbox 823 2809 1002 2854; x_wconf 81' lang='lat' dir='ltr'>Apostolus</span> <span class='ocrx_word' id='word_1_361' title='bbox 1021 2819 1096 2842; x_wconf 90' lang='lat' dir='ltr'>com</span> 
     </span>
     <span class='ocr_line' id='line_1_54' title="bbox 222 2855 1108 2902; baseline 0 -12"><span class='ocrx_word' id='word_1_362' title='bbox 222 2855 309 2902; x_wconf 78' lang='lat' dir='ltr'>pleat</span> <span class='ocrx_word' id='word_1_363' title='bbox 331 2857 443 2892; x_wconf 85' lang='lat' dir='ltr'>dicens</span> <span class='ocrx_word' id='word_1_364' title='bbox 457 2882 467 2898; x_wconf 95' lang='lat'>‚</span> <span class='ocrx_word' id='word_1_365' title='bbox 495 2861 580 2902; x_wconf 75' lang='lat' dir='ltr'>,Quia</span> <span class='ocrx_word' id='word_1_366' title='bbox 601 2863 633 2891; x_wconf 85' lang='lat' dir='ltr'>in</span> <span class='ocrx_word' id='word_1_367' title='bbox 658 2859 815 2899; x_wconf 83' lang='lat' dir='ltr'>noviffimis</span> <span class='ocrx_word' id='word_1_368' title='bbox 838 2859 1014 2900; x_wconf 77' lang='lat' dir='ltr'>temporibus</span> <span class='ocrx_word' id='word_1_369' title='bbox 1033 2869 1108 2891; x_wconf 87' lang='lat' dir='ltr'>rece-</span> 
     </span>
     <span class='ocr_line' id='line_1_55' title="bbox 222 2908 1108 2955; baseline 0 -13"><span class='ocrx_word' id='word_1_370' title='bbox 222 2908 300 2942; x_wconf 77' lang='lat' dir='ltr'>dent</span> <span class='ocrx_word' id='word_1_371' title='bbox 320 2909 445 2950; x_wconf 86' lang='lat' dir='ltr'>quidam</span> <span class='ocrx_word' id='word_1_372' title='bbox 466 2909 486 2940; x_wconf 77' lang='grc' dir='ltr'><em>ὰ</em></span> <span class='ocrx_word' id='word_1_373' title='bbox 493 2909 576 2951; x_wconf 87' lang='lat' dir='ltr'>fide,</span> <span class='ocrx_word' id='word_1_374' title='bbox 603 2919 713 2942; x_wconf 86' lang='lat' dir='ltr'>tamen</span> <span class='ocrx_word' id='word_1_375' title='bbox 735 2920 800 2955; x_wconf 82' lang='lat' dir='ltr'>non</span> <span class='ocrx_word' id='word_1_376' title='bbox 813 2911 968 2944; x_wconf 78' lang='lat' dir='ltr'>sollicitus</span> <span class='ocrx_word' id='word_1_377' title='bbox 982 2919 1108 2953; x_wconf 85' lang='lat' dir='ltr'>praemo·</span> 
     </span>
     <span class='ocr_line' id='line_1_56' title="bbox 222 2957 1107 3003; baseline -0.001 -12"><span class='ocrx_word' id='word_1_378' title='bbox 222 2967 281 2991; x_wconf 82' lang='lat' dir='ltr'>net</span> <span class='ocrx_word' id='word_1_379' title='bbox 303 2958 436 2992; x_wconf 86' lang='lat' dir='ltr'>dicens:</span> <span class='ocrx_word' id='word_1_380' title='bbox 464 2960 618 2992; x_wconf 80' lang='lat' dir='ltr'>Attendite</span> <span class='ocrx_word' id='word_1_381' title='bbox 636 2958 791 3001; x_wconf 76' lang='lat' dir='ltr'>spiritibus</span> <span class='ocrx_word' id='word_1_382' title='bbox 806 2958 1007 3003; x_wconf 66' lang='lat' dir='ltr'>sedulioribus</span> <span class='ocrx_word' id='word_1_383' title='bbox 1020 2965 1051 2992; x_wconf 81' lang='lat' dir='ltr'>in</span> <span class='ocrx_word' id='word_1_384' title='bbox 1063 2957 1107 2997; x_wconf 74' lang='lat' dir='ltr'>by-</span> 
     </span>
     <span class='ocr_line' id='line_1_57' title="bbox 218 3007 1106 3051; baseline 0.001 -12"><span class='ocrx_word' id='word_1_385' title='bbox 218 3007 329 3050; x_wconf 76' lang='lat' dir='ltr'>pocrisi</span> <span class='ocrx_word' id='word_1_386' title='bbox 354 3010 638 3051; x_wconf 77' lang='lat' dir='ltr'>mendaciloquorum</span> <span class='ocrx_word' id='word_1_387' title='bbox 666 3034 676 3050; x_wconf 92' lang='lat'>‚</span> <span class='ocrx_word' id='word_1_388' title='bbox 702 3014 900 3044; x_wconf 74' lang='lat' dir='ltr'>cauteriatam</span> <span class='ocrx_word' id='word_1_389' title='bbox 932 3010 1106 3043; x_wconf 84' lang='lat' dir='ltr'>habentium</span> 
     </span>
     <span class='ocr_line' id='line_1_58' title="bbox 221 3055 1103 3104; baseline 0.002 -15"><span class='ocrx_word' id='word_1_390' title='bbox 221 3055 443 3099; x_wconf 69' lang='lat' dir='ltr'>conscientiam.</span> <span class='ocrx_word' id='word_1_391' title='bbox 470 3059 540 3092; x_wconf 87' lang='lat' dir='ltr'>Nisi</span> <span class='ocrx_word' id='word_1_392' title='bbox 562 3060 651 3092; x_wconf 88' lang='lat' dir='ltr'>enim</span> <span class='ocrx_word' id='word_1_393' title='bbox 679 3059 856 3094; x_wconf 79' lang='lat' dir='ltr'>secundum</span> <span class='ocrx_word' id='word_1_394' title='bbox 880 3059 1031 3104; x_wconf 83' lang='lat' dir='ltr'>Apostoli</span> <span class='ocrx_word' id='word_1_395' title='bbox 1047 3059 1103 3092; x_wconf 86' lang='lat' dir='ltr'>Di·</span> 
     </span>
     <span class='ocr_line' id='line_1_59' title="bbox 218 3108 1105 3145; baseline 0.002 -5"><span class='ocrx_word' id='word_1_396' title='bbox 218 3108 308 3141; x_wconf 71' lang='lat' dir='ltr'>Etum</span> <span class='ocrx_word' id='word_1_397' title='bbox 330 3108 540 3142; x_wconf 84' lang='lat' dir='ltr'>cauteriatam</span> <span class='ocrx_word' id='word_1_398' title='bbox 561 3109 595 3143; x_wconf 74' lang='grc' dir='ltr'>ὅ(</span> <span class='ocrx_word' id='word_1_399' title='bbox 619 3110 773 3143; x_wconf 84' lang='lat' dir='ltr'>incertam</span> <span class='ocrx_word' id='word_1_400' title='bbox 787 3111 846 3144; x_wconf 77' lang='lat' dir='ltr'>suae</span> <span class='ocrx_word' id='word_1_401' title='bbox 859 3110 933 3145; x_wconf 89' lang='lat' dir='ltr'>fidei</span> <span class='ocrx_word' id='word_1_402' title='bbox 947 3109 1105 3144; x_wconf 73' lang='lat' dir='ltr'>habuisset</span> 
     </span>
     <span class='ocr_line' id='line_1_60' title="bbox 220 3156 1123 3202; baseline 0.002 -12"><span class='ocrx_word' id='word_1_403' title='bbox 220 3156 455 3191; x_wconf 88' lang='lat' dir='ltr'>conscientiam</span> <span class='ocrx_word' id='word_1_404' title='bbox 484 3182 495 3198; x_wconf 96' lang='lat'>‚</span> <span class='ocrx_word' id='word_1_405' title='bbox 522 3169 691 3202; x_wconf 87' lang='lat' dir='ltr'>nunquam</span> <span class='ocrx_word' id='word_1_406' title='bbox 727 3169 850 3194; x_wconf 84' lang='lat' dir='ltr'>tantam</span> <span class='ocrx_word' id='word_1_407' title='bbox 880 3161 1123 3194; x_wconf 81' lang='lat' dir='ltr'>confusionem</span> 
     </span>
     <span class='ocr_line' id='line_1_61' title="bbox 222 3206 1104 3252; baseline 0.005 -13"><span class='ocrx_word' id='word_1_408' title='bbox 222 3206 374 3241; x_wconf 85' lang='lat' dir='ltr'>Ecclesiis</span> <span class='ocrx_word' id='word_1_409' title='bbox 395 3207 462 3241; x_wconf 83' lang='lat' dir='ltr'>Dei</span> <span class='ocrx_word' id='word_1_410' title='bbox 483 3209 630 3242; x_wconf 85' lang='lat' dir='ltr'>excitans</span> <span class='ocrx_word' id='word_1_411' title='bbox 645 3210 705 3242; x_wconf 83' lang='lat' dir='ltr'>suae</span> <span class='ocrx_word' id='word_1_412' title='bbox 718 3208 857 3252; x_wconf 68' lang='lat' dir='ltr'>perfidiae</span> <span class='ocrx_word' id='word_1_413' title='bbox 869 3211 974 3244; x_wconf 86' lang='lat' dir='ltr'>socios</span> <span class='ocrx_word' id='word_1_414' title='bbox 984 3210 1104 3243; x_wconf 79' lang='lat' dir='ltr'>fecisset</span> 
     </span>
     <span class='ocr_line' id='line_1_62' title="bbox 221 3257 1103 3294; baseline 0.003 -4"><span class='ocrx_word' id='word_1_415' title='bbox 221 3257 347 3290; x_wconf 67' lang='lat' dir='ltr'>sanctos</span> <span class='ocrx_word' id='word_1_416' title='bbox 366 3267 526 3291; x_wconf 88' lang='lat' dir='ltr'>trecentos</span> <span class='ocrx_word' id='word_1_417' title='bbox 548 3258 660 3292; x_wconf 87' lang='lat' dir='ltr'>decem</span> <span class='ocrx_word' id='word_1_418' title='bbox 683 3259 717 3293; x_wconf 74' lang='grc' dir='ltr'>ἀ</span> <span class='ocrx_word' id='word_1_419' title='bbox 741 3261 815 3293; x_wconf 71' lang='grc' dir='ltr'>οέὶο</span> <span class='ocrx_word' id='word_1_420' title='bbox 846 3259 954 3294; x_wconf 87' lang='lat' dir='ltr'>Patres</span> <span class='ocrx_word' id='word_1_421' title='bbox 978 3260 1103 3293; x_wconf 82' lang='lat' dir='ltr'>Nicaeni</span> 
     </span>
     <span class='ocr_line' id='line_1_63' title="bbox 220 3305 1102 3351; baseline 0.005 -12"><span class='ocrx_word' id='word_1_422' title='bbox 220 3305 366 3341; x_wconf 86' lang='lat' dir='ltr'>Concilii</span> <span class='ocrx_word' id='word_1_423' title='bbox 379 3330 391 3346; x_wconf 88' lang='lat'>,</span> <span class='ocrx_word' id='word_1_424' title='bbox 415 3319 475 3341; x_wconf 88' lang='lat' dir='ltr'>nec</span> <span class='ocrx_word' id='word_1_425' title='bbox 487 3319 554 3342; x_wconf 87' lang='lat' dir='ltr'>non</span> <span class='ocrx_word' id='word_1_426' title='bbox 566 3309 599 3342; x_wconf 88' lang='lat'>&amp;</span> <span class='ocrx_word' id='word_1_427' title='bbox 612 3307 794 3351; x_wconf 84' lang='lat' dir='ltr'>Cyrillum,</span> <span class='ocrx_word' id='word_1_428' title='bbox 821 3309 853 3343; x_wconf 72' lang='grc' dir='ltr'>δε</span> <span class='ocrx_word' id='word_1_429' title='bbox 866 3308 1102 3350; x_wconf 83' lang='lat' dir='ltr'>Athanasium,</span> 
     </span>
     <span class='ocr_line' id='line_1_64' title="bbox 216 3352 1105 3402; baseline 0.002 -10"><span class='ocrx_word' id='word_1_430' title='bbox 216 3352 363 3392; x_wconf 71' lang='lat' dir='ltr'>Felicem</span> <span class='ocrx_word' id='word_1_431' title='bbox 386 3381 397 3397; x_wconf 93' lang='lat'>‚</span> <span class='ocrx_word' id='word_1_432' title='bbox 424 3357 622 3402; x_wconf 88' lang='lat' dir='ltr'>Gregorium</span> <span class='ocrx_word' id='word_1_433' title='bbox 645 3382 655 3398; x_wconf 90' lang='lat'><strong>,</strong></span> <span class='ocrx_word' id='word_1_434' title='bbox 680 3358 713 3392; x_wconf 78' lang='grc' dir='ltr'>ὅτ.</span> <span class='ocrx_word' id='word_1_435' title='bbox 744 3357 898 3394; x_wconf 84' lang='lat' dir='ltr'>Proclum</span> <span class='ocrx_word' id='word_1_436' title='bbox 930 3384 942 3401; x_wconf 94' lang='lat'>,</span> <span class='ocrx_word' id='word_1_437' title='bbox 980 3361 1105 3395; x_wconf 73' lang='lat' dir='ltr'>sanstos</span> 
     </span>
    </p>

    <p class='ocr_par' dir='ltr' id='par_1_6' title="bbox 316 3405 753 3452">
     <span class='ocr_line' id='line_1_65' title="bbox 316 3405 753 3452; baseline 0.007 -14"><span class='ocrx_word' id='word_1_438' title='bbox 316 3405 424 3447; x_wconf 75' lang='lat' dir='ltr'>Christ.</span> <span class='ocrx_word' id='word_1_439' title='bbox 438 3409 518 3451; x_wconf 83' lang='lat' dir='ltr'>Lupi</span> <span class='ocrx_word' id='word_1_440' title='bbox 531 3412 630 3452; x_wconf 87' lang='lat' dir='ltr'>Opera</span> <span class='ocrx_word' id='word_1_441' title='bbox 642 3411 675 3440; x_wconf 89' lang='lat' dir='ltr'>T.</span> <span class='ocrx_word' id='word_1_442' title='bbox 685 3411 753 3442; x_wconf 85' lang='lat' dir='ltr'>VH.</span> 
     </span>
    </p>
   </div>
   <div class='ocr_carea' id='block_1_5' title="bbox 1164 258 2061 1302">
    <p class='ocr_par' dir='ltr' id='par_1_7' title="bbox 1171 258 2054 361">
     <span class='ocr_line' id='line_1_66' title="bbox 1171 258 2054 309; baseline 0.008 -15"><span class='ocrx_word' id='word_1_443' title='bbox 1171 260 1351 304; x_wconf 85' lang='lat' dir='ltr'>Episcopos</span> <span class='ocrx_word' id='word_1_444' title='bbox 1374 283 1385 300; x_wconf 89' lang='lat'><strong>,</strong></span> <span class='ocrx_word' id='word_1_445' title='bbox 1410 258 1469 304; x_wconf 81' lang='lat' dir='ltr'>qui</span> <span class='ocrx_word' id='word_1_446' title='bbox 1490 271 1558 294; x_wconf 85' lang='lat' dir='ltr'>non</span> <span class='ocrx_word' id='word_1_447' title='bbox 1581 262 1693 304; x_wconf 87' lang='lat' dir='ltr'>utique</span> <span class='ocrx_word' id='word_1_448' title='bbox 1713 264 1780 307; x_wconf 83' lang='lat' dir='ltr'>ejus</span> <span class='ocrx_word' id='word_1_449' title='bbox 1809 265 1977 309; x_wconf 85' lang='lat' dir='ltr'>perfidiam</span> <span class='ocrx_word' id='word_1_450' title='bbox 2011 267 2054 301; x_wconf 85' lang='lat' dir='ltr'>se-</span> 
     </span>
     <span class='ocr_line' id='line_1_67' title="bbox 1172 307 2054 361; baseline 0.008 -16"><span class='ocrx_word' id='word_1_451' title='bbox 1172 310 1323 355; x_wconf 87' lang='lat' dir='ltr'>quendo,</span> <span class='ocrx_word' id='word_1_452' title='bbox 1350 307 1404 344; x_wconf 84' lang='lat' dir='ltr'>sed</span> <span class='ocrx_word' id='word_1_453' title='bbox 1427 310 1570 354; x_wconf 83' lang='lat' dir='ltr'>superius</span> <span class='ocrx_word' id='word_1_454' title='bbox 1592 311 1609 344; x_wconf 77' lang='grc' dir='ltr'>ὲ</span> <span class='ocrx_word' id='word_1_455' title='bbox 1631 323 1701 347; x_wconf 88' lang='lat' dir='ltr'>mea</span> <span class='ocrx_word' id='word_1_456' title='bbox 1725 316 1920 350; x_wconf 86' lang='lat' dir='ltr'>Humilitate</span> <span class='ocrx_word' id='word_1_457' title='bbox 1929 316 2054 361; x_wconf 74' lang='lat' dir='ltr'>expofi</span> 
     </span>
    </p>

    <p class='ocr_par' dir='ltr' id='par_1_8' title="bbox 1171 359 2054 451">
     <span class='ocr_line' id='line_1_68' title="bbox 1172 359 2054 403; baseline 0.009 -9"><span class='ocrx_word' id='word_1_458' title='bbox 1172 372 1237 394; x_wconf 87' lang='lat' dir='ltr'>tam</span> <span class='ocrx_word' id='word_1_459' title='bbox 1259 360 1357 394; x_wconf 88' lang='lat' dir='ltr'>fidem</span> <span class='ocrx_word' id='word_1_460' title='bbox 1380 359 1532 400; x_wconf 78' lang='lat' dir='ltr'>docendo</span> <span class='ocrx_word' id='word_1_461' title='bbox 1558 361 1643 395; x_wconf 87' lang='lat' dir='ltr'>inter</span> <span class='ocrx_word' id='word_1_462' title='bbox 1661 363 1793 397; x_wconf 70' lang='lat' dir='ltr'>sanctos</span> <span class='ocrx_word' id='word_1_463' title='bbox 1804 366 1836 399; x_wconf 73' lang='grc' dir='ltr'>ὅ(</span> <span class='ocrx_word' id='word_1_464' title='bbox 1852 367 1976 401; x_wconf 62' lang='lat' dir='ltr'>Eiectos</span> <span class='ocrx_word' id='word_1_465' title='bbox 1987 363 2054 403; x_wconf 82' lang='lat' dir='ltr'>Dei</span> 
     </span>
     <span class='ocr_line' id='line_1_69' title="bbox 1170 409 2053 456; baseline 0.007 -12.007"><span class='ocrx_word' id='word_1_466' title='bbox 1170 411 1205 444; x_wconf 87' lang='lat' dir='ltr'>in</span> <span class='ocrx_word' id='word_1_467' title='bbox 1228 421 1365 444; x_wconf 89' lang='lat' dir='ltr'>numero</span> <span class='ocrx_word' id='word_1_468' title='bbox 1385 410 1419 445; x_wconf 75' lang='lat' dir='ltr'>dt</span> <span class='ocrx_word' id='word_1_469' title='bbox 1440 409 1525 445; x_wconf 82' lang='lat' dir='ltr'>libro</span> <span class='ocrx_word' id='word_1_470' title='bbox 1547 410 1728 445; x_wconf 86' lang='lat' dir='ltr'>viventium</span> <span class='ocrx_word' id='word_1_471' title='bbox 1748 411 1944 448; x_wconf 84' lang='lat' dir='ltr'>dinumerati</span> <span class='ocrx_word' id='word_1_472' title='bbox 1959 417 2053 456; x_wconf 85' lang='lat' dir='ltr'>sunt</span> 
     </span>
    </p>

    <p class='ocr_par' dir='ltr' id='par_1_9' title="bbox 1164 459 2061 1302">
     <span class='ocr_line' id='line_1_70' title="bbox 1169 459 2052 504; baseline 0.007 -11"><span class='ocrx_word' id='word_1_473' title='bbox 1169 459 1230 495; x_wconf 91' lang='lat' dir='ltr'>Sed</span> <span class='ocrx_word' id='word_1_474' title='bbox 1254 471 1289 494; x_wconf 92' lang='lat' dir='ltr'>ut</span> <span class='ocrx_word' id='word_1_475' title='bbox 1311 460 1503 504; x_wconf 87' lang='lat' dir='ltr'>simplicium</span> <span class='ocrx_word' id='word_1_476' title='bbox 1523 460 1791 504; x_wconf 88' lang='lat' dir='ltr'>&amp;imperitorum</span> <span class='ocrx_word' id='word_1_477' title='bbox 1804 463 1939 504; x_wconf 84' lang='lat' dir='ltr'>illudat,</span> <span class='ocrx_word' id='word_1_478' title='bbox 1965 465 2052 499; x_wconf 89' lang='lat' dir='ltr'>&amp;ad</span> 
     </span>
     <span class='ocr_line' id='line_1_71' title="bbox 1172 510 2052 555; baseline 0.005 -11"><span class='ocrx_word' id='word_1_479' title='bbox 1172 511 1202 544; x_wconf 91' lang='lat' dir='ltr'>se</span> <span class='ocrx_word' id='word_1_480' title='bbox 1214 510 1336 545; x_wconf 91' lang='lat' dir='ltr'>ducens</span> <span class='ocrx_word' id='word_1_481' title='bbox 1346 511 1480 545; x_wconf 87' lang='lat' dir='ltr'>aduniat</span> <span class='ocrx_word' id='word_1_482' title='bbox 1489 511 1618 545; x_wconf 82' lang='lat' dir='ltr'>animos</span> <span class='ocrx_word' id='word_1_483' title='bbox 1628 534 1640 550; x_wconf 93' lang='lat'>‚</span> <span class='ocrx_word' id='word_1_484' title='bbox 1667 511 1742 545; x_wconf 74' lang='lat' dir='ltr'>ideo</span> <span class='ocrx_word' id='word_1_485' title='bbox 1753 512 1917 555; x_wconf 71' lang='lat' dir='ltr'>ptaedistos</span> <span class='ocrx_word' id='word_1_486' title='bbox 1930 514 2052 548; x_wconf 68' lang='lat' dir='ltr'>sanstos</span> 
     </span>
     <span class='ocr_line' id='line_1_72' title="bbox 1173 559 2052 603; baseline 0.007 -11"><span class='ocrx_word' id='word_1_487' title='bbox 1173 560 1256 594; x_wconf 89' lang='lat' dir='ltr'>viros</span> <span class='ocrx_word' id='word_1_488' title='bbox 1267 584 1279 601; x_wconf 91' lang='lat'>‚</span> <span class='ocrx_word' id='word_1_489' title='bbox 1301 560 1485 596; x_wconf 81' lang='lat' dir='ltr'>Catholicae</span> <span class='ocrx_word' id='word_1_490' title='bbox 1497 561 1573 595; x_wconf 90' lang='lat' dir='ltr'>fidei</span> <span class='ocrx_word' id='word_1_491' title='bbox 1587 559 1751 595; x_wconf 85' lang='lat' dir='ltr'>Authores</span> <span class='ocrx_word' id='word_1_492' title='bbox 1762 562 1796 596; x_wconf 69' lang='grc' dir='ltr'>ὅ(</span> <span class='ocrx_word' id='word_1_493' title='bbox 1808 561 2052 603; x_wconf 68' lang='lat' dir='ltr'>praedicatores,</span> 
     </span>
     <span class='ocr_line' id='line_1_73' title="bbox 1171 610 2053 657; baseline 0.003 -15"><span class='ocrx_word' id='word_1_494' title='bbox 1171 610 1227 643; x_wconf 81' lang='lat' dir='ltr'>suae</span> <span class='ocrx_word' id='word_1_495' title='bbox 1239 621 1331 644; x_wconf 79' lang='lat' dir='ltr'>novae</span> <span class='ocrx_word' id='word_1_496' title='bbox 1353 612 1385 645; x_wconf 77' lang='grc' dir='ltr'>δε</span> <span class='ocrx_word' id='word_1_497' title='bbox 1409 611 1585 645; x_wconf 80' lang='lat' dir='ltr'>noviffimae</span> <span class='ocrx_word' id='word_1_498' title='bbox 1595 611 1735 655; x_wconf 86' lang='lat' dir='ltr'>perfidiae</span> <span class='ocrx_word' id='word_1_499' title='bbox 1745 611 1842 657; x_wconf 86' lang='lat' dir='ltr'>fingit</span> <span class='ocrx_word' id='word_1_500' title='bbox 1855 614 1917 647; x_wconf 74' lang='lat' dir='ltr'>effe</span> <span class='ocrx_word' id='word_1_501' title='bbox 1927 612 2032 647; x_wconf 78' lang='lat' dir='ltr'>socios</span> <span class='ocrx_word' id='word_1_502' title='bbox 2044 638 2053 645; x_wconf 89' lang='lat'><strong>.</strong></span> 
     </span>
     <span class='ocr_line' id='line_1_74' title="bbox 1172 659 2056 706; baseline 0.002 -13"><span class='ocrx_word' id='word_1_503' title='bbox 1172 659 1257 693; x_wconf 75' lang='lat' dir='ltr'>Vere</span> <span class='ocrx_word' id='word_1_504' title='bbox 1267 661 1302 695; x_wconf 89' lang='lat' dir='ltr'>in</span> <span class='ocrx_word' id='word_1_505' title='bbox 1325 660 1413 695; x_wconf 86' lang='lat' dir='ltr'>hunc</span> <span class='ocrx_word' id='word_1_506' title='bbox 1426 660 1643 704; x_wconf 88' lang='lat' dir='ltr'>Eutychetem</span> <span class='ocrx_word' id='word_1_507' title='bbox 1656 662 1819 705; x_wconf 86' lang='lat' dir='ltr'>completa</span> <span class='ocrx_word' id='word_1_508' title='bbox 1840 661 1886 695; x_wconf 89' lang='lat' dir='ltr'>est</span> <span class='ocrx_word' id='word_1_509' title='bbox 1899 662 2056 706; x_wconf 83' lang='lat' dir='ltr'>Apostoli</span> 
     </span>
     <span class='ocr_line' id='line_1_75' title="bbox 1170 710 2056 756; baseline 0.002 -14"><span class='ocrx_word' id='word_1_510' title='bbox 1170 710 1326 745; x_wconf 85' lang='lat' dir='ltr'>sententia</span> <span class='ocrx_word' id='word_1_511' title='bbox 1362 710 1527 746; x_wconf 84' lang='lat' dir='ltr'>dicentis:</span> <span class='ocrx_word' id='word_1_512' title='bbox 1569 710 1747 754; x_wconf 76' lang='lat' dir='ltr'>Hujicsmodi.</span> <span class='ocrx_word' id='word_1_513' title='bbox 1769 711 2056 756; x_wconf 74' lang='lat' dir='ltr'>Psi-udo-Apostoli‚</span> 
     </span>
     <span class='ocr_line' id='line_1_76' title="bbox 1171 760 2055 805; baseline 0.005 -14"><span class='ocrx_word' id='word_1_514' title='bbox 1171 763 1305 801; x_wconf 84' lang='lat' dir='ltr'>operarii</span> <span class='ocrx_word' id='word_1_515' title='bbox 1329 760 1432 802; x_wconf 83' lang='lat' dir='ltr'>dolosi,</span> <span class='ocrx_word' id='word_1_516' title='bbox 1457 762 1676 805; x_wconf 80' lang='lat' dir='ltr'>transfigurant</span> <span class='ocrx_word' id='word_1_517' title='bbox 1683 760 1717 804; x_wconf 88' lang='lat' dir='ltr'>se</span> <span class='ocrx_word' id='word_1_518' title='bbox 1727 766 1759 795; x_wconf 82' lang='lat' dir='ltr'>in</span> <span class='ocrx_word' id='word_1_519' title='bbox 1770 761 1911 805; x_wconf 78' lang='lat' dir='ltr'>Apostolos</span> <span class='ocrx_word' id='word_1_520' title='bbox 1925 761 2035 803; x_wconf 79' lang='lat' dir='ltr'>christi</span> <span class='ocrx_word' id='word_1_521' title='bbox 2047 787 2055 795; x_wconf 93' lang='lat'>.</span> 
     </span>
     <span class='ocr_line' id='line_1_77' title="bbox 1171 810 2057 857; baseline 0.007 -17"><span class='ocrx_word' id='word_1_522' title='bbox 1171 812 1216 841; x_wconf 89' lang='lat' dir='ltr'>Et</span> <span class='ocrx_word' id='word_1_523' title='bbox 1238 822 1295 842; x_wconf 91' lang='lat' dir='ltr'>non</span> <span class='ocrx_word' id='word_1_524' title='bbox 1309 816 1430 844; x_wconf 84' lang='lat' dir='ltr'>mirum.</span> <span class='ocrx_word' id='word_1_525' title='bbox 1461 810 1528 855; x_wconf 85' lang='lat' dir='ltr'>Ipse</span> <span class='ocrx_word' id='word_1_526' title='bbox 1540 817 1618 845; x_wconf 80' lang='lat' dir='ltr'>enim</span> <span class='ocrx_word' id='word_1_527' title='bbox 1641 810 1793 846; x_wconf 80' lang='lat' dir='ltr'>sathanas</span> <span class='ocrx_word' id='word_1_528' title='bbox 1803 810 2057 857; x_wconf 69' lang='lat' dir='ltr'>transfigurasse,</span> 
     </span>
     <span class='ocr_line' id='line_1_78' title="bbox 1164 857 2058 907; baseline 0.006 -17"><span class='ocrx_word' id='word_1_529' title='bbox 1164 857 1234 898; x_wconf 81' lang='lat' dir='ltr'>ficut</span> <span class='ocrx_word' id='word_1_530' title='bbox 1260 861 1400 906; x_wconf 80' lang='lat' dir='ltr'>Angelum</span> <span class='ocrx_word' id='word_1_531' title='bbox 1422 862 1512 906; x_wconf 68' lang='lat' dir='ltr'>(ucis.</span> <span class='ocrx_word' id='word_1_532' title='bbox 1545 866 1618 894; x_wconf 88' lang='lat' dir='ltr'>Non</span> <span class='ocrx_word' id='word_1_533' title='bbox 1628 864 1694 906; x_wconf 75' lang='lat' dir='ltr'>ergii</span> <span class='ocrx_word' id='word_1_534' title='bbox 1713 874 1853 907; x_wconf 84' lang='lat' dir='ltr'>magnum</span> <span class='ocrx_word' id='word_1_535' title='bbox 1866 887 1878 904; x_wconf 90' lang='lat'>,</span> <span class='ocrx_word' id='word_1_536' title='bbox 1896 861 2058 904; x_wconf 82' lang='lat' dir='ltr'>siminiflri</span> 
     </span>
     <span class='ocr_line' id='line_1_79' title="bbox 1170 910 2059 957; baseline 0.007 -17"><span class='ocrx_word' id='word_1_537' title='bbox 1170 910 1233 950; x_wconf 81' lang='lat' dir='ltr'>eju&#39;s</span> <span class='ocrx_word' id='word_1_538' title='bbox 1246 910 1576 955; x_wconf 74' lang='lat' dir='ltr'>transfigurenturficut</span> <span class='ocrx_word' id='word_1_539' title='bbox 1601 910 1723 951; x_wconf 81' lang='lat' dir='ltr'>ministri</span> <span class='ocrx_word' id='word_1_540' title='bbox 1738 913 1897 957; x_wconf 79' lang='lat' dir='ltr'>Justitiae:</span> <span class='ocrx_word' id='word_1_541' title='bbox 1922 914 2059 956; x_wconf 63' lang='lat' dir='ltr'>Quarum</span> 
     </span>
     <span class='ocr_line' id='line_1_80' title="bbox 1167 958 2059 1005; baseline 0.008 -15"><span class='ocrx_word' id='word_1_542' title='bbox 1167 958 1240 999; x_wconf 84' lang='lat' dir='ltr'>finis</span> <span class='ocrx_word' id='word_1_543' title='bbox 1263 959 1300 999; x_wconf 83' lang='lat' dir='ltr'>est</span> <span class='ocrx_word' id='word_1_544' title='bbox 1320 959 1476 1003; x_wconf 53' lang='lat' dir='ltr'>‚secundam</span> <span class='ocrx_word' id='word_1_545' title='bbox 1498 968 1692 1005; x_wconf 81' lang='lat' dir='ltr'>operationem</span> <span class='ocrx_word' id='word_1_546' title='bbox 1723 973 1820 996; x_wconf 87' lang='lat' dir='ltr'>eorum</span> <span class='ocrx_word' id='word_1_547' title='bbox 1839 988 1845 996; x_wconf 95' lang='lat'><em>.</em></span> <span class='ocrx_word' id='word_1_548' title='bbox 1874 961 2059 997; x_wconf 74' lang='lat' dir='ltr'>Secundum</span> 
     </span>
     <span class='ocr_line' id='line_1_81' title="bbox 1169 1006 2060 1054; baseline 0.006 -12"><span class='ocrx_word' id='word_1_549' title='bbox 1169 1006 1255 1043; x_wconf 86' lang='lat' dir='ltr'>hanc</span> <span class='ocrx_word' id='word_1_550' title='bbox 1266 1009 1347 1054; x_wconf 76' lang='lat' dir='ltr'>ergo</span> <span class='ocrx_word' id='word_1_551' title='bbox 1360 1009 1512 1053; x_wconf 84' lang='lat' dir='ltr'>Apostoli</span> <span class='ocrx_word' id='word_1_552' title='bbox 1526 1013 1719 1045; x_wconf 89' lang='lat' dir='ltr'>sententiam</span> <span class='ocrx_word' id='word_1_553' title='bbox 1730 1037 1740 1053; x_wconf 92' lang='lat'><strong>,</strong></span> <span class='ocrx_word' id='word_1_554' title='bbox 1767 1022 1844 1046; x_wconf 88' lang='lat' dir='ltr'>cum</span> <span class='ocrx_word' id='word_1_555' title='bbox 1856 1014 1893 1047; x_wconf 79' lang='lat' dir='ltr'>sit</span> <span class='ocrx_word' id='word_1_556' title='bbox 1913 1013 2060 1047; x_wconf 78' lang='lat' dir='ltr'>minister</span> 
     </span>
     <span class='ocr_line' id='line_1_82' title="bbox 1171 1057 2060 1105; baseline 0.006 -13"><span class='ocrx_word' id='word_1_557' title='bbox 1171 1057 1307 1102; x_wconf 63' lang='lat' dir='ltr'>perfidia</span> <span class='ocrx_word' id='word_1_558' title='bbox 1319 1082 1330 1099; x_wconf 92' lang='lat'>‚</span> <span class='ocrx_word' id='word_1_559' title='bbox 1354 1059 1480 1094; x_wconf 86' lang='lat' dir='ltr'>simulat</span> <span class='ocrx_word' id='word_1_560' title='bbox 1496 1060 1526 1093; x_wconf 92' lang='lat' dir='ltr'>se</span> <span class='ocrx_word' id='word_1_561' title='bbox 1538 1059 1662 1093; x_wconf 89' lang='lat' dir='ltr'>socium</span> <span class='ocrx_word' id='word_1_562' title='bbox 1672 1063 1732 1094; x_wconf 79' lang='lat' dir='ltr'>efle</span> <span class='ocrx_word' id='word_1_563' title='bbox 1744 1062 1900 1096; x_wconf 85' lang='lat' dir='ltr'>ministris</span> <span class='ocrx_word' id='word_1_564' title='bbox 1910 1062 2037 1105; x_wconf 74' lang='lat' dir='ltr'>justitia:</span> <span class='ocrx_word' id='word_1_565' title='bbox 2046 1089 2060 1104; x_wconf 81' lang='lat'>,</span> 
     </span>
     <span class='ocr_line' id='line_1_83' title="bbox 1169 1108 2060 1153; baseline 0.006 -10"><span class='ocrx_word' id='word_1_566' title='bbox 1169 1109 1187 1143; x_wconf 75' lang='grc' dir='ltr'>ὸ.</span> <span class='ocrx_word' id='word_1_567' title='bbox 1211 1108 1329 1151; x_wconf 89' lang='lat' dir='ltr'>quibus</span> <span class='ocrx_word' id='word_1_568' title='bbox 1350 1109 1528 1153; x_wconf 61' lang='lat' dir='ltr'>praedictam</span> <span class='ocrx_word' id='word_1_569' title='bbox 1549 1108 1626 1143; x_wconf 86' lang='lat' dir='ltr'>fidei</span> <span class='ocrx_word' id='word_1_570' title='bbox 1641 1109 1756 1144; x_wconf 80' lang='lat' dir='ltr'>nostrae</span> <span class='ocrx_word' id='word_1_571' title='bbox 1768 1121 1826 1143; x_wconf 87' lang='lat' dir='ltr'>non</span> <span class='ocrx_word' id='word_1_572' title='bbox 1836 1113 1961 1153; x_wconf 87' lang='lat' dir='ltr'>tenuit,</span> <span class='ocrx_word' id='word_1_573' title='bbox 1988 1113 2006 1146; x_wconf 73' lang='grc' dir='ltr'>ὲ</span> <span class='ocrx_word' id='word_1_574' title='bbox 2026 1114 2060 1148; x_wconf 90' lang='lat' dir='ltr'>se</span> 
     </span>
     <span class='ocr_line' id='line_1_84' title="bbox 1170 1158 2061 1203; baseline 0.001 -9"><span class='ocrx_word' id='word_1_575' title='bbox 1170 1160 1299 1194; x_wconf 72' lang='lat' dir='ltr'>dostam</span> <span class='ocrx_word' id='word_1_576' title='bbox 1312 1159 1462 1203; x_wconf 86' lang='lat' dir='ltr'>exposuit</span> <span class='ocrx_word' id='word_1_577' title='bbox 1480 1158 1662 1194; x_wconf 85' lang='lat' dir='ltr'>rationem:</span> <span class='ocrx_word' id='word_1_578' title='bbox 1689 1159 1778 1192; x_wconf 80' lang='lat' dir='ltr'>luter</span> <span class='ocrx_word' id='word_1_579' title='bbox 1805 1170 1945 1201; x_wconf 86' lang='lat' dir='ltr'>quorum</span> <span class='ocrx_word' id='word_1_580' title='bbox 1967 1160 2061 1195; x_wconf 77' lang='lat' dir='ltr'>disci-</span> 
     </span>
     <span class='ocr_line' id='line_1_85' title="bbox 1173 1207 2060 1254; baseline 0.002 -11"><span class='ocrx_word' id='word_1_581' title='bbox 1173 1210 1288 1253; x_wconf 74' lang='lat' dir='ltr'>pulos,</span> <span class='ocrx_word' id='word_1_582' title='bbox 1314 1209 1346 1243; x_wconf 73' lang='grc' dir='ltr'>δε</span> <span class='ocrx_word' id='word_1_583' title='bbox 1371 1208 1572 1243; x_wconf 73' lang='lat' dir='ltr'>dulcissimos</span> <span class='ocrx_word' id='word_1_584' title='bbox 1599 1207 1711 1243; x_wconf 88' lang='lat' dir='ltr'>fideles</span> <span class='ocrx_word' id='word_1_585' title='bbox 1738 1207 1813 1242; x_wconf 83' lang='lat' dir='ltr'>fidei</span> <span class='ocrx_word' id='word_1_586' title='bbox 1840 1210 1926 1244; x_wconf 82' lang='lat' dir='ltr'>filios</span> <span class='ocrx_word' id='word_1_587' title='bbox 1960 1211 2060 1254; x_wconf 83' lang='lat' dir='ltr'>cupio</span> 
     </span>
     <span class='ocr_line' id='line_1_86' title="bbox 1171 1258 2060 1302; baseline 0.002 -9"><span class='ocrx_word' id='word_1_588' title='bbox 1171 1269 1260 1295; x_wconf 87' lang='lat' dir='ltr'>tuam</span> <span class='ocrx_word' id='word_1_589' title='bbox 1274 1258 1495 1294; x_wconf 87' lang='lat' dir='ltr'>Nobilitatem</span> <span class='ocrx_word' id='word_1_590' title='bbox 1505 1269 1633 1293; x_wconf 85' lang='lat' dir='ltr'>mecum</span> <span class='ocrx_word' id='word_1_591' title='bbox 1645 1259 1764 1302; x_wconf 89' lang='lat' dir='ltr'>pariter</span> <span class='ocrx_word' id='word_1_592' title='bbox 1775 1258 1910 1294; x_wconf 86' lang='lat' dir='ltr'>adscribi</span> <span class='ocrx_word' id='word_1_593' title='bbox 1925 1283 1936 1299; x_wconf 90' lang='lat'><strong>,</strong></span> <span class='ocrx_word' id='word_1_594' title='bbox 1959 1270 1996 1294; x_wconf 91' lang='lat' dir='ltr'>ut</span> <span class='ocrx_word' id='word_1_595' title='bbox 2006 1272 2060 1295; x_wconf 90' lang='lat' dir='ltr'>eo-</span> 
     </span>
    </p>
   </div>
   <div class='ocr_carea' id='block_1_6' title="bbox 1171 1307 2063 1355">
    <p class='ocr_par' dir='ltr' id='par_1_10' title="bbox 1171 1307 2063 1355">
     <span class='ocr_line' id='line_1_87' title="bbox 1171 1307 2063 1355; baseline 0.002 -12"><span class='ocrx_word' id='word_1_596' title='bbox 1171 1321 1242 1344; x_wconf 89' lang='lat' dir='ltr'>rum</span> <span class='ocrx_word' id='word_1_597' title='bbox 1255 1334 1265 1350; x_wconf 90' lang='lat'>,</span> <span class='ocrx_word' id='word_1_598' title='bbox 1292 1309 1314 1342; x_wconf 81' lang='lat' dir='ltr'>fi</span> <span class='ocrx_word' id='word_1_599' title='bbox 1327 1321 1487 1344; x_wconf 88' lang='lat' dir='ltr'>meremur</span> <span class='ocrx_word' id='word_1_600' title='bbox 1500 1333 1512 1350; x_wconf 90' lang='lat'><strong><em>,</em></strong></span> <span class='ocrx_word' id='word_1_601' title='bbox 1539 1309 1707 1353; x_wconf 86' lang='lat' dir='ltr'>sequentes</span> <span class='ocrx_word' id='word_1_602' title='bbox 1719 1307 1794 1343; x_wconf 87' lang='lat' dir='ltr'>fidei</span> <span class='ocrx_word' id='word_1_603' title='bbox 1808 1309 1943 1355; x_wconf 83' lang='lat' dir='ltr'>vestigia</span> <span class='ocrx_word' id='word_1_604' title='bbox 1957 1334 1967 1350; x_wconf 91' lang='lat'>‚</span> <span class='ocrx_word' id='word_1_605' title='bbox 1993 1322 2063 1354; x_wconf 88' lang='lat' dir='ltr'>pre·</span> 
     </span>
    </p>
   </div>
   <div class='ocr_carea' id='block_1_7' title="bbox 1170 1358 2060 1545">
    <p class='ocr_par' dir='ltr' id='par_1_11' title="bbox 1170 1358 2060 1545">
     <span class='ocr_line' id='line_1_88' title="bbox 1170 1358 2059 1403; baseline 0.001 -10"><span class='ocrx_word' id='word_1_606' title='bbox 1170 1360 1261 1394; x_wconf 90' lang='lat' dir='ltr'>cibus</span> <span class='ocrx_word' id='word_1_607' title='bbox 1278 1359 1312 1392; x_wconf 90' lang='lat' dir='ltr'>in</span> <span class='ocrx_word' id='word_1_608' title='bbox 1333 1359 1446 1394; x_wconf 87' lang='lat' dir='ltr'>futuro</span> <span class='ocrx_word' id='word_1_609' title='bbox 1470 1359 1591 1403; x_wconf 85' lang='lat' dir='ltr'>judicio</span> <span class='ocrx_word' id='word_1_610' title='bbox 1612 1358 1869 1394; x_wconf 86' lang='lat' dir='ltr'>misericordiam</span> <span class='ocrx_word' id='word_1_611' title='bbox 1889 1361 2059 1403; x_wconf 85' lang='lat' dir='ltr'>impetrare</span> 
     </span>
     <span class='ocr_line' id='line_1_89' title="bbox 1170 1406 2060 1454; baseline 0.002 -11"><span class='ocrx_word' id='word_1_612' title='bbox 1170 1406 1353 1445; x_wconf 76' lang='lat' dir='ltr'>mereamur</span> <span class='ocrx_word' id='word_1_613' title='bbox 1363 1409 1381 1443; x_wconf 70' lang='lat' dir='ltr'>a</span> <span class='ocrx_word' id='word_1_614' title='bbox 1392 1409 1513 1454; x_wconf 87' lang='lat' dir='ltr'>triplici</span> <span class='ocrx_word' id='word_1_615' title='bbox 1528 1408 1656 1453; x_wconf 87' lang='lat' dir='ltr'>pietatis</span> <span class='ocrx_word' id='word_1_616' title='bbox 1670 1408 1762 1444; x_wconf 85' lang='lat' dir='ltr'>unita</span> <span class='ocrx_word' id='word_1_617' title='bbox 1783 1409 1966 1453; x_wconf 82' lang='lat' dir='ltr'>majestate,</span> <span class='ocrx_word' id='word_1_618' title='bbox 1992 1408 2060 1445; x_wconf 87' lang='lat' dir='ltr'>hoc</span> 
     </span>
     <span class='ocr_line' id='line_1_90' title="bbox 1170 1459 2058 1506; baseline 0.001 -11"><span class='ocrx_word' id='word_1_619' title='bbox 1170 1461 1214 1495; x_wconf 90' lang='lat' dir='ltr'>est</span> <span class='ocrx_word' id='word_1_620' title='bbox 1229 1485 1240 1502; x_wconf 92' lang='lat'>‚</span> <span class='ocrx_word' id='word_1_621' title='bbox 1268 1459 1373 1494; x_wconf 88' lang='lat' dir='ltr'>Patris</span> <span class='ocrx_word' id='word_1_622' title='bbox 1382 1459 1416 1493; x_wconf 74' lang='grc' dir='ltr'>ὅ(</span> <span class='ocrx_word' id='word_1_623' title='bbox 1428 1459 1526 1500; x_wconf 90' lang='lat' dir='ltr'>Filii,</span> <span class='ocrx_word' id='word_1_624' title='bbox 1553 1459 1588 1494; x_wconf 75' lang='grc' dir='ltr'>ἀ</span> <span class='ocrx_word' id='word_1_625' title='bbox 1598 1459 1735 1503; x_wconf 86' lang='lat' dir='ltr'>Spiritus</span> <span class='ocrx_word' id='word_1_626' title='bbox 1747 1459 1852 1496; x_wconf 65' lang='lat' dir='ltr'>Sancti</span> <span class='ocrx_word' id='word_1_627' title='bbox 1863 1484 1874 1503; x_wconf 93' lang='lat'>,</span> <span class='ocrx_word' id='word_1_628' title='bbox 1887 1460 1939 1495; x_wconf 87' lang='lat' dir='ltr'>cui</span> <span class='ocrx_word' id='word_1_629' title='bbox 1950 1461 2058 1506; x_wconf 80' lang='lat' dir='ltr'>gloria</span> 
     </span>
     <span class='ocr_line' id='line_1_91' title="bbox 1174 1510 1709 1545; baseline 0 0"><span class='ocrx_word' id='word_1_630' title='bbox 1174 1511 1210 1545; x_wconf 88' lang='lat' dir='ltr'>in</span> <span class='ocrx_word' id='word_1_631' title='bbox 1224 1510 1335 1545; x_wconf 87' lang='lat' dir='ltr'>saecula</span> <span class='ocrx_word' id='word_1_632' title='bbox 1360 1510 1548 1545; x_wconf 82' lang='lat' dir='ltr'>saeculorum</span> <span class='ocrx_word' id='word_1_633' title='bbox 1563 1532 1571 1543; x_wconf 82' lang='lat'><strong>.</strong></span> <span class='ocrx_word' id='word_1_634' title='bbox 1598 1512 1709 1545; x_wconf 77' lang='lat' dir='ltr'>Amen.</span> 
     </span>
    </p>
   </div>
   <div class='ocr_carea' id='block_1_8' title="bbox 1843 1636 2044 1645">
    <p class='ocr_par' dir='ltr' id='par_1_12' title="bbox 1843 1636 2044 1645">
     <span class='ocr_line' id='line_1_92' title="bbox 1843 1636 2044 1645; baseline -0.005 -2"><span class='ocrx_word' id='word_1_635' title='bbox 1843 1636 1880 1641; x_wconf 73' lang='lat'>—</span> <span class='ocrx_word' id='word_1_636' title='bbox 1896 1637 2044 1645; x_wconf 61' lang='lat'>——-——...</span> 
     </span>
    </p>
   </div>
   <div class='ocr_carea' id='block_1_9' title="bbox 1340 1738 1895 1790">
    <p class='ocr_par' dir='ltr' id='par_1_13' title="bbox 1340 1738 1895 1790">
     <span class='ocr_line' id='line_1_93' title="bbox 1340 1738 1895 1790; baseline -0.007 0"><span class='ocrx_word' id='word_1_637' title='bbox 1340 1738 1605 1790; x_wconf 91' lang='lat' dir='ltr'><strong>CAPUT</strong></span> <span class='ocrx_word' id='word_1_638' title='bbox 1642 1740 1895 1787; x_wconf 83' lang='lat' dir='ltr'>CCXXVI.</span> 
     </span>
    </p>
   </div>
   <div class='ocr_carea' id='block_1_10' title="bbox 1228 1877 2000 1934">
    <p class='ocr_par' dir='ltr' id='par_1_14' title="bbox 1228 1877 2000 1934">
     <span class='ocr_line' id='line_1_94' title="bbox 1228 1877 2000 1934; baseline -0.008 -11"><span class='ocrx_word' id='word_1_639' title='bbox 1228 1881 1343 1923; x_wconf 83' lang='lat' dir='ltr'>Codice</span> <span class='ocrx_word' id='word_1_640' title='bbox 1374 1880 1550 1934; x_wconf 84' lang='lat' dir='ltr'>millefimo</span> <span class='ocrx_word' id='word_1_641' title='bbox 1577 1878 1792 1932; x_wconf 78' lang='lat' dir='ltr'>trecentesimo</span> <span class='ocrx_word' id='word_1_642' title='bbox 1819 1877 2000 1930; x_wconf 75' lang='lat' dir='ltr'>vigesimo.</span> 
     </span>
    </p>
   </div>
   <div class='ocr_carea' id='block_1_11' title="bbox 1174 2001 2060 2062">
    <p class='ocr_par' dir='ltr' id='par_1_15' title="bbox 1174 2001 2060 2062">
     <span class='ocr_line' id='line_1_95' title="bbox 1174 2001 2060 2062; baseline -0.009 -11"><span class='ocrx_word' id='word_1_643' title='bbox 1174 2008 1516 2051; x_wconf 80' lang='lat' dir='ltr'>Commonitorium</span> <span class='ocrx_word' id='word_1_644' title='bbox 1538 2009 1646 2062; x_wconf 84' lang='lat' dir='ltr'>Papae</span> <span class='ocrx_word' id='word_1_645' title='bbox 1668 2005 1848 2048; x_wconf 87' lang='lat' dir='ltr'>Celcstini</span> <span class='ocrx_word' id='word_1_646' title='bbox 1868 2001 2060 2057; x_wconf 82' lang='lat' dir='ltr'>Episcopis</span> 
     </span>
    </p>
   </div>
   <div class='ocr_carea' id='block_1_12' title="bbox 1325 2061 1935 2162">
    <p class='ocr_par' dir='ltr' id='par_1_16' title="bbox 1325 2061 1935 2162">
     <span class='ocr_line' id='line_1_96' title="bbox 1325 2061 1935 2117; baseline -0.003 -11"><span class='ocrx_word' id='word_1_647' title='bbox 1325 2067 1364 2106; x_wconf 92' lang='lat'>&amp;</span> <span class='ocrx_word' id='word_1_648' title='bbox 1391 2065 1622 2117; x_wconf 84' lang='lat' dir='ltr'>Presbyteris</span> <span class='ocrx_word' id='word_1_649' title='bbox 1660 2063 1830 2103; x_wconf 87' lang='lat' dir='ltr'>euntibus</span> <span class='ocrx_word' id='word_1_650' title='bbox 1856 2061 1935 2105; x_wconf 86' lang='lat' dir='ltr'>ad-</span> 
     </span>
     <span class='ocr_line' id='line_1_97' title="bbox 1505 2123 1727 2162; baseline -0.01 0"><span class='ocrx_word' id='word_1_651' title='bbox 1505 2123 1727 2162; x_wconf 85' lang='lat' dir='ltr'>Orientem.</span> 
     </span>
    </p>
   </div>
   <div class='ocr_carea' id='block_1_13' title="bbox 1243 2216 1704 2296">
    <p class='ocr_par' dir='ltr' id='par_1_17' title="bbox 1243 2216 1704 2296">
     <span class='ocr_line' id='line_1_98' title="bbox 1243 2216 1704 2296; baseline -0.002 -21"><span class='ocrx_word' id='word_1_652' title='bbox 1243 2232 1275 2274; x_wconf 89' lang='lat' dir='ltr'><em>C</em></span> <span class='ocrx_word' id='word_1_653' title='bbox 1275 2227 1443 2275; x_wconf 70' lang='lat' dir='ltr'>eleffinus</span> <span class='ocrx_word' id='word_1_654' title='bbox 1477 2216 1679 2296; x_wconf 66' lang='lat' dir='ltr'>Epifiopns</span> <span class='ocrx_word' id='word_1_655' title='bbox 1692 2261 1704 2273; x_wconf 88' lang='lat'>.</span> 
     </span>
    </p>
   </div>
   <div class='ocr_carea' id='block_1_14' title="bbox 1245 2343 1990 2538">
    <p class='ocr_par' dir='ltr' id='par_1_18' title="bbox 1245 2343 1990 2538">
     <span class='ocr_line' id='line_1_99' title="bbox 1245 2343 1990 2414; baseline 0.001 -18"><span class='ocrx_word' id='word_1_656' title='bbox 1245 2348 1641 2396; x_wconf 86' lang='lat' dir='ltr'>Commonitorium</span> <span class='ocrx_word' id='word_1_657' title='bbox 1689 2343 1913 2414; x_wconf 86' lang='lat' dir='ltr'>Episcopis</span> <span class='ocrx_word' id='word_1_658' title='bbox 1945 2352 1990 2397; x_wconf 72' lang='grc' dir='ltr'>δε</span> 
     </span>
     <span class='ocr_line' id='line_1_100' title="bbox 1341 2416 1894 2485; baseline 0.002 -20"><span class='ocrx_word' id='word_1_659' title='bbox 1341 2417 1608 2485; x_wconf 81' lang='lat' dir='ltr'>Presbyteris</span> <span class='ocrx_word' id='word_1_660' title='bbox 1622 2416 1824 2468; x_wconf 87' lang='lat' dir='ltr'>euntibus</span> <span class='ocrx_word' id='word_1_661' title='bbox 1837 2416 1894 2466; x_wconf 86' lang='lat' dir='ltr'>ad</span> 
     </span>
     <span class='ocr_line' id='line_1_101' title="bbox 1485 2489 1743 2538; baseline 0.004 -2"><span class='ocrx_word' id='word_1_662' title='bbox 1485 2489 1715 2538; x_wconf 87' lang='lat' dir='ltr'>Orientem</span> <span class='ocrx_word' id='word_1_663' title='bbox 1729 2524 1743 2537; x_wconf 90' lang='lat'><strong><em>.</em></strong></span> 
     </span>
    </p>
   </div>
   <div class='ocr_carea' id='block_1_15' title="bbox 1164 2607 2057 3352">
    <p class='ocr_par' dir='ltr' id='par_1_19' title="bbox 1260 2607 2057 2654">
     <span class='ocr_line' id='line_1_102' title="bbox 1260 2607 2057 2654; baseline 0.004 -11"><span class='ocrx_word' id='word_1_664' title='bbox 1260 2607 1334 2643; x_wconf 91' lang='lat' dir='ltr'>Um</span> <span class='ocrx_word' id='word_1_665' title='bbox 1358 2607 1435 2643; x_wconf 87' lang='lat' dir='ltr'>Deo</span> <span class='ocrx_word' id='word_1_666' title='bbox 1457 2607 1568 2643; x_wconf 85' lang='lat' dir='ltr'>nostro</span> <span class='ocrx_word' id='word_1_667' title='bbox 1579 2632 1589 2649; x_wconf 95' lang='lat'>,</span> <span class='ocrx_word' id='word_1_668' title='bbox 1616 2609 1693 2644; x_wconf 87' lang='lat' dir='ltr'>sicut</span> <span class='ocrx_word' id='word_1_669' title='bbox 1714 2609 1877 2645; x_wconf 85' lang='lat' dir='ltr'>credimus</span> <span class='ocrx_word' id='word_1_670' title='bbox 1902 2610 1936 2645; x_wconf 86' lang='lat'>&amp;</span> <span class='ocrx_word' id='word_1_671' title='bbox 1948 2608 2057 2654; x_wconf 63' lang='lat' dir='ltr'>spera*-</span> 
     </span>
    </p>

    <p class='ocr_par' dir='ltr' id='par_1_20' title="bbox 1164 2658 2057 3352">
     <span class='ocr_line' id='line_1_103' title="bbox 1283 2658 2057 2698; baseline 0.003 -6"><span class='ocrx_word' id='word_1_672' title='bbox 1283 2670 1374 2698; x_wconf 85' lang='lat' dir='ltr'>mus,</span> <span class='ocrx_word' id='word_1_673' title='bbox 1399 2658 1536 2693; x_wconf 88' lang='lat' dir='ltr'>authore</span> <span class='ocrx_word' id='word_1_674' title='bbox 1560 2658 1599 2693; x_wconf 88' lang='lat' dir='ltr'>ad</span> <span class='ocrx_word' id='word_1_675' title='bbox 1614 2659 1773 2694; x_wconf 83' lang='lat' dir='ltr'>destinata</span> <span class='ocrx_word' id='word_1_676' title='bbox 1791 2660 1891 2694; x_wconf 88' lang='lat' dir='ltr'>vestra</span> <span class='ocrx_word' id='word_1_677' title='bbox 1904 2660 2057 2695; x_wconf 69' lang='lat' dir='ltr'>Charitas</span> 
     </span>
     <span class='ocr_line' id='line_1_104' title="bbox 1171 2707 2057 2753; baseline 0.003 -12"><span class='ocrx_word' id='word_1_678' title='bbox 1171 2709 1293 2744; x_wconf 88' lang='lat' dir='ltr'>venerit</span> <span class='ocrx_word' id='word_1_679' title='bbox 1306 2709 1378 2743; x_wconf 88' lang='lat' dir='ltr'>loca</span> <span class='ocrx_word' id='word_1_680' title='bbox 1389 2732 1400 2747; x_wconf 93' lang='lat'>,</span> <span class='ocrx_word' id='word_1_681' title='bbox 1425 2707 1464 2742; x_wconf 88' lang='lat' dir='ltr'>ad</span> <span class='ocrx_word' id='word_1_682' title='bbox 1488 2711 1617 2743; x_wconf 88' lang='lat' dir='ltr'>fratrem</span> <span class='ocrx_word' id='word_1_683' title='bbox 1638 2721 1676 2744; x_wconf 89' lang='lat' dir='ltr'>ac</span> <span class='ocrx_word' id='word_1_684' title='bbox 1700 2709 1971 2753; x_wconf 62' lang='lat' dir='ltr'>Cet-Episcopum</span> <span class='ocrx_word' id='word_1_685' title='bbox 1988 2722 2057 2747; x_wconf 69' lang='lat' dir='ltr'>,no-</span> 
     </span>
     <span class='ocr_line' id='line_1_105' title="bbox 1171 2759 2055 2803; baseline 0.002 -11"><span class='ocrx_word' id='word_1_686' title='bbox 1171 2760 1270 2793; x_wconf 84' lang='lat' dir='ltr'>strum</span> <span class='ocrx_word' id='word_1_687' title='bbox 1283 2759 1449 2803; x_wconf 90' lang='lat' dir='ltr'>Cyrillum</span> <span class='ocrx_word' id='word_1_688' title='bbox 1461 2760 1631 2793; x_wconf 87' lang='lat' dir='ltr'>confilium</span> <span class='ocrx_word' id='word_1_689' title='bbox 1647 2760 1787 2794; x_wconf 87' lang='lat' dir='ltr'>vestrum</span> <span class='ocrx_word' id='word_1_690' title='bbox 1798 2770 1899 2793; x_wconf 89' lang='lat' dir='ltr'>omne</span> <span class='ocrx_word' id='word_1_691' title='bbox 1920 2770 2055 2794; x_wconf 79' lang='lat' dir='ltr'>conver-</span> 
     </span>
     <span class='ocr_line' id='line_1_106' title="bbox 1170 2808 2054 2853; baseline -0.003 -10"><span class='ocrx_word' id='word_1_692' title='bbox 1170 2809 1250 2843; x_wconf 83' lang='lat' dir='ltr'>tite:</span> <span class='ocrx_word' id='word_1_693' title='bbox 1279 2809 1321 2843; x_wconf 89' lang='lat' dir='ltr'>Et</span> <span class='ocrx_word' id='word_1_694' title='bbox 1333 2810 1493 2853; x_wconf 86' lang='lat' dir='ltr'>quidquid</span> <span class='ocrx_word' id='word_1_695' title='bbox 1505 2810 1537 2843; x_wconf 90' lang='lat' dir='ltr'>in</span> <span class='ocrx_word' id='word_1_696' title='bbox 1552 2808 1619 2851; x_wconf 82' lang='lat' dir='ltr'>ejus</span> <span class='ocrx_word' id='word_1_697' title='bbox 1632 2812 1744 2843; x_wconf 82' lang='lat' dir='ltr'>Placito</span> <span class='ocrx_word' id='word_1_698' title='bbox 1765 2809 1930 2849; x_wconf 81' lang='lat' dir='ltr'>videritis,</span> <span class='ocrx_word' id='word_1_699' title='bbox 1957 2809 2054 2843; x_wconf 80' lang='lat' dir='ltr'>facie.</span> 
     </span>
     <span class='ocr_line' id='line_1_107' title="bbox 1171 2858 2053 2901; baseline 0.001 -9"><span class='ocrx_word' id='word_1_700' title='bbox 1171 2860 1230 2893; x_wconf 82' lang='lat' dir='ltr'>tis.</span> <span class='ocrx_word' id='word_1_701' title='bbox 1258 2858 1505 2894; x_wconf 83' lang='lat' dir='ltr'>Authoritatem</span> <span class='ocrx_word' id='word_1_702' title='bbox 1518 2859 1608 2893; x_wconf 86' lang='lat' dir='ltr'>Sedis</span> <span class='ocrx_word' id='word_1_703' title='bbox 1621 2859 1819 2901; x_wconf 81' lang='lat' dir='ltr'>Apostolicae</span> <span class='ocrx_word' id='word_1_704' title='bbox 1831 2858 1986 2892; x_wconf 88' lang='lat' dir='ltr'>custodiri</span> <span class='ocrx_word' id='word_1_705' title='bbox 1998 2860 2053 2893; x_wconf 84' lang='lat' dir='ltr'>de·</span> 
     </span>
     <span class='ocr_line' id='line_1_108' title="bbox 1170 2908 2052 2953; baseline 0 -10"><span class='ocrx_word' id='word_1_706' title='bbox 1170 2910 1244 2944; x_wconf 90' lang='lat' dir='ltr'>bere</span> <span class='ocrx_word' id='word_1_707' title='bbox 1258 2908 1447 2944; x_wconf 88' lang='lat' dir='ltr'>mandamus</span> <span class='ocrx_word' id='word_1_708' title='bbox 1463 2935 1470 2942; x_wconf 91' lang='lat'><strong>.</strong></span> <span class='ocrx_word' id='word_1_709' title='bbox 1499 2909 1664 2953; x_wconf 81' lang='lat' dir='ltr'>Siquidem</span> <span class='ocrx_word' id='word_1_710' title='bbox 1675 2909 1708 2943; x_wconf 68' lang='grc' dir='ltr'>ὃς</span> <span class='ocrx_word' id='word_1_711' title='bbox 1723 2908 1949 2942; x_wconf 72' lang='grc' dir='ltr'>ἰηίίηιέὶίοηες</span> <span class='ocrx_word' id='word_1_712' title='bbox 1961 2919 2052 2953; x_wconf 80' lang='lat' dir='ltr'>‚quae</span> 
     </span>
     <span class='ocr_line' id='line_1_109' title="bbox 1171 2957 2050 3002; baseline 0.001 -9"><span class='ocrx_word' id='word_1_713' title='bbox 1171 2959 1263 2994; x_wconf 88' lang='lat' dir='ltr'>vobis</span> <span class='ocrx_word' id='word_1_714' title='bbox 1274 2961 1397 2994; x_wconf 85' lang='lat' dir='ltr'>traditae</span> <span class='ocrx_word' id='word_1_715' title='bbox 1409 2961 1502 3000; x_wconf 90' lang='lat' dir='ltr'>sunt,</span> <span class='ocrx_word' id='word_1_716' title='bbox 1529 2957 1594 2992; x_wconf 92' lang='lat' dir='ltr'>hoc</span> <span class='ocrx_word' id='word_1_717' title='bbox 1617 2959 1817 3002; x_wconf 90' lang='lat' dir='ltr'>loquuntur,</span> <span class='ocrx_word' id='word_1_718' title='bbox 1844 2966 1879 2992; x_wconf 91' lang='lat' dir='ltr'>ut</span> <span class='ocrx_word' id='word_1_719' title='bbox 1900 2958 2050 2994; x_wconf 73' lang='lat' dir='ltr'>interesse</span> 
     </span>
     <span class='ocr_line' id='line_1_110' title="bbox 1170 3007 2050 3053; baseline -0.002 -8"><span class='ocrx_word' id='word_1_720' title='bbox 1170 3011 1359 3045; x_wconf 88' lang='lat' dir='ltr'>Conventui</span> <span class='ocrx_word' id='word_1_721' title='bbox 1373 3010 1531 3045; x_wconf 88' lang='lat' dir='ltr'>debeatis.</span> <span class='ocrx_word' id='word_1_722' title='bbox 1562 3007 1615 3042; x_wconf 82' lang='lat' dir='ltr'>Ad</span> <span class='ocrx_word' id='word_1_723' title='bbox 1627 3009 1898 3053; x_wconf 81' lang='lat' dir='ltr'>disceptationem</span> <span class='ocrx_word' id='word_1_724' title='bbox 1911 3009 1933 3041; x_wconf 86' lang='lat' dir='ltr'>si</span> <span class='ocrx_word' id='word_1_725' title='bbox 1951 3009 2050 3043; x_wconf 87' lang='lat' dir='ltr'>fuerit</span> 
     </span>
     <span class='ocr_line' id='line_1_111' title="bbox 1169 3058 2051 3102; baseline 0 -9"><span class='ocrx_word' id='word_1_726' title='bbox 1169 3060 1347 3094; x_wconf 89' lang='lat' dir='ltr'>deventum</span> <span class='ocrx_word' id='word_1_727' title='bbox 1360 3085 1370 3101; x_wconf 93' lang='lat'><strong>,</strong></span> <span class='ocrx_word' id='word_1_728' title='bbox 1396 3071 1453 3094; x_wconf 90' lang='lat' dir='ltr'>vos</span> <span class='ocrx_word' id='word_1_729' title='bbox 1464 3059 1625 3093; x_wconf 86' lang='lat' dir='ltr'>decorum</span> <span class='ocrx_word' id='word_1_730' title='bbox 1646 3059 1813 3093; x_wconf 82' lang='lat' dir='ltr'>sententiis</span> <span class='ocrx_word' id='word_1_731' title='bbox 1832 3058 1975 3102; x_wconf 85' lang='lat' dir='ltr'>judicare</span> <span class='ocrx_word' id='word_1_732' title='bbox 1995 3059 2051 3093; x_wconf 84' lang='lat' dir='ltr'>de·</span> 
     </span>
     <span class='ocr_line' id='line_1_112' title="bbox 1168 3108 2048 3156; baseline 0.001 -13"><span class='ocrx_word' id='word_1_733' title='bbox 1168 3109 1269 3152; x_wconf 84' lang='lat' dir='ltr'>betis,</span> <span class='ocrx_word' id='word_1_734' title='bbox 1299 3123 1367 3145; x_wconf 91' lang='lat' dir='ltr'>non</span> <span class='ocrx_word' id='word_1_735' title='bbox 1382 3109 1484 3144; x_wconf 86' lang='lat' dir='ltr'>subire</span> <span class='ocrx_word' id='word_1_736' title='bbox 1496 3117 1676 3142; x_wconf 86' lang='lat' dir='ltr'>certamen.</span> <span class='ocrx_word' id='word_1_737' title='bbox 1703 3108 1805 3156; x_wconf 85' lang='lat' dir='ltr'>Qod</span> <span class='ocrx_word' id='word_1_738' title='bbox 1819 3110 1840 3142; x_wconf 82' lang='lat' dir='ltr'>fi</span> <span class='ocrx_word' id='word_1_739' title='bbox 1856 3110 2048 3144; x_wconf 67' lang='lat' dir='ltr'>transastam</span> 
     </span>
     <span class='ocr_line' id='line_1_113' title="bbox 1167 3158 2046 3204; baseline -0.002 -9"><span class='ocrx_word' id='word_1_740' title='bbox 1167 3161 1337 3204; x_wconf 88' lang='lat' dir='ltr'>Synodum</span> <span class='ocrx_word' id='word_1_741' title='bbox 1348 3186 1358 3201; x_wconf 91' lang='lat'>‚</span> <span class='ocrx_word' id='word_1_742' title='bbox 1384 3161 1417 3193; x_wconf 86' lang='lat'>&amp;</span> <span class='ocrx_word' id='word_1_743' title='bbox 1428 3158 1540 3193; x_wconf 72' lang='lat' dir='ltr'>redisse</span> <span class='ocrx_word' id='word_1_744' title='bbox 1551 3169 1664 3192; x_wconf 88' lang='lat' dir='ltr'>omnes</span> <span class='ocrx_word' id='word_1_745' title='bbox 1680 3159 1860 3203; x_wconf 85' lang='lat' dir='ltr'>Episcopos</span> <span class='ocrx_word' id='word_1_746' title='bbox 1877 3159 2023 3193; x_wconf 83' lang='lat' dir='ltr'>vider-itis</span> <span class='ocrx_word' id='word_1_747' title='bbox 2035 3183 2046 3199; x_wconf 85' lang='lat'>,</span> 
     </span>
     <span class='ocr_line' id='line_1_114' title="bbox 1165 3208 2046 3254; baseline -0.002 -11"><span class='ocrx_word' id='word_1_748' title='bbox 1165 3211 1394 3254; x_wconf 76' lang='lat' dir='ltr'>requirendum</span> <span class='ocrx_word' id='word_1_749' title='bbox 1406 3210 1449 3243; x_wconf 86' lang='lat' dir='ltr'>est</span> <span class='ocrx_word' id='word_1_750' title='bbox 1464 3234 1474 3249; x_wconf 96' lang='lat'>‚</span> <span class='ocrx_word' id='word_1_751' title='bbox 1500 3208 1635 3252; x_wconf 87' lang='lat' dir='ltr'>qualiter</span> <span class='ocrx_word' id='word_1_752' title='bbox 1646 3209 1776 3244; x_wconf 88' lang='lat' dir='ltr'>fuerunt</span> <span class='ocrx_word' id='word_1_753' title='bbox 1799 3221 1848 3244; x_wconf 85' lang='lat' dir='ltr'>res</span> <span class='ocrx_word' id='word_1_754' title='bbox 1861 3209 1980 3242; x_wconf 69' lang='lat' dir='ltr'>finitae.</span> <span class='ocrx_word' id='word_1_755' title='bbox 2011 3208 2046 3242; x_wconf 85' lang='lat' dir='ltr'>Si</span> 
     </span>
     <span class='ocr_line' id='line_1_115' title="bbox 1168 3259 2048 3304; baseline -0.006 -9"><span class='ocrx_word' id='word_1_756' title='bbox 1168 3273 1223 3304; x_wconf 91' lang='lat' dir='ltr'>pro</span> <span class='ocrx_word' id='word_1_757' title='bbox 1235 3262 1367 3304; x_wconf 85' lang='lat' dir='ltr'>antiqua</span> <span class='ocrx_word' id='word_1_758' title='bbox 1382 3260 1444 3293; x_wconf 90' lang='lat' dir='ltr'>fide</span> <span class='ocrx_word' id='word_1_759' title='bbox 1457 3259 1633 3293; x_wconf 88' lang='lat' dir='ltr'>Catholica</span> <span class='ocrx_word' id='word_1_760' title='bbox 1645 3269 1692 3293; x_wconf 88' lang='lat' dir='ltr'>res</span> <span class='ocrx_word' id='word_1_761' title='bbox 1705 3260 1799 3304; x_wconf 79' lang='lat' dir='ltr'>gessae</span> <span class='ocrx_word' id='word_1_762' title='bbox 1812 3260 1884 3293; x_wconf 88' lang='lat' dir='ltr'>sunt</span> <span class='ocrx_word' id='word_1_763' title='bbox 1897 3282 1906 3298; x_wconf 88' lang='lat'><em>,</em></span> <span class='ocrx_word' id='word_1_764' title='bbox 1933 3260 1965 3293; x_wconf 78' lang='grc' dir='ltr'>ἀ</span> <span class='ocrx_word' id='word_1_765' title='bbox 1979 3259 2048 3291; x_wconf 88' lang='lat' dir='ltr'>san·</span> 
     </span>
     <span class='ocr_line' id='line_1_116' title="bbox 1164 3309 2044 3352; baseline -0.006 -8"><span class='ocrx_word' id='word_1_766' title='bbox 1164 3313 1248 3345; x_wconf 69' lang='lat' dir='ltr'>&lt;stum</span> <span class='ocrx_word' id='word_1_767' title='bbox 1261 3313 1387 3344; x_wconf 87' lang='lat' dir='ltr'>fratrem</span> <span class='ocrx_word' id='word_1_768' title='bbox 1402 3320 1510 3342; x_wconf 88' lang='lat' dir='ltr'>meum</span> <span class='ocrx_word' id='word_1_769' title='bbox 1522 3309 1689 3352; x_wconf 84' lang='lat' dir='ltr'>Cyrillum</span> <span class='ocrx_word' id='word_1_770' title='bbox 1714 3310 2044 3351; x_wconf 77' lang='lat' dir='ltr'>Constantinopolim</span> 
     </span>
    </p>
   </div>
   <div class='ocr_carea' id='block_1_16' title="bbox 1163 3357 2044 3442">
    <p class='ocr_par' dir='ltr' id='par_1_21' title="bbox 1163 3357 2044 3442">
     <span class='ocr_line' id='line_1_117' title="bbox 1163 3357 2044 3442; baseline -0.008 -46"><span class='ocrx_word' id='word_1_771' title='bbox 1163 3361 1341 3396; x_wconf 86' lang='lat' dir='ltr'>didiceritis</span> <span class='ocrx_word' id='word_1_772' title='bbox 1354 3361 1531 3405; x_wconf 66' lang='lat' dir='ltr'>profectum</span> <span class='ocrx_word' id='word_1_773' title='bbox 1544 3384 1556 3401; x_wconf 86' lang='lat'>,</span> <span class='ocrx_word' id='word_1_774' title='bbox 1582 3359 1627 3393; x_wconf 89' lang='lat' dir='ltr'>ire</span> <span class='ocrx_word' id='word_1_775' title='bbox 1638 3359 1736 3442; x_wconf 57' lang='grc' dir='ltr'>νῖζῦἰέ</span> <span class='ocrx_word' id='word_1_776' title='bbox 1746 3358 1806 3394; x_wconf 74' lang='lat' dir='ltr'>illo</span> <span class='ocrx_word' id='word_1_777' title='bbox 1827 3357 1953 3394; x_wconf 71' lang='lat' dir='ltr'>necesse</span> <span class='ocrx_word' id='word_1_778' title='bbox 1977 3358 2020 3390; x_wconf 84' lang='lat' dir='ltr'>est</span> <span class='ocrx_word' id='word_1_779' title='bbox 2033 3377 2044 3395; x_wconf 88' lang='lat'><em>,</em></span> 
     </span>
     <span class='ocr_line' id='line_1_118' title="bbox 1958 3414 1996 3441; baseline 0.026 -1"><span class='ocrx_word' id='word_1_780' title='bbox 1958 3414 1996 3441; x_wconf 74' lang='lat' dir='ltr'>ut</span> 
     </span>
    </p>
   </div>
   <div class='ocr_carea' id='block_1_17' title="bbox 2076 730 2231 761">
    <p class='ocr_par' dir='ltr' id='par_1_22' title="bbox 2076 730 2231 761">
     <span class='ocr_line' id='line_1_119' title="bbox 2076 730 2231 761; baseline -0.013 -2"><span class='ocrx_word' id='word_1_781' title='bbox 2076 730 2174 761; x_wconf 78' lang='lat' dir='ltr'>z-Cor-</span> <span class='ocrx_word' id='word_1_782' title='bbox 2188 738 2231 758; x_wconf 82' lang='grc' dir='ltr'>ιι.</span> 
     </span>
    </p>
   </div>
  </div>
 </body>
</html>
