2320 3730
597 201 903 259 Scuorus,
941 214 1000 245 ετ
1044 197 1231 244 Norrs
1273 208 1657 243 trtusrnaraz.
1867 210 1964 261 ²31

217 281 349 321 dolium
366 279 479 316 libello
499 279 645 316 debuerit
657 281 751 316 fimul
768 293 846 317 cum
861 282 997 317 duarum
1009 289 1099 314 natu-

218 343 329 368 rarum
342 331 538 375 professione
556 332 693 367 inserere
711 331 800 368 hunc
823 332 999 381 articulum
1015 342 1029 364 .·
1051 331 1098 362 Et

215 393 309 417 unm
328 382 449 424 quidem
473 385 532 416 Dei
541 382 631 416 Verbi
651 391 791 417 naturam
800 387 990 416 incarnatam
1000 388 1099 414 tamen

219 442 255 467 αι·
272 430 501 466 inhumanatam
512 457 523 473 ‚
551 434 647 467 dicere
666 444 725 466 non
737 443 880 476 negamus
893 455 901 463 .
928 429 1099 464 Contesta-

217 490 273 517 tus
290 480 337 516 est
368 482 621 527 propofitionem
647 494 727 517 cum
751 483 887 517 duarum
913 489 1100 514 naturarum

216 532 414 575 profeffione
433 531 558 576 optime
577 531 747 567 confistere
769 557 783 574 ‚
807 528 912 565 immo
941 540 1014 564 eam
1038 529 1102 562 esse

217 579 306 616 banc
321 581 424 626 ipsam
442 583 693 626 profeffionem,
715 582 753 616 ἃς
772 578 883 615 eadem
906 579 1020 614 omnia
1040 578 1102 612 effe

217 631 426 675 exploratum
446 634 554 668 Sansti
576 633 697 675 Cyrilli
708 631 832 665 sensum
841 654 854 671 ,
880 630 1017 672 ideoque
1030 627 1101 661 Eu·-

218 680 358 724 tychem
368 693 439 717 non
451 682 623 718 dumtaxat
632 683 667 716 in
673 679 896 716 orthodoxam
907 680 1076 714 veritatem
1091 702 1102 719 ‚

219 730 278 765 fed
288 731 389 767 etiam
410 732 446 766 in
463 735 616 769 Sanctum
625 730 788 775 Cyrillum
801 731 991 776 ignoranter
1001 730 1036 764 ἃ.
1045 738 1102 764 ca-

219 779 386 817 lumniose
404 783 602 828 impingere.

272 831 327 866 Ex
336 832 453 867 eodem
465 829 658 874 Eutychetis
668 833 759 867 sensu
772 832 949 876 procedens
962 829 1104 866 Diosco-

221 891 277 915 rus
295 881 482 917 Patriarcha
506 882 749 917 Alexandrinus
773 880 944 917 laudatum
978 879 1106 914 Flavia-

222 940 325 972 num,
349 932 441 976 quod
451 933 485 967 δε
496 933 576 969 duas
589 934 624 967 in
635 930 768 967 Christo
786 932 940 966 Domino
951 938 1082 964 naturas
1092 949 1103 966 ‚

220 981 261 1015 ὃς
278 992 378 1017 unam
397 983 462 1018 Dei
473 982 575 1017 Verbi
587 983 788 1015 incarnatam
800 990 950 1015 naturam
976 980 1103 1024 profite-

221 1039 332 1071 retur,
354 1033 392 1066 δε
411 1031 523 1065 ambas
543 1041 640 1064 voces
662 1030 806 1073 profiteri
821 1030 991 1065 nolentem
1004 1030 1105 1072 Euty-

221 1078 320 1112 chem
339 1079 518 1114 damnasset
539 1079 575 1113 in
602 1078 767 1123 Ephesino
787 1080 982 1115 Latrocinio
994 1080 1107 1124 degra-

219 1126 328 1162 davit.
353 1128 398 1163 Et
418 1129 459 1164 ad
481 1128 788 1165 chalcedonensem
815 1130 1011 1174 Synodum,
1038 1140 1107 1174 quae

220 1177 420 1214 Flavianum
444 1180 572 1215 censuit
602 1181 684 1215 reeta
697 1179 842 1215 docuiffe
863 1204 875 1220 ,
902 1180 1106 1223 pertinaciter

221 1227 396 1265 clamavit:
422 1228 582 1272 Mani-feste*
600 1231 666 1263 idea
684 1231 849 1264 damnatus
861 1230 902 1271 est
914 1231 1084 1263 Flavianus
1096 1253 1106 1269 ,

221 1280 362 1321 qnoniam
378 1278 442 1320 post
462 1281 674 1313 adunationem
684 1281 763 1312 duas
773 1282 857 1314 dixIt
868 1289 998 1314 naturas
1008 1302 1016 1310 .
1041 1281 1107 1323 Ego

221 1336 324 1363 autem
334 1328 495 1370 testimonia
504 1329 598 1364 babeo
608 1332 628 1363 5
629 1329 781 1364 anci'orum
799 1333 944 1369 Puerum,
972 1328 1107 1362 Athana·

213 1376 277 1420 fii,
301 1381 435 1423 Gregorii
452 1404 464 1420 ,
488 1380 592 1418 cyrilli
612 1404 625 1420 ,
650 1385 684 1412 in
705 1381 807 1413 multis
831 1381 902 1414 locis
921 1404 933 1421 ‚
957 1385 1030 1423 quia
1050 1389 1107 1413 non

224 1434 338 1470 oportet
358 1429 454 1463 dicere
467 1429 532 1470 post
551 1430 764 1463 adunationem
786 1430 862 1463 duas
874 1438 1003 1464 naturas
1019 1453 1031 1470 ,
1051 1427 1110 1474 sed

224 1489 320 1512 unam
329 1485 471 1511 naturam
481 1481 539 1512 Dei
548 1476 638 1511 Verbi
651 1483 841 1512 incarnatam
852 1503 860 1511 .
886 1482 954 1523 Ego
973 1488 1038 1511 cum
1049 1481 1108 1511 Pa-

225 1527 326 1563 aribus
344 1529 458 1569 ejicior.
486 1530 552 1571 Ego
571 1527 760 1569 defendendo
782 1530 912 1561 Parrum
937 1531 1102 1571 Dogmata.

224 1582 295 1611 Nee
303 1576 505 1619 transgredIor
513 1583 548 1610 in
556 1578 654 1619 aliquo
666 1601 674 1607 .
700 1580 746 1608 Et
756 1575 862 1610 borum
875 1576 1040 1617 testimonia
1050 1587 1109 1610 non

219 1625 412 1670 fimpliciter,
440 1636 531 1669 neque
548 1624 733 1668 tranfitorib,
752 1623 812 1668 sed
831 1631 864 1660 in
890 1625 976 1659 libris
994 1625 1103 1660 babeo.

225 1675 373 1711 Videtur
381 1676 466 1720 ipsos
475 1686 565 1711 totos
587 1675 723 1711 Pati-um
733 1675 834 1712 libros
844 1675 984 1712 retulisse
995 1674 1036 1711 ad
1046 1676 1111 1720 Sy·-

225 1725 377 1763 nodum.

279 1776 326 1811 Et
344 1774 403 1811 has
424 1777 656 1812 contentiones
665 1775 808 1812 omnino
819 1778 995 1822 respiciunt
1010 1779 1110 1822 Joan-

228 1837 289 1862 nes
298 1827 493 1863 Maxentius
503 1839 541 1863 ac
552 1827 621 1871 ejus
629 1828 780 1873 Collega
792 1828 828 1861 in
839 1828 955 1863 litteris
978 1829 1019 1862 ad
1029 1828 1112 1861 San·-

228 1880 319 1912 &um
340 1878 557 1923 Fulgentium
579 1889 618 1912 ac
628 1877 709 1911 alios
723 1878 900 1912 Africanos
913 1878 1112 1922 Episcopos:

229 1930 391 1961 Dominum
411 1927 537 1968 nostrum
548 1926 663 1972 Jeficm
689 1927 841 1967 christum
854 1934 887 1961 in
898 1927 1014 1962 duabus
1025 1937 1111 1962 natu-

229 1983 276 2011 ris
289 1999 301 2016 ,
322 1982 354 2021 ip
365 1988 426 2011 una
431 1977 559 2020 persona
565 1977 732 2018 confitemur
745 2002 754 2011 .
779 1981 847 2012 Nec
856 1978 919 2012 illis
931 1976 1114 2021 acquiescen-

230 2035 278 2062 tes
290 2032 342 2070 qui
353 2033 469 2061 unicam
482 2031 538 2062 Dei
550 2027 638 2062 Verbi
648 2038 788 2061 naturam
793 2030 1001 2071 predicantes
1012 2052 1024 2068 ‚
1050 2032 1111 2061 Ve-

229 2077 374 2112 nerabilis
394 2076 635 2118 Chalcedonenfis
660 2079 785 2110 concilii
812 2077 904 2118 fidem
936 2077 1092 2120 refugiunt
1103 2097 1114 2114 ,

228 2137 284 2161 nec
297 2127 362 2160 illos
380 2128 574 2161 admittentes
584 2150 597 2167 ,
624 2131 676 2169 qui
695 2128 774 2160 duas
794 2135 929 2172 naturq
944 2128 1040 2161 dolose
1046 2133 1113 2168 pro—

227 2182 405 2211 nunciantes
414 2188 506 2211 unam
517 2181 574 2211 Dei
586 2177 675 2210 Verbi
693 2186 838 2210 naturam
852 2182 1042 2211 incarnatam
1061 2181 1116 2209 mi-

230 2228 311 2261 nime*
332 2226 508 2268 confitentur
525 2251 537 2268 ,
562 2226 746 2260 arbitrantes
765 2226 818 2260 boc
839 2227 969 2260 duarum
989 2235 1115 2261 natura-

229 2287 300 2311 rum
313 2275 476 2318 profeffioni
491 2280 672 2310 contrarium
694 2289 705 2309 .-
731 2274 830 2321 .Quafi
848 2277 970 2318 aliquid
1000 2277 1088 2308 aliud
1104 2298 1117 2315 ‚

229 2327 324 2369 quim
340 2327 417 2360 duat
429 2333 556 2360 naturas
566 2325 759 2368 ineffabiliter
768 2331 872 2360 unitas
885 2337 946 2360 una
957 2329 1015 2360 Dei
1028 2324 1115 2359 Verbi

230 2384 345 2409 natura
355 2376 676 2420 incarnatafiknificet.
704 2377 749 2410 Et
771 2375 913 2420 probant
938 2375 1004 2410 hoc
1012 2386 1054 2409 ex
1068 2375 1118 2409 se·—

230 2424 341 2458 cunda.
374 2426 481 2459 Sansti
502 2424 624 2468 Cyrilli
660 2425 796 2469 epistola
840 2425 883 2459 ad
913 2426 1098 2460 Succeffum
1110 2449 1117 2456 .

230 2472 378 2507 Proinde
399 2473 434 2507 δε
451 2474 641 2509 Nestoriani
663 2475 695 2509 &
711 2472 914 2518 Eutychiani
933 2474 1117 2511 constanter

231 2523 425 2558 censuerunt
443 2522 486 2556 ab
507 2523 567 2558 ista
577 2524 797 2567 propositione
814 2523 916 2558 everti
928 2524 1009 2560 duas
1020 2534 1116 2560 natu-

230 2583 281 2607 ras
301 2596 314 2613 ‚
338 2573 374 2607 &
397 2572 537 2616 ipsarum
562 2572 675 2607 induci
697 2574 923 2608 confusionem
943 2597 955 2613 ,
978 2575 1117 2610 mixtio-

230 2632 330 2660 nem,
354 2630 411 2655 aut
432 2621 704 2666 qualemcumque
728 2622 1048 2666 compofitionemin
1064 2637 1116 2660 na·

231 2682 339 2706 turam
349 2671 481 2708 unicam
493 2696 502 2705 .
528 2673 623 2707 Hinc
631 2671 682 2706 isti
694 2682 766 2707 eam
777 2671 1005 2708 aversabantur
1016 2672 1115 2708 hosti-

232 2721 360 2759 liffime,
370 2719 406 2755 hi
417 2730 530 2757 autem
543 2722 641 2766 pleno
652 2722 771 2757 mentis
781 2721 906 2767 impetu
921 2723 1114 2769 diligebant.

1159 279 1307 323 praefatos
1316 278 1422 314 sancti
1433 276 1613 324 Augustini
1625 277 1777 315 articulos
1787 278 1823 317 in
1833 283 1953 320 malam
1975 284 2039 318 fot·

1162 339 1247 363 mam
1273 328 1471 363 fabricarunt
1491 351 1504 369 ‚
1531 328 1732 363 infamarunt
1752 353 1764 369 ,
1788 331 1824 365 δε
1849 335 2039 369 accusarunt

1160 378 1201 413 de
1222 377 1393 414 horrendis
1411 379 1446 412 in
1468 376 1629 414 Divinam
1653 376 1858 420 Majestatem
1887 381 2037 427 blasphe-

1162 429 1252 463 miis.
1280 429 1455 464 Praesertim
1468 427 1558 472 quod
1568 428 1757 464 Dominum
1779 428 1889 464 Deum
1899 433 2041 467 facerent

1161 477 1332 514 authorem
1352 479 1494 524 peccati.
1518 478 1604 515 Item
1626 478 1677 514 uti
1698 477 1868 522 Eutyches
1885 479 1919 513 δε
1939 480 2043 524 Euty-

1162 526 1272 563 chiani
1293 530 1506 565 Nestorianas
1526 528 1707 564 calumnias
1729 527 1929 573 probarunt,
1955 530 2044 563 acin

1161 578 1283 623 dogma
1302 580 1556 624 assumpserunt,
1582 580 1630 615 ita
1648 590 1724 614 cum
1745 578 1809 613 suis
1830 578 2044 614 &stateribus

1164 629 1327 664 Martinus
1347 629 1534 671 Lutherm,
1559 630 1593 667 &
1615 630 1759 674 Ioannes
1779 627 1939 664 Calvinus
1959 627 2044 663 Vin·

1163 678 1330 713 centianas
1341 702 1352 719 ,
1378 679 1567 714 Genuenses
1575 704 1587 720 ‚
1597 681 1631 714 δε
1642 679 1832 714 Gallicanas
1843 679 1879 713 in
1890 680 2047 714 Sanctum

1165 726 1389 772 Augustinum
1408 729 1624 765 contumelias
1651 729 1827 774 praedicant
1852 727 1955 768 hodie
1980 728 2045 762 suis

1164 776 1302 821 Populis
1311 803 1322 819 ,
1348 778 1382 812 ὅ(
1394 777 1554 813 blaterant
1565 779 1668 822 ipsum
1679 779 1724 814 ita
1735 777 1877 815 omnino
1904 779 2026 813 sensisse
2040 803 2049 810 .

1168 827 1210 862 Et
1225 827 1260 861 hi
1283 829 1357 862 sunt
1380 828 1447 862 veri
1458 839 1497 862 ac
1508 828 1600 862 unici
1620 828 2048 864 PtaedestinatianiHaereti-

1166 878 1197 911 ci
1211 902 1218 910 .
1245 877 1340 913 Olim
1360 876 1451 912 enim
1471 876 1581 914 nullos
1601 878 1687 912 vidit
1708 878 1848 913 Eeclefia
1873 903 1881 911 .
1907 877 2048 913 Praesatae

1167 927 1350 962 Calumniae
1372 927 1569 972 quibusdam
1578 926 1828 972 Augustinianae
1838 929 1994 964 dostrinae
2002 929 2052 963 O-

1166 975 1291 1012 soribus
1315 978 1476 1012 dederunt
1497 979 1609 1012 ansam
1629 977 1780 1023 fingendi
1798 977 2053 1013 Praedestinatia·

1169 1039 1245 1064 nam
1255 1027 1399 1062 fabulam
1413 1052 1421 1060 .
1448 1026 1558 1062 Immo
1568 1027 1680 1061 omnis
1701 1025 1768 1061 haec
1786 1026 1897 1061 fabula
1907 1028 1953 1061 est
1965 1039 2053 1063 nova

1168 1079 1186 1112 a
1205 1078 1325 1122 praefati
1347 1075 1775 1113 Vincentiisucceffoxibus
1794 1076 1830 1110 in
1840 1086 1933 1112 veros
1944 1077 2055 1113 Sancti

1169 1127 1351 1173 Augustini
1371 1126 1549 1172 discipulos
1569 1127 1756 1163 calumnia.

1219 1177 1323 1212 Porro
1343 1177 1486 1221 Ioannes
1506 1175 1724 1218 Maxentius,
1749 1175 1827 1211 licet
1843 1176 1894 1212 vir
1904 1176 2058 1217 Graecus,

1170 1227 1234 1263 fuit
1244 1228 1371 1262 Latinae
1382 1229 1522 1273 Linguae
1546 1227 1717 1273 insigniter
1726 1227 1870 1271 peritus,
1893 1227 1976 1262 &in
1987 1227 2057 1271 ipsa

1170 1278 1312 1313 omnino
1338 1277 1512 1322 scripsitad
1526 1277 1702 1313 Africanos
1714 1276 1916 1322 EpiscopoS,
1942 1278 2057 1320 &ipsa

1170 1328 1255 1363 datae
1274 1325 1316 1362 ad
1337 1327 1414 1363 illos
1431 1328 1575 1373 epistolas
1596 1327 1714 1373 phrasis
1735 1326 1800 1362 alte
1810 1328 1930 1363 clamat
1943 1329 1975 1362 se
1987 1338 2060 1361 non

1171 1378 1358 1414 translatam
1369 1380 1454 1421 effe,
1478 1378 1532 1413 sed
1543 1378 1760 1424 originalem.
1790 1377 1839 1412 At
1848 1376 1928 1413 vcro
1948 1376 2061 1412 verbo·

1173 1436 1244 1463 rum
1265 1453 1278 1471 ‚
1302 1440 1372 1473 qua:
1405 1439 1449 1464 ex
1470 1429 1578 1464 Sansti
1601 1428 1725 1472 Cyrilli
1746 1428 1882 1472 epistola
1903 1426 2063 1467 adducit,

1173 1479 1343 1514 translatio
1365 1478 1472 1514 differt
1497 1478 1673 1524 plurimum
1694 1478 1714 1512 a
1732 1478 1886 1524 vulgata.
1914 1478 2026 1513 Etiam
2041 1478 2062 1510 ὲ

1173 1526 1282 1560 nostra
1310 1527 1488 1562 Caffinenfi
1510 1552 1522 1569 ,
1546 1540 1616 1571 quac
1637 1528 1722 1561 infra
1741 1527 1950 1562 exhibebitur
1971 1550 1979 1558 .
2006 1527 2063 1560 Ex

1173 1587 1242 1620 quo
1253 1576 1411 1611 discimus
1433 1577 1509 1611 istas
1523 1601 1535 1617 ‚
1558 1577 1702 1620 aliasque
1721 1576 1831 1611 Sancti
1854 1575 1978 1619 Cyrilli
1999 1585 2063 1609 nee

1173 1637 1243 1660 non
1255 1626 1289 1660 ἀ
1300 1625 1440 1661 aliorum
1451 1628 1628 1669 spectantes
1640 1625 1682 1659 ad
1693 1625 1881 1669 praesentem
1891 1623 2065 1659 materiam

1177 1675 1352 1720 epistolas,
1376 1688 1415 1711 ac
1436 1676 1500 1710 alia
1524 1675 1648 1719 Scripta
1671 1698 1683 1715 ‚
1709 1674 1802 1708 fuiffe
1823 1675 1841 1709 a
1863 1673 1959 1710 variis
1977 1673 2066 1708 varie

1173 1725 1341 1761 translatas
1358 1749 1368 1760 .
1394 1726 1485 1760 Nam
1506 1725 1540 1760 δε
1570 1724 1728 1770 quasdam
1748 1723 1914 1759 transtulit
1934 1724 2064 1760 Marius

1177 1776 1366 1811 Mercator.
1393 1775 1531 1811 Interim
1556 1774 1644 1810 hisce
1669 1775 1858 1810 Graecorum
1869 1774 2067 1819 Propontia-

1177 1825 1273 1860 nibus
1297 1850 1310 1866 ,
1335 1826 1370 1860 δε
1393 1823 1624 1869 quaestionibus
1649 1824 1768 1859 Latina
1794 1823 1938 1859 Ecclesia
1971 1835 2066 1859 num·

1176 1886 1274 1920 quam
1296 1875 1328 1909 se
1348 1875 1456 1910 voluit
1479 1874 1631 1909 miseere.
1658 1874 1780 1909 Cuncti
1791 1873 1860 1917 ejus
1870 1874 1985 1909 Patres
2002 1874 2067 1908 stu-

1176 1925 1234 1960 dio
1257 1924 1302 1960 ab
1320 1925 1386 1959 illis
1408 1923 1654 1960 abstinuerunt.
1679 1924 1819 1960 Etenim
1835 1924 1913 1960 licet
1923 1925 2066 1968 Joannes

1177 1976 1372 2010 Maxentius
1389 1974 1425 2008 in
1449 1974 1587 2018 praefatis
1615 1972 1731 2009 litteris
1761 1972 1934 2009 adductam
1954 1975 2066 2008 Sanffi

1179 2025 1300 2068 Cyrilli
1314 2025 1575 2069 propositionem
1586 2023 1786 2065 inseruiffet,
1812 2034 1851 2058 ac
1859 2021 1997 2069 operose
2015 2023 2067 2058 in-

1176 2073 1349 2115 culcasset,
1374 2074 1517 2108 Sanetus.
1527 2083 1641 2108 tamen
1665 2073 1865 2119 Fulgentius
1887 2085 1960 2110 eam
1972 2073 2067 2119 plene

1180 2124 1348 2168 neglexit:
1373 2133 1410 2159 ut
1433 2123 1502 2159 istis
1521 2121 1701 2160 Monachis
1714 2124 1912 2159 satisfaceret
1925 2150 1936 2166 ,
1960 2124 2067 2160 erudi·

1177 2173 1333 2209 tiffimum
1353 2173 1395 2208 de
1417 2173 1543 2208 Divina
1564 2174 1923 2209 incarnationelibrum
1934 2185 2068 2219 compo-.-

1178 2225 1261 2265 suit,
1286 2235 1324 2259 ac
1344 2224 1521 2266 expressam
1542 2223 1579 2256 in
1601 2232 1717 2257 eorum
1738 2221 1855 2257 litteris
1875 2223 1977 2259 fidem
1998 2233 2069 2259 ner-

1179 2273 1255 2307 vose
1265 2271 1495 2312 confirmavit,
1520 2270 1634 2306 verum
1655 2271 1697 2307 de
1719 2271 1778 2306 ista
1790 2273 2011 2316 pmpofitione
2024 2284 2067 2309 no

1179 2322 1232 2357 vel
1252 2322 1386 2358 verbum
1403 2321 1508 2357 dixit.
1535 2321 1647 2356 Etiam
1656 2321 1742 2367 apud
1751 2321 1834 2357 alios
1844 2323 1985 2358 Latinos
1995 2324 2054 2358 Pa-

1178 2382 1240 2407 tres
1259 2373 1318 2408 vix
1339 2372 1408 2407 ulla
1425 2372 1472 2407 est
1493 2371 1561 2415 ejus
1582 2372 1758 2414 memoria,
1787 2371 1878 2408 nulla
1898 2373 2081 2416 defectior-s

1180 2422 1270 2458 nulla
1289 2422 1513 2468 impugnatio.

1228 2473 1310 2517 Ejus
1330 2483 1440 2508 tamen
1462 2474 1499 2508 in
1519 2472 1633 2508 litteris
1653 2472 1694 2509 ad
1714 2472 1849 2510 Petrum
1860 2474 2076 2516 Fullouem,-

1181 2522 1513 2566 Eutychianum,·ae
1535 2525 1697 2559 intrusum
1718 2524 1908 2560 Antiochia
1925 2523 2062 2560 Patriar-

1178 2571 1274 2607 cham
1297 2572 1449 2606 meminit
1469 2572 1562 2606 Felix
1583 2573 1694 2607 tertius
1703 2573 1878 2609 Pontifex.
1906 2575 2062 2610 Affirmat

1178 2624 1284 2667 ipsum
1294 2622 1380 2667 apud
1400 2622 1433 2656 se
1453 2632 1524 2656 non
1544 2622 1753 2658 solummodo
1772 2624 1814 2659 de
1825 2625 1976 2667 diversis,
2004 2624 2061 2660 sed

1178 2673 1278 2707 etiam
1301 2673 1342 2708 de
1367 2672 1504 2707 adverfis
1525 2670 1690 2708 haerefibus
1709 2673 1771 2708 effe
1789 2676 1998 2715 accusatum,
2023 2675 2061 2710 δε

1176 2723 1327 2768 adjungit
1349 2736 1361 2756 .·
1389 2726 1490 2757 Dicere
1514 2725 1673 2756 Dominum
1692 2722 1820 2764 nostrum
1833 2722 1949 2769 Jesum
1972 2722 2065 2757 Chri-

232 2771 285 2805 Hi
306 2771 484 2813 nolebant,
512 2771 564 2806 isti
586 2771 742 2807 volebant
760 2773 923 2817 praedicari
934 2774 1014 2808 duas
1025 2783 1116 2809 natu·
1169 2773 1249 2814 stum
1265 2772 1434 2815 pefidiam
1452 2783 1511 2806 non
1522 2772 1574 2816 effe
1583 2778 1616 2805 in
1642 2776 1787 2814 Donate,
1812 2783 1901 2818 atque
1910 2779 1944 2808 in
1954 2773 2059 2808 buma-

234 2832 284 2855 ras
294 2846 301 2853 .
332 2820 500 2856 Catholici
516 2832 592 2856 cum
615 2822 734 2856 Sancto
745 2824 876 2867 Cyrillo
888 2824 922 2858 ὅ(
934 2822 1116 2859 Chalcedo-

232 2871 321 2905 nenfi
348 2870 487 2914 Synodo
507 2871 740 2915 profitebantur
764 2883 935 2918 utramque
955 2874 1091 2918 phrasim
1104 2899 1115 2915 ‚

233 2921 444 2957 asseverantes
468 2922 532 2957 effe
551 2921 692 2958 diversas
709 2920 878 2961 dumtaxat
900 2935 1020 2966 voces,
1047 2936 1114 2960 rem

232 2971 368 3005 eandem
380 2997 388 3004 .

285 3020 524 3059 Similemcirca
542 3021 649 3059 Sanffl
671 3024 849 3069 Augustini
870 3025 912 3063 de
931 3026 1115 3061 efficacibus

233 3070 369 3106 Divinae
385 3071 507 3108 Gratias
546 3072 676 3107 auxiliis
694 3073 791 3110 Sensa
810 3075 902 3110 litem
924 3088 986 3111 nos
1003 3076 1114 3111 Latini

233 3120 318 3155 olim
347 3120 489 3157 vidimus
511 3147 523 3164 ,
550 3135 588 3158 ac
608 3123 787 3159 etiamnum
820 3123 919 3160 hodie
948 3127 1112 3161 videmus:

235 3171 333 3205 Circa
345 3170 420 3205 illos
434 3173 588 3207 articulos
599 3197 610 3214 ,
634 3183 715 3217 quos
727 3175 967 3221 impugnandos
978 3178 1113 3220 suscepe-

235 3231 311 3255 runt
335 3222 445 3256 nescio
470 3222 544 3267 quis
555 3221 774 3264 Vincentius,
800 3225 930 3270 quidam
956 3226 1113 3261 Genuen-

235 3272 282 3305 ses
294 3294 305 3309 ,
330 3271 362 3305 &
373 3272 532 3315 quidam&
546 3272 645 3307 Clero
659 3273 835 3309 Gallicana
847 3276 995 3311 Ecclefiae
1006 3301 1014 3309 .
1045 3276 1111 3312 Uti

235 3319 424 3355 Nestoriani
434 3322 606 3357 adductam
615 3323 722 3357 Sancti
732 3323 850 3367 Cyrilli
862 3328 1111 3370 propositionem

234 3369 278 3407 de
289 3369 542 3408 Dominicarum
564 3383 751 3409 naturarum
762 3375 952 3411 confusione
963 3401 974 3418 ,
1002 3378 1046 3411 ita
1058 3376 1110 3410 isti

335 3419 442 3463 Christ.
457 3426 537 3467 Lupi
551 3427 650 3466 Opera
662 3426 765 3461 Tyn.

1177 2830 1272 2857 nitate
1285 2822 1449 2865 perfedum
1460 2847 1471 2863 ‚
1496 2834 1549 2856 nec
1570 2821 1667 2867 ipsum
1683 2821 1802 2867 subjisse
1819 2825 1976 2865 pafflonem
1990 2834 2057 2857 cru-

1175 2878 1237 2913 cis,
1258 2870 1317 2914 sed
1325 2883 1415 2906 unam
1424 2876 1481 2906 Dei
1490 2872 1580 2907 Verbi
1601 2883 1739 2907 naturam
1759 2879 1969 2914 incarnatam,
1993 2883 2053 2907 cor-

1177 2921 1288 2966 pasque
1299 2925 1420 2957 Domini
1422 2922 1486 2965 fine
1497 2929 1602 2957 anima
1622 2925 1657 2958 (τ
1667 2932 1762 2957 mente
1763 2921 1852 2966 fuisse
1865 2947 1878 2964 ,
1904 2922 2055 2966 Apollina-

1174 2978 1219 3006 ris
1229 2972 1359 3015 baerefim
1376 2972 1509 3007 roborat.
1536 2973 1634 3007 Istam
1653 2972 1714 3006 fibi
1724 2973 1865 3008 delatam
1883 2973 2057 3008 &accusa-

1178 3032 1246 3058 tam
1266 3024 1522 3069 propositionem
1546 3021 1755 3057 solummodo
1773 3032 1957 3065 memorat,
1982 3033 2054 3058 non

1174 3072 1330 3115 discutit,
1357 3073 1443 3110 nihil
1463 3073 1585 3117 deipsa
1605 3072 1740 3106 definit:
1761 3072 1920 3108 ,Eandem
1941 3083 2053 3109 tamen
2074 3053 2232 3125 25¹⁰·N0‘·

1176 3133 1336 3158 memorat
1351 3148 1367 3166 ,
1394 3121 1502 3159 laudat
1521 3146 1533 3163 ,
1558 3130 1657 3166 atque
1686 3123 1827 3166 exponit
1848 3123 1996 3159 Gelafius
2014 3123 2052 3159 iu
2072 3104 2233 3169 Gelam

1173 3175 1346 3218 opusculo
1365 3173 1481 3209 contra
1494 3172 1720 3207 >Nestoriauos
1739 3183 1778 3207 ac
1800 3171 2050 3216 Eutychianos.
2072 3177 2176 3220 citatur
2199 3185 2232 3205 ut

1177 3225 1219 3258 Et
1231 3224 1336 3269 plures
1357 3224 1516 3259 affirmant
1536 3223 1600 3257 esse
1609 3222 1813 3266 Opusculum
1823 3223 1931 3259 Sancti
1950 3222 2049 3259 Gela·
2070 3214 2232 3283 pegafim‘ss·

1176 3275 1208 3308 lii
1231 3298 1243 3314 ‚
1268 3274 1417 3310 Romani
1436 3272 1613 3308 Pontificis
1634 3296 1643 3305 .
1681 3272 1730 3306 Δὶ
1750 3282 1874 3309 certum
1894 3274 1941 3310 est
1963 3274 2046 3308 labi.
2093 3264 2109 3283 ⁰
2125 3263 2230 3325 3⁶5}qu

1177 3323 1273 3358 Plura
1292 3326 1450 3360 evincunt
1466 3323 1530 3357 esse
1549 3332 1634 3366 opus
1653 3321 1761 3357 Graeci
1784 3322 1932 3359 hominis
1954 3350 1964 3358 .
1991 3322 2048 3357 Est
2070 3302 2231 3375 ξῗὲἐςῑξῑοε.

1176 3374 1296 3410 Gelafii
1322 3374 1478 3421 Episcopi
1497 3372 1660 3418 Cyziceni
1679 3397 1688 3405 .
1717 3372 1863 3409 Proinde
1894 3372 2009 3407 unicus
2030 3370 2049 3404 ὲ
2069 3372 2228 3405 nibus2&a

1606 3420 1643 3456 v
1691 3432 1714 3459 2
1914 3421 2001 3457 Lati·
2069 3412 2227 3458 10·11·.E1>.·

2071 3451 2226 3482 adAcienu

2071 3492 2229 3523 &Senato-

2072 3541 2150 3564 rem·
