2320 3730
353 233 377 262 ·1
393 231 458 276 44

685 212 1030 261 »VARIORUM
1066 210 1220 255 PArR
1244 222 1318 254 vM
1353 210 1676 280 prsrota,

283 307 384 336 nimus
398 299 673 344 quaedamnefarie
688 301 798 339 Dic‘ia,
827 302 974 334 &nimiae
982 298 1074 337 plena
1090 292 1167 337 blas·
1229 294 1298 329 fieri
1339 305 1408 328 non
1442 298 1537 339 poffit
1570 299 1636 333 fine
1668 298 1860 345 graviffimis
1894 301 2040 338 motibus
2073 304 2109 341 δε

280 353 433 394 phemiae,
461 352 534 384 nulli
555 351 677 384 dubium
700 351 738 391 est
758 351 839 384 reela
858 352 1070 390 sapientium·
1086 347 1164 378 Sciat
1231 343 1405 379 scandalis.
1431 345 1510 380 Sine
1534 347 1703 388 motibus,
1729 352 1784 392 qui
1801 351 2010 387 Nestorianas
2038 364 2109 390 tur-

281 405 355 435 verb
381 411 434 435 tua
456 400 608 434 santium
619 426 630 442 ,
655 402 736 443 quod
742 401 865 441 prolata
877 398 959 440 apud
972 394 1114 434 Sandan»
1122 397 1164 434 55-

281 454 390 486 nodum
411 450 598 493 Expofitione
624 451 662 484 ab
684 462 715 484 eo
735 448 905 491 composita,
926 444 1001 486 ficut
1027 446 1164 478 dicebant

281 507 331 544 qui
347 502 532 544 protulerunt
548 526 558 542 ,
586 500 665 533 nihil
683 499 793 543 sanum
820 498 963 535 habente,
989 494 1162 536 reprobavit

277 553 400 594 quidem
420 563 486 586 eam
503 551 613 583 Sanctia
635 551 782 590 synodus,
809 555 907 588 utpote
925 544 1074 586 perversis
1098 547 1160 588 ple-

279 613 352 635 nam
374 601 565 635 intellectibus
578 626 588 640 ,
613 600 864 640 &Nestorianam
874 600 1061 636 impietatem
1081 594 1165 638 quafi

278 651 459 694 effluentem.
488 656 548 687 His
571 653 642 684 vero
668 650 869 681 condemnatis
894 651 946 687 qui
964 644 1005 687 fic
1011 643 1158 688 sapiunt,

278 702 392 735 nullam
403 708 466 736 viri
475 706 642 735 memoriam
648 698 724 739 fecit
738 694 863 738 dispens
857 697 943 730 ative'
954 720 965 736 ,
991 707 1041 731 nec
1063 694 1159 738 ipsum

275 758 451 789 nominatim
472 750 660 784 anathemati
679 744 805 788 subjecit
821 753 943 787 propter
965 745 1160 789 dispensatio-

274 812 362 833 nem:
390 805 441 832 Ne
450 800 572 841 quidam
593 797 637 828 ad
654 800 718 830 viri
739 794 982 837 existimationem
1006 795 1158 840 respicien-

274 858 320 882 tes
343 874 353 890 ,
375 847 483 893 fi'ipsos
509 845 683 890 separarem
704 846 742 879 ab
780 846 907 888 Ecclesia
932 873 938 880 .
966 845 1158 889 Dispensatio

274 901 346 932 veri
369 905 399 930 in
409 898 456 929 his
469 895 506 936 est
529 908 577 930 res
592 901 703 939 optima
712 907 747 930 ac
751 895 875 940 sapiens
890 920 897 928 .
928 899 1051 931 sienim
1063 896 1160 931 adhuc

273 953 305 980 in
328 952 411 980 vivis
433 946 500 989 effet
513 970 524 986 ,
551 947 584 984 Φ
604 946 736 987 Nestorii
761 944 1012 989 blasphemiarum
1028 946 1155 989 fautor,

271 1005 323 1029 aut
331 994 495 1040 suffragari
516 997 654 1030 velleius
674 1007 742 1038 quae
758 994 872 1039 scripfit
885 995 946 1040 ipse
958 1021 970 1038 ,
997 997 1158 1031 anathema

268 1052 357 1079 etiam
367 1052 399 1079 in
409 1052 533 1088 propria
552 1044 678 1089 persona
693 1045 835 1090 subiisset.
865 1049 1018 1091 ‚Quoniam
1032 1049 1103 1081 vero
1117 1048 1160 1081 ad

268 1099 365 1130 Deum
389 1097 465 1129 abiit
477 1120 490 1137 ,
512 1095 617 1139 sufficit
629 1121 639 1138 ,
665 1105 698 1129 ut
719 1108 769 1140 ege
779 1105 853 1140 puto
865 1121 875 1137 ,
903 1109 939 1132 ea
951 1109 1017 1140 quae
1031 1097 1159 1140 absurde

268 1146 307 1179 ab
332 1158 361 1180 eo
378 1145 493 1189 scripta
511 1145 585 1190 sunt
599 1171 610 1187 ,
635 1150 718 1188 rejici
742 1146 782 1181 ab
794 1153 837 1181 eis
847 1151 899 1189 qui
911 1147 989 1182 reite
1001 1146 1157 1189 flentium,

267 1206 332 1229 cum
351 1202 408 1238 iis,
434 1203 487 1240 qui
510 1202 543 1230 in
563 1199 629 1238 ejus
639 1197 730 1233 libros
742 1198 898 1237 incidunt,
928 1202 1019 1230 etlam
1029 1199 1153 1232 ulterius

263 1249 405 1291 progredi
427 1249 603 1283 tumultuum
630 1247 782 1290 occafiones
805 1258 1026 1291 nonnumquam
1030 1255 1154 1292 pariat.

266 1299 298 1333 E
300 1307 313 1329 t
318 1307 373 1339 per
395 1300 489 1334 alium
498 1301 570 1334 veri>
583 1301 702 1333 modum
717 1299 987 1334 anathematizatis
1008 1312 1044 1333 ac
1053 1300 1156 1342 eJeHis

264 1347 393 1385 Nestorii
409 1348 622 1392 blasphemiis,
650 1362 711 1384 una
721 1361 786 1385 cum
797 1357 839 1386 eis
856 1351 948 1392 ejetza
958 1350 1030 1394 sunt
1043 1352 1077 1385 Θ
1088 1361 1156 1393 quae

265 1399 342 1431 illius
351 1397 423 1443 sunt
437 1424 448 1441 ,
469 1401 637 1443 plurimam
646 1399 790 1436 babentia
801 1404 845 1436 ad
857 1401 910 1442 ista
920 1399 1153 1445 consonantiam.

264 1447 336 1489 Etfi
354 1451 474 1490 quidem
499 1450 550 1484 boc
569 1462 691 1495 agerent
705 1452 909 1486 indubitanter
915 1460 971 1494 per
984 1456 1154 1491 Orientem,

262 1498 433 1541 nullumque
453 1501 518 1542 effivt
533 1503 692 1534 tumultum
702 1503 772 1535 inde
787 1501 907 1545 sperare
919 1526 930 1542 ‚
957 1501 1090 1534 dicebam
1099 1505 1155 1533 uti-

262 1559 320 1590 que
346 1550 460 1583 nullum
471 1551 523 1593 effe
531 1552 778 1593 impedimentum
797 1563 875 1586 nunc
886 1556 966 1596 exigi
978 1562 1024 1586 eos
1037 1555 1069 1584 in
1079 1552 1158 1584 Scri-

258 1604 327 1640 ptis
358 1599 408 1631 hoc
422 1599 529 1640 facere
545 1625 552 1632 .
578 1604 611 1633 si
631 1604 722 1641 verb,
744 1599 815 1642 ficut
833 1600 939 1645 scribit
959 1601 1154 1641 Sanc‘liffimus

263 1646 415 1690 Episopus
439 1648 601 1684 Antiochia
617 1654 782 1695 Joannes,
808 1653 921 1695 eligant
943 1656 1045 1694 utique
1057 1656 1154 1694 magis

260 1698 389 1734 comburi
411 1724 422 1739 ,
447 1710 536 1742 quam
556 1701 679 1742 aliquid
702 1699 843 1744 ejusmodi
858 1709 1000 1744 peragere
1028 1723 1039 1739 ,
1062 1711 1155 1743 quare

267 1748 423 1794 flammam
428 1748 561 1792 sopitam
572 1748 777 1793 reficscitamus
790 1774 801 1791 ,
822 1749 998 1794 sedatasque
1011 1751 1155 1784 tumultus

263 1800 428 1840 importune
453 1809 663 1832 commovemus
674 1823 687 1840 ‚
714 1812 750 1834 ne
754 1799 885 1841 forfitan
903 1812 1038 1842 unquam
1049 1802 1157 1833 ultima

264 1854 376 1890 primis
387 1850 494 1890 pejora
505 1854 701 1882 inveniantur
715 1850 728 1882 ?
754 1851 801 1881 Et
812 1848 875 1881 haec
885 1849 946 1881 dico
968 1848 1156 1882 vehementer

262 1899 381 1942 quidem
419 1904 578 1940 increpans
615 1908 682 1940 quae
709 1895 822 1941 scripfit
857 1906 1033 1931 memoratus
1069 1897 1156 1931 Theo-

265 1950 355 1983 dorus
365 1972 376 1988 ,
401 1954 510 1982 timens
522 1948 725 1990 verdfuturos
737 1950 757 1980 ἃ
769 1945 946 1990 quibusdam
954 1956 1078 1990 propter
1090 1959 1157 1981 eam
1175 1968 1178 1992 i

261 2010 326 2034 rem
336 1999 482 2032 tumultus
498 2022 509 2037 ,
534 2009 570 2030 ne
575 1997 703 2038 forfimn
714 1999 813 2040 aliquo
834 1998 917 2031 modo
927 2009 963 2032 ea
974 2010 1042 2040 quae
1054 2002 1089 2031 N
1092 1997 1156 2037 este-
1213 2009 1287 2040 gens
1299 1998 1497 2032 excitabimus
1512 2022 1519 2030 .
1545 1999 1685 2040 ‚Quorum
1705 2007 1780 2029 unus
1796 1995 1833 2036 est
1843 1996 1913 2029 Iba:
1925 2020 1936 2036 ,
1963 2003 2015 2040 qui
2039 2009 2108 2031 eum

261 2054 303 2085 rii
322 2047 418 2092 sunt,
440 2049 537 2091 lugere
560 2049 680 2090 quidem
698 2049 849 2080 coloratim
859 2052 1035 2088 incipiant,
1056 2045 1158 2089 secun-

262 2100 336 2133 dum
355 2098 433 2132 illud
450 2122 461 2138 ,
487 2099 564 2141 quod
587 2097 693 2131 alicubi
716 2099 738 2130 ἃ
763 2099 857 2130 Poeta
877 2096 991 2130 didam
1012 2094 1050 2133 esi
1071 2096 1158 2137 apud

263 2152 383 2183 Grecos
412 2173 424 2189 ,
468 2150 547 2190 qued
567 2146 701 2190 occafione
724 2148 855 2181 Patrocli
870 2144 946 2189 suas
967 2147 1155 2180 calamitates

264 2210 452 2242 unaquaeque
469 2199 589 2243 lugebat
611 2222 618 2229 .
645 2200 678 2230 si
702 2202 794 2240 igitur
816 2196 880 2230 haec
900 2205 961 2230 tuae
993 2196 1155 2230 Sanc‘litati

259 2251 383 2293 placent
403 2249 537 2281 indicare
560 2248 692 2292 digneris
717 2273 727 2287 ,
753 2256 788 2280 ut
821 2246 1020 2280 communibus
1044 2247 1156 2280 litteris

261 2301 460 2336 mandentur·
488 2298 585 2339 Potest
607 2303 688 2331 enim
710 2303 800 2331 etiam
818 2301 854 2330 iis
872 2321 882 2336 ‚
908 2301 958 2339 qui
979 2296 1042 2329 baec
1062 2303 1156 2338 petie·

263 2359 357 2391 runt,
382 2347 562 2392 dispensatio
589 2353 634 2381 rei
644 2353 804 2388 enarrari,
830 2345 952 2389 ipfisque
960 2344 1155 2388 persuaderi,

263 2410 298 2435 ut
308 2398 453 2443 quiescere
480 2400 590 2432 malint
604 2422 615 2439 ,
640 2408 729 2439 quam
753 2393 886 2440 Ecclefiis
893 2395 1036 2438 scandali
1044 2394 1152 2437 occafio-

264 2461 332 2485 nem
346 2449 501 2492 praebere.
529 2445 599 2489 Mifi
620 2456 719 2480 autem
742 2452 833 2479 etiam
857 2445 1012 2486 exemplar
1033 2455 1131 2478 eorum
1144 2469 1155 2487 ‚

263 2513 332 2544 quae
355 2502 376 2533 ὰ
395 2499 571 2539 ςαηὲἶιζθὶηιο
591 2495 737 2540 Episcopo
758 2499 887 2540 Joanne
911 2496 956 2528 ad
975 2506 1022 2528 me
1040 2493 1155 2537 scripta

261 2550 335 2595 sunt
349 2563 355 2582 :
383 2551 477 2593 Quod
484 2560 549 2582 cum
559 2550 661 2590 legerit
672 2546 826 2579 SanHitas
837 2553 889 2578 tua
898 2567 910 2583 ‚
929 2549 1053 2586 accipiet
1064 2551 1153 2578 omni-

267 2603 306 2635 πὸ
317 2598 481 2641 occafionem
493 2599 537 2631 ad
557 2595 653 2639 ipsum
677 2602 884 2638 argumentum
897 2617 905 2626 .

318 2652 450 2684 Sanetus
474 2649 582 2690 itaque
600 2644 747 2688 Cyrillus
771 2643 878 2687 primo
898 2643 1024 2678 censuit
1040 2642 1156 2679 Theo·

267 2699 341 2734 dori
357 2700 480 2740 Scripta
496 2696 558 2729 effe
573 2696 702 2739 penitus
726 2695 825 2737 impia
837 2717 847 2733 ,
873 2693 907 2728 &
919 2694 1090 2737 plurimam
1102 2694 1155 2727 ha-

269 2748 381 2784 bentia
404 2746 656 2781 consonantiam
680 2744 719 2777 ad
733 2744 877 2779 Nestorii
897 2744 1052 2789 dogmata
1066 2769 1074 2778 .
1104 2746 1154 2779 Se-

270 2798 384 2834 cundo
397 2796 521 2831 censuit
544 2795 602 2830 ista
614 2794 769 2839 dogmata
793 2806 860 2828 non
882 2805 976 2839 egere
999 2805 1085 2828 nova
1098 2795 1154 2837 Sy-

270 2845 384 2884 n'odali
408 2846 642 2886 damnatione,
667 2844 720 2878 sed
732 2843 859 2878 abunde
881 2844 944 2886 jam
958 2845 1082 2888 pridem
1093 2845 1155 2878 effe

271 2900 426 2934 damnata
448 2898 489 2932 ab
504 2895 668 2939 Ephefino
682 2893 859 2928 Concilio.
886 2894 1007 2928 Tertio
1026 2895 1154 2928 censuit

271 2950 371 2984 etiam
388 2947 580 2993 Ephefinam
603 2945 806 2979 Nestorianae
827 2944 966 2988 personae
976 2944 1156 2979 damnatio-

273 3011 349 3033 nem
373 3002 458 3042 posse
477 2997 611 3032 extendi
633 2995 673 3030 ad
696 2996 868 3040 personam
891 2993 1066 3029 Theodori
1087 3019 1098 3035 ,
1124 2995 1156 3028 &

273 3047 461 3084 orientales
484 3049 665 3092 Episcopus
691 3058 728 3079 ac
743 3045 889 3088 Populos
902 3046 988 3086 posse
1002 3044 1155 3087 compelli

275 3099 315 3131 ad
341 3100 431 3133 istam
449 3098 673 3134 extensionem
703 3095 939 3130 admittendam
967 3106 1004 3128 ac
1026 3095 1159 3128 subscri-

275 3146 414 3182 bendam
443 3175 450 3181 .
489 3149 620 3196 Qartd
648 3146 770 3181 censuit
811 3144 897 3180 hanc
919 3146 1160 3183 extensionem,

275 3207 315 3230 ac
341 3199 509 3238 praesertim
539 3198 782 3240 subscriptionis
804 3196 1008 3231 exactionem
1035 3219 1046 3234 ,
1091 3206 1159 3228 non

278 3247 447 3288 “pedire-
473 3247 528 3282 Ob
541 3249 646 3282 varias
672 3249 800 3282 causas.
830 3243 944 3280 Primi>
964 3269 975 3285 ,
1001 3246 1159 3288 quoniam

278 3295 500 3330 Orientalium
539 3299 643 3339 piures
679 3296 769 3337 Juxta
805 3297 854 3331 sui
894 3293 1084 3330 Patriarchae
1109 3296 1160 3338 Jo-

279 3344 375 3379 annis
400 3345 643 3379 attestationem
670 3346 736 3379 vivi
759 3347 895 3382 mallent
920 3346 1037 3384 exuri,
1062 3356 1159 3389 quam

281 3394 376 3433 istam
414 3395 637 3434 extensionem
674 3393 846 3433 admittere
871 3420 888 3440 ‚
924 3394 1063 3441 ideoque
1102 3396 1160 3431 illa

1173 2215 1179 2295 ἱ

1228 395 1389 430 bulentias
1400 394 1494 439 plene
1504 397 1661 431 reducant
1673 422 1684 437 ‚
1709 397 1814 432 immo
1840 402 1873 435 &
1883 403 1995 446 amplo
2007 406 2110 439 foeno-

1226 457 1260 480 re
1283 455 1512 491 augmentent.
1541 445 1695 487 Deinde,
1721 448 1812 490 quod
1823 448 2022 489 Theodorus
2043 454 2110 497 jam

1226 496 1303 531 esset
1315 506 1461 531 mortuus
1473 521 1484 537 ,
1513 496 1652 540 ideoque
1664 498 1719 531 sua
1731 498 1830 532 Sensa
1840 510 1908 534 non
1931 504 2034 545 postet
2054 515 2111 538 ex-

1224 557 1369 589 ponere,
1396 559 1434 581 ac
1445 547 1583 589 proinde
1604 560 1665 582 nec
1690 548 1874 594 impugnari
1898 561 1955 584 aut
1972 552 2110 594 judicari

1225 607 1303 630 tunc
1316 597 1482 640 expediret
1496 622 1503 632 .
1531 597 1652 631 Tertio
1663 621 1674 638 ,
1702 599 1792 642 quod
1804 602 1879 634 eflet
1891 600 1976 635 intra
1988 600 2111 639 Catho-

1225 647 1293 681 licae
1308 647 1455 682 Ecclefiae
1465 648 1738 683 communionem
1748 650 1919 685 defunctus
1931 675 1943 692 ,
1969 651 2111 696 ideoque

1225 697 1399 739 sperandus
1412 699 1489 732 esset
1500 710 1576 733 cum
1588 698 1780 735 Christiano
1790 700 1871 734 reete
1896 703 2019 735 mentis
2030 702 2111 738 Pro·

1225 747 1328 789 posito
1340 748 1357 781 a
1369 748 1466 782 nobis
1476 748 1605 783 abiisse.
1634 749 1728 783 Hinc
1747 751 1879 784 Sanetus
1899 750 2050 794 Cyrinus
2070 753 2111 787 Ii-

1224 796 1296 830 bros
1317 796 1407 840 ejus,
1433 810 1471 832 ac
1492 798 1573 832 item
1595 799 1764 844 desumpta
1792 812 1833 834 ex
1855 801 1930 845 ipfis
1953 801 2109 846 capitula

1223 846 1346 881 censuit
1373 848 1537 882 tractanda
1559 849 1601 882 ad
1622 861 1698 883 eum
1710 851 1870 892 modum,
1897 862 1966 895 quo
1980 851 2110 895 Ephesi-

1224 909 1262 930 na
1274 896 1428 940 Synodus
1441 900 1627 933 tractaverat
1637 899 1707 943 ejus
1720 902 1893 944 profanum
1902 901 2110 943 Symbolum.

1223 948 1361 982 Censuit
1386 947 1452 992 ipsa
1475 948 1685 991 damnanda,
1712 960 1746 984 at
1767 951 1834 984 fine
1844 952 2045 994 expreffione
2055 963 2109 987 au-

1222 996 1324 1034 thoris
1349 1010 1404 1035 aut
1415 1001 1555 1044 personae
1570 1026 1577 1033 .
1606 1000 1657 1034 Ex
1668 999 1905 1043 dispensatorio
1925 1011 2037 1036 amore
2055 1013 2110 1047 pa-

1220 1052 1266 1082 cis
1278 1074 1286 1083 .
1314 1051 1403 1084 Nam
1425 1051 1563 1093 &istius
1575 1049 1742 1094 Ephefinae
1764 1049 2018 1093 dispensationis
2029 1053 2110 1086 San-

1220 1100 1285 1132 &us
1296 1099 1442 1143 Cyrillus
1462 1102 1566 1134 suerat
1578 1099 1712 1135 Author
1725 1124 1736 1140 ,
1759 1099 1903 1146 ideoque
1920 1100 2047 1137 censuit
2071 1102 2108 1137 δε

1220 1160 1308 1183 nunc
1332 1149 1558 1184 resumendam
1571 1173 1580 1182 .

1268 1200 1366 1233 Illum
1394 1200 1429 1234 in
1453 1199 1748 1236 hancsententiam
1770 1201 1926 1245 produxit
1946 1213 2015 1237 non
2039 1202 2109 1237 sola

1219 1249 1353 1292 joannis
1376 1249 1568 1284 Patriarchae
1593 1252 1761 1293 Synodica
1792 1252 1938 1294 Epistola
1964 1275 1976 1291 ‚
1999 1251 2055 1287 sed
2072 1252 2110 1289 δι’

1221 1300 1346 1343 privatae
1359 1298 1500 1342 plurium
1511 1300 1734 1335 Orientalium
1757 1301 1998 1345 Episcoporum
2021 1302 2111 1336 litte-

1219 1362 1278 1390 rae,
1304 1359 1383 1392 quas
1413 1351 1505 1392 supra
1530 1349 1656 1383 laudari
1677 1348 1863 1384 audivimus
1884 1352 1921 1384 in
1940 1351 2012 1386 aliis
2027 1351 2110 1394 ejus-

1218 1400 1292 1433 dem
1305 1399 1442 1442 Joannis
1454 1397 1494 1432 ad
1507 1398 1673 1442 Cyrillum
1686 1398 1822 1433 litteris:
1849 1403 1911 1433 Hoc
1932 1401 1967 1433 Θ
1985 1408 2041 1433 tua
2050 1403 2113 1435 Re-

1219 1448 1357 1496 ligiost'tas
1385 1447 1575 1492 dispensavit
1597 1450 1702 1491 aperte
1724 1454 1757 1482 in
1778 1449 1974 1483 anterioribus
1996 1450 2110 1484 litteris

1217 1500 1324 1540 vestris
1348 1501 1394 1532 ad
1410 1497 1654 1543 satisfallionem
1673 1500 1866 1541 quorumdam
1887 1499 2110 1535 venerabilium

1221 1548 1458 1592 coepiscoporum
1488 1548 1647 1590 nostrorum
1666 1575 1674 1581 .
1701 1550 1835 1584 Horum
1858 1561 1945 1584 unus
1964 1549 2110 1586 omnino

1217 1599 1280 1634 fuit
1304 1599 1378 1634 lbas
1402 1599 1581 1633 Edessenus
1596 1624 1607 1639 ,
1633 1599 1675 1634 de
1696 1610 1764 1644 quo
1776 1600 1937 1634 Leontius
1949 1600 2109 1644 Byzanti-'-

1220 1660 1279 1684 nus
1301 1649 1336 1683 in
1359 1649 1444 1684 libro
1465 1647 1506 1683 de
1534 1649 1654 1684 Sestis:
1679 1649 1821 1682 standum
1843 1650 1986 1688 Cyrillum
2004 1676 2015 1691 ,
2039 1661 2110 1685 cion

1217 1701 1347 1733 nonnulli
1357 1698 1408 1732 boc
1419 1697 1515 1742 ipsium
1536 1708 1701 1742 quaererent
1713 1723 1724 1739 ,
1752 1707 1786 1732 ut
1795 1698 1963 1732 Theodorus
1979 1699 2110 1734 anathe-

1217 1755 1293 1783 mati
1299 1747 1515 1794 subjiceretur,
1541 1752 1586 1783 ad
1598 1751 1732 1783 Proclum
1740 1747 1875 1792 scripfisse
1897 1747 2005 1790 constat
2017 1773 2030 1790 ,
2055 1754 2110 1783 mi·

1219 1801 1298 1833 nime?
1313 1799 1494 1833 Theodorum
1507 1799 1764 1834 anathematizari
1774 1807 1904 1841 oportere
1915 1823 1923 1830 .
1951 1798 1996 1833 Et
2006 1798 2110 1834 addu-

1218 1848 1262 1882 cit
1276 1849 1396 1891 Cyrilli
1409 1847 1501 1882 verba
1515 1862 1527 1881 .-
1554 1853 1642 1881 Nam
1657 1850 1826 1881 orientales
1838 1846 1970 1888 univerfi
1983 1847 2110 1882 Theodo-

1219 1909 1285 1931 rum
1294 1906 1350 1940 pro
1362 1910 1470 1942 magno
1483 1898 1604 1931 Dollore
1614 1897 1728 1932 babent
1741 1922 1751 1938 ,
1777 1908 1865 1940 quem
1878 1895 1908 1939 fi
1915 1896 2109 1933 anathemati

1216 1947 1422 1990 subjecerimus
1435 1973 1446 1989 ,
1473 1954 1506 1982 in
1528 1949 1727 1981 Orientalium
1753 1945 1880 1987 Ecclefia
1900 1947 2046 1988 diffi‘dusm
2063 1953 2110 1982 itt·

1217 2046 1474 2078 anathematizari
1490 2059 1547 2079 non
1554 2052 1711 2087 patietur.
1738 2046 1820 2079 Haec
1833 2045 1929 2080 verba
1951 2057 2020 2081 non
2031 2047 2109 2082 sunt

1220 2095 1252 2128 in
1275 2096 1368 2139 supra
1391 2094 1538 2129 adduciis
1561 2094 1681 2136 Cyrilli
1706 2094 1746 2128 ad
1775 2096 1932 2129 Proclum
1963 2096 2108 2131 litteris.-

1219 2144 1322 2180 Nulla
1350 2145 1423 2179 istic
1433 2144 1478 2178 est
1501 2142 1563 2177 lbae
1578 2144 1736 2178 memoria
1750 2168 1757 2175 .
1786 2143 1880 2178 Hinc
1893 2145 1980 2179 lucet
1999 2146 2108 2189 plures

1217 2194 1258 2230 de
1284 2193 1346 2230 hac
1371 2207 1403 2230 re
1425 2194 1549 2229 litteras
1570 2193 1656 2228 inter
1678 2192 1757 2228 istos
1770 2191 1921 2229 Ecclesiae
1941 2194 2109 2239 Principes

1218 2247 1405 2282 cucurrisse.

1268 2296 1372 2332 Porro
1396 2295 1454 2332 ista
1471 2296 1535 2332 Ibae
1548 2296 1727 2341 pertinacia
1751 2307 1819 2330 non
1839 2295 1884 2330 est
1896 2295 2086 2332 admiranda
2098 2300 2112 2330 ζ

1222 2346 1299 2389 Ejus
1322 2347 1464 2381 radicem
1487 2345 1690 2381 babemusin
1717 2346 1832 2380 litteris
1842 2345 1983 2388 ejusdem
1995 2345 2109 2381 Procli

1218 2397 1258 2430 ad
1286 2396 1427 2430 eundem
1454 2394 1679 2430 Patriarcham
1690 2396 1875 2438 Joannem,
1901 2397 2107 2431 exstantibus

1222 2445 1307 2489 apud
1328 2445 1482 2489 quintum
1509 2445 1701 2479 Concilium
1723 2457 1730 2476 ε
1757 2446 1847 2477 Multi
1869 2446 2034 2479 inclamant
2055 2445 2108 2481 bic

1219 2494 1458 2540 Religiofiffimum
1479 2493 1660 2538 Episcopum
1683 2495 1890 2536 Edeffenorum
1903 2496 2008 2536 Ibam,
2035 2500 2109 2539 quia

1219 2547 1339 2579 tantum
1360 2545 1488 2584 Nestorii
1511 2546 1690 2576 dementiam
1719 2545 1837 2585 diligit,
1862 2553 1896 2576 ut
1918 2547 2107 2587 &quaedam

1219 2595 1361 2636 Capitula
1375 2617 1385 2632 ,
1412 2604 1479 2635 quae
1500 2591 1648 2634 suppofita
1666 2590 1777 2633 scripto
1798 2595 1818 2624 ἃ
1838 2594 1922 2626 nobis
1947 2597 1993 2627 ad
2004 2600 2107 2629 Arme-

1220 2650 1281 2678 nios
1295 2646 1381 2675 Tomo
1392 2643 1493 2675 direxi
1504 2649 1565 2674 tuae
1576 2645 1761 2674 Reverentia·
1773 2665 1784 2681 ,
1805 2640 1898 2681 stulta
1919 2654 1960 2676 ac
1970 2643 2107 2685 profana

1220 2692 1384 2732 constituta
1414 2716 1425 2733 ,
1453 2692 1487 2725 (9⁶
1506 2697 1585 2724 omni
1604 2697 1758 2733 impietate
1772 2691 1867 2732 plena
1884 2716 1896 2733 ,
1920 2693 2106 2735 transferret

1218 2746 1347 2783 syrorum
1369 2752 1437 2776 voce
1450 2766 1461 2783 ‚
1487 2742 1521 2775 (9⁶
1545 2739 1762 2784 transmitteret
1781 2741 1889 2782 ubique
1904 2766 1915 2782 ‚
1942 2744 1977 2776 Θ·
2000 2744 2106 2777 multis

1213 2793 1420 2836 simpliciorum
1430 2816 1440 2832 ‚
1466 2790 1676 2833 inconsiderato
1687 2791 1793 2823 auditu
1803 2789 1944 2832 laefionem
1963 2797 2108 2834 pernicio·

1213 2842 1313 2888 sorum
1330 2840 1557 2885 fitscipientibus
1575 2866 1585 2881 ,
1608 2841 1802 2883 persuaderet
1824 2847 1868 2874 ita
1882 2839 2007 2884 sapere,
2035 2841 2106 2881 ficut

1220 2894 1390 2928 abdicatum
1411 2891 1447 2932 est
1471 2895 1528 2925 Dei
1552 2890 1687 2933 Ecclesiae
1708 2916 1715 2923 .
1740 2889 1811 2924 lbas
1834 2891 1934 2935 igitur
1958 2915 1970 2932 ,
1995 2891 2106 2926 adhuc

1220 2943 1391 2986 Presbyter
1410 2967 1421 2983 ‚
1452 2941 1515 2976 fuit
1537 2952 1621 2976 unus
1647 2941 1783 2975 istorum
1807 2964 1817 2981 ,
1842 2941 1900 2984 qui
1921 2940 2101 2976 Theodori

1219 2994 1318 3029 libros
1341 2992 1575 3027 transtulerunt
1607 2991 1643 3025 in
1672 2991 1820 3036 linguam
1841 2991 2006 3033 Syriacam
2027 3015 2039 3032 ,
2067 2991 2104 3027 6:

1221 3044 1341 3086 ubique
1363 3043 1650 3078 disseminaverunt
1673 3066 1681 3073 .
1710 3041 1759 3076 lta
1786 3040 1985 3085 Episcopum
2007 3041 2104 3076 suum

1223 3092 1407 3129 Rabbulam
1420 3092 1581 3136 permovit
1596 3089 1636 3126 ad
1649 3090 1716 3125 istis
1730 3090 1818 3125 libris
1829 3115 1841 3131 ,
1868 3090 1990 3134 ipsique
2001 3091 2104 3126 etiam

1224 3145 1363 3189 personae
1373 3141 1549 3177 Theodori
1564 3141 1743 3176 dicendum
1753 3140 1942 3175 anathema.
1971 3141 2024 3175 Ex
2047 3152 2112 3191 eo·-

1222 3196 1296 3230 dem
1310 3193 1471 3238 principio
1484 3191 1649 3227 rebellavit
1675 3193 1791 3226 Edicto
1806 3190 1963 3225 Rabbulae
1974 3215 1984 3230 ‚
2011 3190 2103 3226 illius

1222 3243 1494 3280 communionem
1523 3240 1681 3283 deseruit,
1709 3242 1751 3276 ab
1775 3241 1843 3285 ipso
1862 3239 2006 3274 distruxit
2029 3240 2103 3274 Cle-

1222 3306 1293 3329 rum
1318 3295 1354 3328 δε
1377 3292 1542 3336 Populum
1556 3316 1567 3332 ,
1592 3292 1626 3325 in
1648 3290 1791 3326 defuncti
1810 3289 2008 3325 Cathedram
2029 3290 2102 3323 irre·

1223 3345 1306 3389 psit,
1331 3354 1368 3376 ac
1391 3345 1493 3385 ipsum
1519 3343 1617 3377 etiam
1641 3341 1886 3387 magnanimum
1897 3341 2061 3384 Cyrillum
2080 3337 2102 3372 ὲ

1223 3393 1452 3434 confirmando
1463 3393 1525 3430 isto
1534 3392 1742 3431 anathemate
1753 3390 1902 3428 deteruit.
1971 3437 2008 3474 H

2010 3447 2054 3474 πο
