2320 3730
359 181 457 211 202
704 163 1041 208 viatorium
1078 160 1331 204 Paratum
1366 156 1690 216 EPISToLAE,

284 250 456 293 oportebat
477 256 586 282 tamen
606 258 647 282 ea
669 257 706 282 ut
726 248 856 282 novella
875 246 1028 286 refutari,
1054 246 1167 278 &non

284 301 439 342 suscipere
452 297 493 331 ad
505 298 658 342 injuriam
680 299 928 342 praecedentium
941 320 952 335 ,
978 305 1046 338 quae
1070 294 1170 336 perfe-

1232 240 1443 284 punitionem
1457 240 1619 286 sanusest‚
1645 256 1736 287 quam
1746 251 1902 283 aternum
1915 240 2032 278 sentire
2049 250 2119 285 tor-

1233 300 1383 325 mentum
1396 315 1403 321 .
1430 291 1514 324 Tnae
1528 293 1603 326 vero
1613 294 1658 326 est
1669 295 1854 330 sanctitatis
1879 295 1912 329 &
1933 293 2118 330 manifesta·

283 351 332 381 &a
359 347 503 383 existunt
528 372 539 389 ,
575 347 758 393 horumque
783 348 824 381 ad
850 345 1070 387 receptionem
1097 353 1167 376 non

281 408 398 443 egent.

331 450 365 483 si
377 449 485 490 dicis,
511 449 639 484 bonum
654 449 698 482 est
708 446 799 490 quod
816 457 905 479 nunc
919 442 1024 478 habeo
1036 458 1047 478 .·
1073 444 1166 479 Fasta

278 498 324 532 est
333 496 495 542 expositio
507 498 685 543 Dogmatis
695 499 736 531 ad
751 494 999 530 succurrendum
1019 494 1165 537 pestilen-

278 549 334 583 tiae
348 548 494 583 Mundi.
523 550 736 593 Languorem
750 545 887 581 minime
899 545 983 578 sistes
994 569 1005 585 ,
1033 546 1090 578 nifi
1104 556 1166 579 ma-

277 598 391 634 teriam
405 599 574 643 languoris
599 598 802 633 evacuaveris
815 595 1028 629 effectricem.
1053 595 1092 629 In
1116 607 1164 630 va-

276 659 356 684 num
372 648 737 687 mederisextrinsec&s‚
764 648 820 689 qui
844 644 934 680 intus
953 645 1103 689 plantasti
1129 648 1164 681 &

224 720 226 723 .
277 700 430 734 radicasti
449 700 625 743 perniciem
639 722 646 729 .
673 698 706 730 Si
720 696 810 730 enim
826 696 1040 730 deterioribus
1052 698 1162 730 exeus-

275 750 315 783 sis
342 751 479 787 meliora
502 748 623 782 fuerint
645 745 827 781 introducta
841 770 852 787 ,
878 746 1014 781 meliora
1037 747 1164 781 obtine·

276 798 359 833 bunt
373 799 483 832 locum
494 822 506 838 ,
518 796 727 832 manentibus
738 805 846 830 autem
860 795 1078 840 blasphemiis,
1092 809 1161 840 quae

273 848 572 892 superinducuntur
584 872 594 888 ‚
618 848 749 893 egregia
763 847 917 891 injuriam
935 847 1138 882 sustinebunt
1150 873 1159 888 ‚

273 898 307 931 <Sc
319 897 535 941 reprobabilia
548 898 627 932 fient
639 922 647 930 .
672 898 759 947 Qae
769 898 858 932 enim
870 899 1066 932 communio
1080 899 1161 933 lucis

270 947 310 981 ad
324 947 469 982 tenebras
479 972 490 992 ‚
503 948 540 985 ,ὃς
550 959 620 991 quae
635 958 706 991 pars
718 948 803 982 fideli
817 960 894 982 cum
905 947 1033 982 infideli
1048 949 1064 980 ἒ
1091 950 1159 983 Sta-

270 998 320 1032 tio
335 999 426 1032 enim
450 997 583 1032 secundi
609 998 655 1032 est
668 999 878 1042 interemptio
890 999 1022 1042 prioris.
1052 998 1158 1033 Unde

266 1047 352 1082 dicit
364 1047 542 1092 Apostolus
555 1062 566 1083 :
594 1053 743 1082 Inter-imit
750 1055 839 1090 prius
852 1073 863 1088 ‚
891 1049 1042 1089 utstatuat
1061 1047 1158 1091 secun-

268 1099 342 1132 dum
354 1124 361 1132 .
394 1099 464 1145 Qi
480 1097 556 1132 ,vero
567 1099 598 1132 se
611 1096 692 1132 dicit
704 1097 974 1132 anathematizare
986 1097 1158 1141 Apollina-

267 1148 351 1182 rium
379 1148 586 1182 &vesaniam
598 1147 689 1189 ejus,
716 1148 796 1181 dum
811 1159 879 1180 non
904 1157 1092 1181 evertantur
1107 1148 1156 1181 illi

266 1199 484 1233 consonantia
496 1198 678 1242 Dogmata,
690 1196 835 1231 industio
849 1196 893 1231 est
908 1198 942 1231 ὅ(
953 1197 1032 1231 risus
1044 1211 1054 1231 :
1067 1198 1158 1232 Tan-

266 1248 363 1291 quam
376 1249 396 1281 si
410 1249 482 1291 quis
494 1248 645 1282 accusans
658 1258 728 1282 earn
740 1273 750 1289 ,
779 1259 849 1291 quae
857 1248 972 1292 genuit
986 1248 1091 1282 multa
1104 1260 1157 1282 ve-

268 1310 373 1339 nena,
400 1299 516 1337 offerat
529 1308 636 1332 tamen
650 1298 714 1341 ipsa
731 1309 879 1338 venena,
904 1298 937 1331 ὃς
964 1299 1089 1342 quiper
1101 1310 1157 1342 po·

264 1358 336 1383 turn
359 1349 482 1383 multos
501 1346 835 1393 extinguensidcirco
861 1349 891 1382 se
903 1346 1075 1382 arbitretur
1100 1349 1156 1383 de·

263 1400 444 1433 monstrare
465 1424 475 1440 ‚
502 1400 660 1440 quoniam
685 1398 786 1439 illos,
811 1398 867 1442 qui
894 1399 1067 1432 crudeliter
1090 1409 1155 1442 per-

263 1449 367 1491 empti
388 1451 482 1490 funt,
509 1449 576 1492 ipse
598 1459 665 1483 non
685 1449 818 1489 laeserit,
844 1449 920 1493 quia
944 1449 1072 1483 accusat
1097 1459 1155 1483 ter-

261 1508 331 1540 ,ram
348 1524 355 1532 .

313 1551 415 1593 Super
429 1548 495 1584 haec
508 1550 760 1595 subscriptiones
784 1559 940 1595 tanquam
966 1550 1069 1585 vidior
1088 1550 1155 1584 exi-

262 1608 339 1643 gere
366 1600 525 1643 gloriatur
547 1602 587 1635 ad
604 1602 692 1635 illius
719 1600 944 1645 impudentem
972 1601 1154 1636 damnatio-

263 1659 339 1682 nem
350 1673 360 1689 ‚
388 1649 445 1691 qui
458 1650 733 1694 nequejudicatus
744 1675 754 1690 ,
774 1663 880 1695 neque
892 1653 1062 1685 convictus
1076 1676 1086 1691 ‚
1101 1662 1155 1683 ne-

261 1709 327 1742 que
341 1700 544 1744 peregrinum
557 1701 682 1744 aliquid
697 1700 771 1734 fidei
786 1725 796 1741 ,
824 1713 894 1744 quae
906 1701 947 1735 ab
962 1702 1044 1735 olim
1057 1701 1152 1735 tradi-

262 1758 295 1783 ta
307 1749 351 1782 est
363 1770 374 1787 ,
401 1749 498 1783 nobis
509 1753 648 1785 consciis
662 1751 768 1784 dixit.
838 1763 911 1785 uem
927 1751 973 1785 vel
992 1749 1078 1784 unde
1088 1751 1154 1784 cul-

263 1809 400 1842 pemus,
432 1800 574 1832 omnine>
600 1813 669 1834 non
693 1802 793 1834 novi.
825 1803 881 1834 An
893 1801 976 1834 sorte
991 1802 1066 1843 quia
1090 1801 1155 1833 illis

262 1849 358 1882 novis
369 1848 596 1893 Dogmatibus
608 1862 675 1884 non
688 1850 832 1890 assensit,
860 1862 929 1894 quae
950 1861 1010 1883 nos
1033 1848 1155 1892 adjudi-

262 1898 409 1932 cavimus
421 1924 431 1939 ,
458 1899 545 1941 prius
568 1901 667 1943 quam
696 1901 859 1934 novitates
888 1911 1006 1933 vocum
1038 1924 1047 1939 ,
1076 1911 1154 1943 quas

262 1950 426 1990 Scriptura
456 1960 523 1982 non
537 1951 635 1983 tradit
646 1975 656 1989 ,
673 1951 738 1993 ipse
749 1950 949 1984 testimoniis
962 1951 1061 1983 Sacrae
1074 1951 1154 1983 Scri·

263 2008 364 2043 pturae
388 2000 562 2040 praeposuit
577 2000 594 2030 ἔ
622 2000 735 2045 Qare
761 2011 796 2033 ea
811 2010 881 2043 quae
892 2001 966 2033 sunt
981 1999 1155 2042 Apostolo-

261 2047 360 2088 ⁴tum,
385 2047 419 2080 &
443 2046 702 2091 Prophetarum,
730 2048 764 2080 &
790 2048 1095 2091 Evangelistarum,
1122 2049 1155 2080 ὅ(

262 2097 360 2141 ipsius
372 2096 520 2137 Christi,
532 2098 586 2141 qui
599 2098 644 2131 est
657 2098 807 2132 omnium
821 2098 990 2132 Dominus
1004 2121 1013 2136 ,
1037 2096 1155 2138 absque

263 2147 439 2183 vitiatione
451 2147 643 2191 praedicavit.
672 2147 734 2181 Sed
748 2157 862 2180 contra
877 2147 951 2180 illos
962 2147 1155 2180 sententiam

264 2198 484 2242 proferemus,
511 2196 534 2229 fi
560 2197 783 2239 adjudicamus
806 2195 895 2230 hunc
913 2207 975 2236 ea,
1001 2197 1156 2239 quaeillo-

264 2258 336 2282 rum
349 2248 422 2281 sunt
435 2270 445 2287 ‚
474 2246 708 2291 praedicantem
724 2271 731 2278 .
760 2246 986 2291 Quaecumque
997 2256 1107 2279 autern
1121 2246 1154 2279 in

264 2296 470 2333 mirabilibus
490 2297 626 2331 illorum
657 2296 765 2330 Gestis
795 2296 862 2330 *five
884 2295 1094 2330 Commentis
1115 2307 1154 2330 ex

266 2347 363 2391 hujus
375 2348 533 2391 adscripta
549 2348 686 2381 nomine
698 2346 715 2380 a
727 2347 863 2380 veritate
883 2347 1081 2380 dissonantia
1107 2347 1155 2379 in—

267 2399 446 2432 veniuntur
457 2422 467 2439 ,
493 2398 551 2432 nisi
562 2397 689 2431 ostensa
715 2398 839 2432 fuerint
852 2397 986 2433 audacia
998 2397 1155 2430 Falsario·

265 2460 337 2483 rum
351 2447 490 2482 confista
506 2472 516 2488 ,
528 2447 640 2489 hisque
653 2457 828 2481 nocentem
842 2445 1040 2491 deprehendi
1050 2446 1154 2481 conti·

269 2499 353 2544 gerit
371 2523 382 2540 ‚
409 2497 517 2533 modis
543 2497 700 2532 omnibus
726 2498 934 2541 suscipiemus
960 2497 1155 2531 addictionis

267 2549 460 2584 sententiam
475 2573 482 2580 .
511 2548 555 2583 Et
567 2547 677 2582 nullus
688 2549 730 2581 fic
742 2548 814 2581 odit
824 2548 969 2581 animam
980 2548 1069 2580 suam
1081 2572 1091 2588 ,
1119 2558 1154 2582 ut

271 2611 342 2635 non
357 2609 437 2633 mox
461 2597 714 2632 anathematizet
726 2607 761 2629 ea
775 2620 785 2636 ,
811 2608 880 2639 quae
899 2596 1068 2631 manifeste
1089 2599 1154 2631 fue-

268 2651 335 2686 rint
348 2660 443 2691 prava
455 2671 465 2686 ,
491 2659 566 2682 cum
581 2647 650 2690 ipso
664 2646 767 2689 quiea
779 2646 883 2680 dixit:
912 2647 987 2679 Sive
1000 2647 1055 2679 ille
1066 2671 1076 2687 ,
1104 2648 1153 2680 vel

321 2799 410 2855 Qis
421 2808 531 2832 autem
543 2797 664 2847 poterit
675 2797 824 2833 oblivisci
836 2798 891 2833 illa
904 2798 1000 2833 verba
1012 2809 1156 2843 congrua

270 2860 327 2886 tua
344 2871 355 2887 ‚
379 2859 449 2892 quae
473 2849 631 2883 memoria
641 2848 741 2893 digna
765 2849 858 2887 sunt,
885 2860 954 2892 quae
974 2861 1034 2883 nos
1045 2849 1158 2883 instru-

272 2909 391 2935 xerunt
405 2900 439 2933 in
454 2897 600 2943 Epheso:
631 2899 720 2945 Qiia
732 2897 811 2932 dum
823 2899 890 2932 duo
902 2900 1068 2933 mortifera
1088 2911 1156 2942 prae-

270 2950 383 2993 cipitia
408 2959 657 2993 proponuntur,
684 2948 765 2983 hinc
778 2948 912 2993 quidem
939 2950 1014 2992 quia
1038 2948 1158 2983 dicitur

272 3002 409 3044 Dogma
419 3000 513 3034 fuisse
523 3009 714 3043 corruptum
725 3023 735 3041 ,
764 2999 858 3032 illinc
870 2999 945 3033 vero
957 3000 1031 3042 quia
1042 3009 1158 3033 contra

272 3051 372 3092 ipsum
387 3051 519 3094 iniquus
528 3050 686 3084 exstiterit
697 3073 708 3090 ‚
736 3048 820 3082 nihil
833 3048 888 3083 hic
903 3048 1031 3083 interest
1049 3049 1156 3083 utrum

273 3112 313 3132 ex
326 3100 384 3138 illo
400 3101 574 3144 praecipitio
586 3125 597 3141 ‚
623 3099 712 3144 quod
729 3099 838 3134 minus
851 3099 981 3133 videtur
996 3123 1007 3139 ‚
1034 3100 1155 3143 aliquis

272 3159 342 3182 ruat
354 3172 364 3186 ,
384 3151 459 3192 quia
469 3149 557 3194 aeque
570 3149 830 3193 periclitabitur;
857 3148 940 3183 nihil
951 3148 1103 3192 prohibet
1125 3151 1157 3184 ἅ

272 3210 315 3232 cx
328 3198 407 3235 illo,
431 3200 518 3241 quod
533 3202 640 3234 minus
653 3198 801 3242 videtur,
827 3200 947 3243 aliquis
957 3210 1052 3232 ruens
1075 3200 1156 3233 sirni-

273 3249 347 3281 liter
360 3248 572 3288 periclitetur.
600 3248 643 3281 Et
656 3250 788 3291 quidem
808 3250 897 3293 quod
909 3248 991 3284 mihi
1007 3249 1130 3292 placuit
1146 3275 1155 3291 ‚

275 3296 411 3340 breviter
436 3297 600 3336 indicavi,
625 3298 728 3331 sciens
741 3300 856 3333 melius
879 3301 941 3335 effe
952 3324 963 3341 ,
988 3299 1152 3343 quidquid

272 3345 355 3395 iliud
367 3345 410 3387 est
425 3369 436 3386 2
464 3347 554 3398 paci.
582 3347 788 3392 Qapropter
799 3351 1010 3395 temporalem
1024 3346 1154 3394 >peccati

267 2698 422 2742 Angelus
435 2697 476 2731 de
487 2697 573 2731 coelo
585 2697 681 2731 fuerit
695 2720 706 2738 ,
732 2697 789 2741 qui
803 2696 909 2734 dicere
927 2697 1156 2741 praesumpserit
1204 2699 1207 2704 '
1270 2693 1362 2727 Ante
1370 2690 1482 2725 omnia
1494 2698 1588 2735 rogat
1600 2715 1610 2730 ‚
1630 2699 1666 2725 ut
1679 2690 1808 2734 Cyrillo
1822 2691 2006 2727 nullatenus
2016 2704 2107 2728 com·

268 2750 469 2792 incongrua.
1066 2744 1069 2747 ’
1165 2699 1178 3539 ¹
1220 2753 1403 2778 munceur
1451 2740 1510 2774 nisi
1534 2740 1633 2776 verbo
1658 2741 1692 2774 δε
1715 2742 1832 2784 scripto
1854 2742 2107 2778 anathematizet

1232 352 1264 375 re
1275 351 1345 383 quae
1354 351 1441 374 certa
1454 342 1525 375 sunt
1537 366 1548 382 ‚
1574 342 1686 376 &tarn
1698 343 1814 377 litteris
1827 355 1930 386 quam
1955 345 2115 379 orationi-

1232 391 1292 425 bus
1302 391 1498 425 confirmare
1508 416 1517 431 ‚
1543 391 1576 425 &
1587 402 1655 437 quae
1667 390 1822 426 meditata
1843 395 1916 429 sunt
1935 395 2092 429 nunciare
2103 417 2115 434 ‚

1231 451 1268 476 ut
1278 439 1752 485 praeveniatisAdversatiorum
1767 443 1945 485 nequitiam
1956 469 1969 486 ,
1978 448 2012 481 ἀ
2025 448 2115 490 quie·

1230 503 1295 527 tem
1309 492 1548 536 beneplacitam
1560 493 1665 537 magis
1677 492 1815 537 eligere,
1841 492 1864 525 fi
1890 492 1974 527 nihil
1999 506 2112 539 praeter

1231 554 1344 586 pacem
1362 540 1505 576 fiendum
1528 542 1574 575 est
1602 553 1700 585 atque
1722 542 1935 577 concordiam
1945 568 1952 575 .
1982 546 2112 581 Didici-

1229 604 1301 630 mus
1323 594 1410 626 enim
1424 617 1434 632 ,
1461 594 1537 635 quia
1548 592 1586 626 sit
1612 593 1644 626 &
1657 593 1724 626 falsi
1739 592 1885 627 nominis
1907 605 1992 637 pax,
2017 595 2112 634 abeo

1229 644 1284 686 qui
1297 642 1380 677 clare
1390 643 1473 676 dixit
1487 657 1498 676 :
1526 645 1610 686 ,Quia
1630 644 1744 677 zelatus
1761 641 1829 686 sum
1846 645 2089 696 inpeccatorlbus
2098 671 2112 694 ³
2127 647 2290 688 Psaimm,

1223 702 1330 736 pacem
1337 701 1521 735 peccatorum
1533 694 1643 727 videns
1652 718 1659 726 .

1413 850 1914 902 SCH0110N0

1255 1005 1269 1012 ··
1289 995 1425 1030 Ecunda
1438 996 1648 1040 Cappadocia
1671 998 1830 1042 spectabat
1853 999 1893 1033 ad
1914 998 2111 1043 Ponticam,

1311 1058 1380 1080 non
1403 1047 1442 1080 ad
1466 1049 1671 1082 Orientalem
1692 1059 1748 1082 aut
1769 1048 1969 1083 Thracicam
1982 1051 2112 1085 Dioece-

1224 1095 1282 1128 sim
1297 1120 1307 1135 ,
1335 1093 1479 1138 ideoque
1500 1097 1631 1139 quaestio
1653 1098 1697 1131 est
1712 1122 1723 1137 ‚
1748 1100 1918 1142 quomodo
1939 1100 2028 1133 illius
2039 1101 2112 1134 Me·

1227 1144 1383 1188 tropolita
1408 1144 1585 1179 Eutherius
1607 1156 1714 1180 tamen
1729 1148 1935 1189 pertinaciter
1946 1149 2113 1184 adhaeserit

1224 1195 1405 1228 Nestorio.
1432 1195 1515 1229 Item
1536 1207 1593 1229 cur
1613 1197 1742 1230 Firmus
1763 1197 1963 1232 Caesarienfis
1982 1200 2114 1242 Episco-

1222 1256 1281 1287 pus
1294 1269 1304 1285 ‚
1333 1245 1551 1288 Metropolita
1566 1247 1678 1289 primae
1695 1247 1912 1290 Cappadociae
1923 1272 1934 1288 ,
1959 1260 1998 1283 ac
2009 1249 2112 1283 totius

1224 1294 1410 1329 Dioeceseos
1432 1295 1602 1329 Exarchus
1624 1320 1635 1336 ,
1670 1296 1927 1332 constantiffime
1946 1298 2113 1335 adhaeserit

1226 1345 1343 1379 Sansto
1356 1345 1489 1387 Cyrillo
1510 1357 1548 1378 ac
1567 1345 1733 1389 Ephefino
1755 1347 1935 1381 Concilio.
1962 1347 2052 1382 Nam
2077 1350 2114 1387 δε

1223 1395 1360 1438 Joannis
1372 1393 1580 1428 Antiocheni
1602 1396 1721 1438 primas
1746 1395 1914 1430 adversum
1926 1398 2034 1432 Sansti
2046 1398 2115 1441 Cy·

1222 1446 1288 1479 rilli
1298 1445 1452 1489 Capitula
1465 1444 1661 1488 Encyclicas
1682 1446 1803 1479 litteras
1817 1446 1992 1481 Eutherius
2004 1459 2116 1491 prom·

1223 1496 1362 1539 ptiffirne
1387 1494 1515 1529 admisit
1539 1520 1550 1535 ,
1587 1496 1717 1530 Firmus
1750 1496 1927 1531 firmiffime
1954 1498 2109 1540 projecit·

1222 1546 1421 1590 Respondeo
1448 1546 1597 1579 Firmum
1627 1542 2011 1590 constantinopolitanis
2038 1547 2115 1591 Epi-

1221 1597 1345 1640 scopis‚
1372 1595 1429 1644 qui
1448 1594 1513 1644 jam
1526 1595 1650 1633 dudum
1662 1596 1760 1639 ipsius
1773 1596 2113 1635 Dioecesiminvadere

1222 1658 1258 1680 ac
1280 1646 1338 1680 fibi
1363 1645 1523 1681 violenter
1542 1644 1698 1689 subjicere
1715 1656 1897 1689 coeperant,
1927 1646 2021 1681 fuisse
2031 1658 2111 1681 eon-

1222 1696 1342 1730 stantet
1362 1695 1583 1729 adversatum.
1612 1696 1701 1730 Nam
1723 1694 2112 1740 philostorgiusafflunat

1224 1745 1416 1791 Eugenium
1443 1745 1619 1783 Nicaenum
1649 1744 1850 1789 Episcopum
1871 1745 1963 1781 fuisse
1984 1745 2114 1781 ordina·

1222 1806 1294 1830 tum
1321 1795 1730 1838 aConflantinopolitano
1755 1795 1935 1837 Eudostio.
1964 1795 2110 1831 Proinde

1221 1847 1356 1880 Sanetus
1375 1846 1517 1892 Joannes
1531 1843 1785 1891 Chrysostomus
1807 1857 1876 1880 non
1899 1845 1945 1880 est
1967 1845 2110 1887 omnino

1222 1894 1458 1930 Authoristius
1485 1895 1665 1929 violentiae.
1694 1895 1855 1930 Attamen
1879 1896 1992 1939 &ipse
2005 1896 2111 1930 Nico-

1221 1945 1440 1980 medienfibus
1464 1946 1662 1985 Geruntium
1697 1970 1707 1990 η
1743 1947 1777 1982 &
1800 1945 2112 1990 Bafilonopolitanis

1221 1996 1385 2031 ordinavit
1400 1995 1644 2031 Alexandrum.
1673 1996 1718 2029 Et
1733 1994 1811 2030 hinc
1824 1995 2001 2030 Helladins
2010 1996 2111 2031 Caesa·

1220 2046 1329 2077 riensxs
1342 2045 1523 2085 Episcopus
1545 2046 1589 2078 est
1604 2046 1765 2087 Joannem
1787 2045 1947 2080 hostiliter
1968 2047 2111 2090 persecu-

1220 2104 1286 2126 tus.
1317 2092 1411 2126 Stetit
1435 2093 1616 2135 intrepidus
1637 2104 1696 2134 pro
1717 2095 1897 2138 privilegiis
1917 2097 1978 2129 suae
2000 2095 2112 2130 Eccle-

1220 2143 1287 2177 siae.
1316 2143 1445 2178 Firmus
1459 2141 1558 2185 igitur
1571 2143 1738 2176 Successor
1745 2143 1790 2176 est
1801 2145 1930 2178 secutus
1939 2144 2004 2186 ejus
2017 2144 2111 2179 vesti-

1219 2193 1295 2238 gia.
1325 2192 1451 2226 Eadem
1473 2191 1605 2226 forsitan
1627 2192 1713 2226 ratio
1734 2191 1935 2235 Ephefinum
1956 2195 2113 2229 Memno·

1220 2253 1298 2276 nem
1317 2242 1477 2276 animavit
1502 2242 1651 2276 adversus
1674 2241 1883 2277 Nestorium.
1910 2243 1949 2276 In
1971 2251 2111 2288 utroque

1219 2292 1343 2336 adjuvit
1364 2292 1472 2326 zelum
1496 2290 1690 2326 orthodoxae
1705 2292 1799 2326 fidei.
1826 2291 1875 2328 At
1898 2291 1976 2329 vero
1990 2293 2110 2328 Euthev·

1218 2344 1304 2384 rius,
1332 2344 1380 2377 uti
1402 2341 1556 2385 &plures
1578 2342 1635 2375 alii
1649 2344 1746 2377 trium
1768 2342 1850 2376 olim
1865 2342 2110 2386 Autocephala-

1218 2405 1290 2428 rum
1314 2393 1514 2428 Dioecefium
1537 2390 1763 2434 Metropolitae
1783 2417 1794 2432 ,
1821 2391 1965 2426 submisit
1984 2393 2109 2428 collum

1221 2444 1301 2488 jugo
1324 2468 1335 2484 ‚
1362 2441 1502 2485 ideoque
1527 2441 1682 2476 omnibus
1706 2441 1815 2475 modis
1835 2441 1960 2477 studuit
1982 2442 2107 2486 placere

1218 2495 1277 2529 suo
1289 2492 1483 2527 Patriarchae
1494 2491 1650 2530 Nestorio
1662 2516 1668 2524 .
1698 2490 1777 2533 Ejus
1788 2492 1867 2526 item
1878 2491 1986 2527 amico
2007 2503 2046 2527 ac
2056 2504 2107 2536 pa-

1218 2555 1316 2579 trono
1351 2541 1470 2587 Joanni
1498 2566 1505 2574 .
1542 2541 1636 2574 Hinc
1661 2541 1822 2583 pendente
1850 2541 1939 2583 pacis
1965 2543 2106 2585 negotio

1219 2594 1308 2632 hunc
1320 2592 1449 2626 accessit
1459 2601 1535 2629 cum
1546 2589 1661 2623 multis
1672 2590 1938 2631 instrustionibus
1947 2602 1986 2630 ac
1994 2590 2106 2636 depre-

1201 2641 1408 2698 'cationibus
1417 2665 1426 2674 .

1221 2796 1276 2831 sua
1296 2792 1448 2837 Capitula
1468 2803 1475 2823 ε
1504 2790 1647 2834 eoquod
1673 2790 1739 2824 haec
1766 2803 1829 2835 prae
1859 2791 2015 2828 omnibus
2034 2793 2105 2837 ejus

1220 2844 1352 2888 Scriptis
1371 2843 1433 2876 sint
1444 2842 1648 2886 singulariter
1671 2840 1871 2885 blasphema.
1899 2847 1946 2875 An
1963 2843 2105 2883 adbaec.

1221 2895 1348 2939 inquit,
1375 2892 1642 2929 manebuntomnes
1663 2891 1834 2934 ubiquenln·
1845 2891 2010 2934 Episcopi,
2028 2891 2104 2933 ficut

1218 2944 1462 2987 illepraecepit?
1500 2943 1600 2976 Hanc
1626 2941 1747 2984 Cytilli
1774 2942 1927 2976 fiduciam
1951 2942 2105 2977 censebat

1219 2991 1459 3030 intolerabilem
1487 3018 1493 3024 .
1522 2991 1654 3026 Etenim
1681 2992 1859 3028 orientalis
1892 2991 1990 3026 fastio
2016 2991 2104 3035 apud

1221 3044 1384 3089 Ephesum
1413 3040 1701 3082 anathematizarat
1723 3041 1899 3085 Capitula‚
1926 3042 2105 3085 &propter

1219 3097 1283 3140 ipsa
1296 3093 1460 3137 Cyrillum
1482 3105 1518 3126 ac
1529 3093 1750 3127 Memnonem
1773 3103 1929 3136 perpetuae
1939 3093 2105 3135 acirrepa-

1219 3145 1311 3180 rabili
1342 3142 1628 3178 Haerefiarcharum
1651 3143 1877 3187 degradationi
1910 3141 2104 3184 subjecerat,

1221 3197 1361 3239 ideoque
1371 3195 1513 3237 ipsorum
1528 3192 1700 3227 authorem
1713 3193 1779 3227 fine
1793 3192 1982 3236 poenitentia
2004 3193 2038 3225 &
2049 3191 2104 3226 ab·

1217 3245 1369 3289 juratoria
1381 3245 1572 3288 professione
1585 3244 1619 3277 in
1631 3243 1901 3277 communionem
1920 3242 1951 3275 ἃ
1963 3242 2099 3286 gradum

1219 3296 1357 3339 recipere
1377 3293 1725 3337 Eutheriusjudicabat
1746 3293 1808 3327 esse
1826 3293 1924 3325 nimis
1946 3293 2099 3331 devium,

1219 3347 1316 3383 nimis
1338 3344 1557 3390 paradoxum.
1586 3343 1660 3382 Nec
1677 3343 1847 3387 dumtaxat
1858 3344 2018 3385 recipere,
2045 3339 2099 3378 sed

1932 3392 1964 3424 ἃ
1975 3390 2050 3424 iau-v
