2320 3730
623 175 935 235 Senotirs,
971 188 1033 225 tr
1068 171 1264 224 Nous
1299 182 1691 223 rLLus'rRATAE.

226 262 314 303 elate
335 259 521 306 conspicere
534 259 657 304 poteris
670 284 681 299 ,
707 260 741 294 &
754 259 858 302 qualis
878 270 940 301 pax
954 256 1108 292 Ecclesia-

225 315 309 350 ffica
316 314 399 349 fasta
420 311 458 345 fit
468 335 480 352 ‚
505 311 539 345 δε
549 321 620 355 quae
630 310 694 346 fint
706 309 726 343 a
739 309 960 344 Diviniffimis
972 307 1107 353 Legatis

226 362 345 402 nostris
364 362 455 397 astas
481 361 526 395 Et
546 362 623 405 quia
640 359 750 405 potius
770 361 809 394 fit
832 370 979 403 receptus
991 384 1002 400 ‚
1028 358 1105 393 Deo

225 411 434 450 Amiciffime
457 411 607 447 Domine
641 409 725 446 mihi
753 436 761 443 .
797 411 946 453 Dignare
971 417 1107 448 autem,

222 463 334 550 3:aesp
353 487 367 507 ,
390 461 547 499 consuete
573 472 633 513 pro
651 472 726 501 mea
746 459 949 500 Humilitate
970 458 1107 494 interce·

270 523 321 548 re.

224 638 289 688 Et
317 653 376 689 cx
420 634 512 687 istis
561 629 738 703 Scriptis
785 630 887 685 satis
922 627 1109 686 ostendi-

294 723 369 759 tur
394 741 407 766 ,
466 705 592 774 quod
656 703 819 771 ubique
867 699 1110 752 notandum

243 788 245 791 “
296 778 362 830 cst
384 813 398 840 ,
444 780 551 845 quia
596 790 748 827 omnes
795 774 863 822 illi
909 775 1114 822 Orienta-

297 849 387 909 les,
421 849 503 914 qui
537 844 749 896 nolebant
784 842 990 896 damnare
1018 846 1113 892 Nc-

297 918 479 971 storium
512 954 526 978 ,
573 934 662 966 non
711 916 933 983 Cyrillurn
983 950 997 974 ‚
1043 910 1113 960 sed

248 1042 251 1043 γ
294 993 515 1055 Joannem
549 983 703 1037 cessiss‘e
750 983 964 1045 dicebant·
989 1017 1003 1031 .
1057 986 1114 1032 Et

299 1059 380 1124 qui
398 1086 400 1092 ·
415 1053 636 1106 habebant
671 1056 937 1104 contrariam
965 1054 1116 1104 volun-

297 1140 438 1176 tatem
474 1162 488 1186 ‚
538 1126 757 1178 contraria
808 1126 1018 1194 opinione
1063 1122 1118 1174 de

299 1211 490 1264 utroque
523 1194 783 1248 tenebantur
797 1231 810 1246 .

424 1374 933 1419 Senotton.

232 1515 379 1602 ch
392 1515 544 1551 Miletius
554 1517 620 1551 fuit
642 1516 907 1563 Mopsuestjenfis
928 1516 962 1551 in
982 1512 1122 1550 secunda

369 1566 491 1601 Cilicia
522 1567 704 1610 Episcopus
723 1590 735 1606 ,
762 1567 932 1609 proximus
963 1565 1122 1598 successor

230 1615 380 1651 scelerati
398 1613 593 1649 Theodori.
619 1615 730 1659 Ipsum
753 1615 838 1649 infra
864 1615 1035 1649 audiemus
1046 1613 1125 1648 dan·

230 1675 301 1702 tem
310 1665 352 1701 de
365 1665 536 1708 semetipso
547 1664 631 1700 istud
643 1665 868 1700 testimonium
879 1691 886 1698 .
914 1665 959 1700 Et
973 1663 1125 1699 hincfuit

229 1715 504 1761 pertinaciffimus
526 1714 629 1750 hostis
652 1714 821 1760 Ephefinae
840 1715 994 1759 Synodi,
1019 1715 1055 1749 &
1078 1726 1128 1749 or-

231 1765 388 1802 thodoxae
400 1765 563 1799 veritatis.
585 1764 698 1809 Hujus
716 1766 804 1809 pacis
826 1766 890 1800 fuit
914 1765 1128 1800 Adversarius

230 1814 318 1853 adeo
338 1825 544 1857 contumaX,
570 1825 607 1850 ut
630 1814 649 1849 ὲ
671 1817 730 1850 suo
750 1815 951 1859 Episcopatu
969 1815 1068 1858 ejici,
1093 1815 1128 1848 &

231 1866 406 1901 exulatum
427 1865 515 1899 abire
539 1865 713 1906 maluerit,
740 1865 839 1909 quam
862 1866 964 1909 ipsam
976 1865 1128 1899 admitte·

232 1926 286 1951 re.
314 1915 360 1949 Et
370 1924 449 1950 tunc
475 1915 627 1950 unacum
638 1913 826 1950 Theodoro
848 1915 965 1959 ejeecus
975 1914 1040 1948 fuit
1055 1914 1130 1949 esa-

236 1965 300 2001 cris
311 1964 431 2000 tabulis
442 1964 707 2009 Mopsuestienfis
718 1966 870 2000 Ecclefiae
881 1990 892 2006 ,
917 1977 954 2000 ac
966 1964 999 1999 in
1014 1976 1130 1999 eorum

236 2016 351 2051 locum
376 2013 523 2050 suffectus
544 2016 608 2050 fuit
634 2016 770 2050 Saucius
794 2016 942 2059 Cyrillus
961 2040 968 2047 .
998 2015 1130 2057 Nequa-

234 2077 337 2110 quam
358 2065 446 2099 solus
467 2063 668 2099 Theodorus
689 2066 753 2099 fuit
775 2065 893 2107 eiectus
912 2089 924 2105 ‚
950 2064 1003 2097 sed
1029 2064 1130 2098 etiarn

234 2114 292 2149 hic
303 2114 475 2149 Miletius.
502 2113 563 2147 Ille
580 2112 599 2147 ὲ
624 2113 854 2148 defunctorum
868 2138 879 2154 ,
905 2112 989 2147 hice
1009 2110 1131 2147 tabulis

234 2164 445 2199 viventium.
467 2162 573 2198 Porto
598 2162 775 2207 Imperator
799 2164 1001 2208 Justinianus
1030 2163 1131 2206 Mop-

236 2215 421 2249 suestenam
440 2213 615 2255 synodum
638 2214 680 2247 de
700 2214 771 2247 solo
793 2213 982 2248 Theodoro
995 2223 1131 2257 rogave·

237 2274 287 2298 rat
299 2289 310 2305 ,
339 2263 479 2306 ideoque
499 2262 610 2305 &ipsa
620 2262 661 2296 de
675 2261 739 2296 hoc
754 2262 825 2297 solo
839 2262 1024 2305 respondit.
1051 2262 1130 2295 Pro-

237 2313 317 2348 inde
344 2312 399 2347 hic
423 2311 576 2347 Miletius
597 2313 662 2346 fuit
681 2313 783 2356 usque
797 2311 860 2346 huc
873 2323 927 2355 per
937 2311 1065 2353 aliquot
1083 2311 1132 2344 sae·

238 2364 314 2398 cuia
336 2363 472 2407 ignotus
497 2362 649 2397 mundo.-
676 2362 786 2403 Eum,
806 2363 842 2396 δε
866 2361 956 2406 plura
968 2361 1037 2403 ejus
1048 2360 1131 2394 Asta

237 2414 306 2457 jam
326 2411 482 2445 discimus
504 2423 545 2446 ex
567 2412 742 2446 Caffinensi
764 2411 891 2445 Codice
914 2437 921 2443 .
949 2408 1054 2444 Porro
1075 2409 1132 2444 ille

238 2461 322 2495 reste
343 2461 463 2503 scripfit
484 2460 526 2494 ad
548 2459 637 2495 hunc
660 2460 952 2503 Hierapolitanum
984 2458 1131 2494 Alexan-

238 2510 357 2545 drum.
383 2511 453 2543 Hic
475 2510 566 2544 enim
589 2510 651 2544 fuit
673 2510 880 2544 duriffimum
904 2518 1002 2554 caput
1012 2519 1131 2544 contu·

235 2559 426 2595 -macissimae
436 2559 587 2593 adversus
604 2559 723 2593 initam
736 2559 951 2594 Ecclefiarum
963 2571 1076 2603 pacem
1088 2559 1131 2593 fa-

235 2610 376 2644 ἃὶοηίς.
404 2609 516 2643 Etiam
541 2607 597 2642 hic
619 2608 664 2642 ob
685 2608 779 2643 istam
800 2611 1046 2643 contumaciam
1066 2611 1130 2644 fuit

238 2659 426 2703 deportatus
455 2659 491 2693 in
512 2667 676 2692 remotum
697 2669 735 2692 ac
757 2668 948 2702 perpetuum
972 2659 1129 2694 exilium.

289 2709 443 2744 Miletius
454 2707 565 2742 scribit
578 2708 665 2743 varia
676 2733 683 2740 .
710 2707 824 2743 Primo
836 2732 847 2748 ‚
873 2708 963 2753 quod
980 2708 998 2742 ὲ
1011 2710 1132 2744 facien·

239 2759 282 2803 da
303 2758 366 2793 hac
389 2769 469 2802 pace
490 2757 587 2791 fuerit
607 2759 728 2802 semper
745 2758 892 2801 alienus,
918 2759 1053 2803 &quod
1063 2759 1129 2802 jam

239 2803 326 2845 circa
338 2810 453 2843 factam
470 2807 643 2852 perseveret
656 2808 689 2841 in
702 2808 815 2844 eadem
830 2809 1006 2844 sententia.
1035 2810 1129 2856 Qo-

239 2860 334 2894 niam
354 2857 422 2893 haec
445 2870 508 2902 pax
521 2869 590 2892 non
601 2857 646 2892 est
657 2857 886 2902 dispensatoria
901 2885 911 2901 ,
937 2859 1129 2903 utijactatur

238 2909 472 2945 condescensio
493 2932 504 2950 ,
530 2905 584 2942 sed
607 2908 776 2944 manifesta
803 2910 1020 2953 praevaricatio
1040 2935 1048 2943 .
1075 2909 1127 2945 Se-

240 2959 355 2994 cundo
365 2983 377 3000 ‚
401 2959 539 2993 affirmat
550 2959 582 2992 se
593 2958 627 2991 in
642 2957 703 2992 hac
716 2970 748 2993 re
758 2961 820 2994 effe
832 2962 945 2995 turrim
961 2959 1126 2995 Adaman-

239 3010 372 3049 tinam‚
397 3009 492 3043 nullo
523 3008 649 3042 consilii
672 3008 723 3042 vel
749 3009 957 3045 authoritatis
983 3011 1126 3054 pondere

241 3057 418 3093 mobilem.
447 3058 570 3093 Tertio
580 3058 716 3093 affirmat
743 3059 908 3104 Cyrillum
920 3072 1126 3106 nequaquam

239 3108 395 3146 receffiffe
404 3107 423 3141 ὲ
433 3108 497 3142 suis
508 3107 673 3151 Capitulis
682 3121 720 3143 ac
732 3110 805 3145 aliis
813 3112 937 3155 scriptis
949 3137 960 3153 ‚
987 3110 1127 3155 ideoque

241 3168 428 3203 permanere
440 3158 652 3199 Hei-ericum.
679 3159 787 3203 Ipsum
810 3162 872 3196 effe
882 3163 923 3196 fic
934 3161 1127 3205 receptum&

243 3209 372 3254 Joanne
396 3206 582 3242 Patriarcha
593 3232 604 3248 ‚
629 3219 667 3242 ac
678 3211 843 3254 propterea
855 3211 939 3246 hanc
951 3223 1064 3255 pacem
1076 3223 1128 3246 ne·

245 3268 409 3303 quaquam
429 3257 492 3291 esse
517 3255 794 3293 orthodoxorum
829 3263 1101 3296 communionem
1116 3287 1127 3304 ,

245 3308 300 3344 sed
323 3307 526 3342 manifestam
538 3308 682 3350 ipsorum
696 3311 921 3346 confusionem
932 3323 1008 3346 cum
1020 3314 1126 3346 Haere-

244 3359 338 3396 ticis.
365 3357 495 3404 Qart&
508 3383 518 3398 ‚
546 3356 612 3392 hoc
625 3357 739 3402 probat
750 3360 893 3405 exipsius
905 3361 1022 3405 Cyrilli
1046 3363 1128 3397 litte-

344 3407 457 3448 Gbrist.
471 3411 550 3451 Lupi
564 3412 666 3451 Opera
678 3412 711 3442 T.
718 3413 779 3443 V11
784 3436 791 3443 .

1168 256 1211 291 ris
1234 254 1563 299 Constantinopolim
1584 257 1709 302 scriptis
1730 261 1772 296 ad
1795 263 1955 307 quosdam
1975 264 2051 301 suos

1171 305 1319 344 Clericos
1331 330 1344 347 ,
1366 306 1582 341 lamentantes
1591 309 1720 351 grassari
1732 309 1800 344 illic
1822 314 1988 356 publicam
2006 316 2053 350 fa-

1171 368 1258 394 mam
1268 382 1280 398 ,
1306 356 1396 401 quod
1406 357 1520 397 omnia
1532 357 1587 392 sua
1597 366 1714 392 contra
1726 359 1915 398 Nestorium
1935 364 2054 408 scripta.

1170 406 1489 447 anathematizasset,
1514 407 1550 446 δε
1572 410 1707 443 cunctos
1730 413 1925 452 praeparasset
1935 414 1976 448 ad
1987 414 2056 458 ipsa

1171 456 1371 501 projicienda
1390 459 1424 494 &
1454 458 1664 512 conspuenda
1680 484 1687 491 .
1716 458 1774 497 Est
1794 458 1931 502 epistola
1950 485 1962 502 ,
1987 474 2058 497 non

1171 507 1211 544 ad
1236 507 1419 553 Eulogium
1441 507 1675 552 Presbyterum
1695 531 1707 548 ,
1735 507 1790 543 sed
1812 508 1854 543 ad
1875 508 2061 555 Theogno-

1173 557 1257 592 stum
1280 583 1291 599 ,
1318 557 1573 594 Charmofinum
1590 582 1602 599 ‚
1629 571 1668 594 ac
1690 559 1872 595 Leontium
1893 582 1906 600 ‚
1931 559 2000 603 ejus
2026 560 2061 594 in

1175 608 1282 653 Regia
1293 607 1427 644 civitate
1449 608 1678 651 Apocrisarios
1688 633 1700 649 ,
1727 608 1819 653 cujus
1832 608 1888 643 hic
1903 609 1950 644 est
1968 610 2061 645 finis:

1175 660 1371 701 ,Quapropter
1396 665 1542 701 neminem
1568 658 1746 704 despondere
1771 665 1906 701 animum
1933 657 2060 701 finatis.

1175 712 1248 741 Non
1270 714 1349 743 enlm
1363 707 1403 751 fic
1427 704 1620 754 defipuimus]
1645 718 1679 746 ut
1691 710 1786 752 nistra
1795 710 2044 755 abnegaverimus
2058 734 2066 742 .

1176 760 1262 802 ,Quin
1284 761 1343 791 ima
1367 771 1521 793 manemus
1535 767 1567 794 in
1577 766 1621 796 eis
1632 785 1645 803 ,
1670 772 1738 805 quae
1747 760 1916 805 scripfimus
1927 762 1963 795 ὁ·
1972 758 2068 803 fimti-

1179 819 1256 844 mus.
1287 807 1382 845 Reo‘la
1405 814 1486 844 enim
1501 810 1535 843 ΕΙ
1558 812 1713 853 inculpata
1727 810 1819 855 sunt,
1847 813 1883 852 Θ
1901 813 2069 853 Scripturis

1176 860 1276 893 Sacris
1287 883 1298 900 ‚
1324 870 1359 893 ac
1365 858 1440 901 fidel
1448 883 1461 900 ,
1486 870 1554 903 quae
1565 861 1586 893 ὰ
1597 861 1714 895 Sandis
1727 860 1873 896 Patribus
1894 860 1999 903 nostris
2006 860 2071 895 edi-

1178 918 1211 942 ta
1232 909 1270 950 est
1288 908 1473 952 consentiunt
1495 935 1503 943 .
1530 909 1575 943 Et
1597 908 1715 946 harum
1736 911 1917 947 litterarum
1937 911 2072 954 copiam

1179 959 1332 995 Miletius
1353 960 1529 994 transmisit
1550 958 1769 1001 Alexandro,
1793 971 1831 996 ut
1852 960 1936 997 clare
1947 959 2072 996 videret

1180 1009 1347 1054 Cyrillum
1356 1010 1420 1046 effe
1432 1011 1632 1053 pertinacem
1644 1033 1657 1050 ,
1682 1019 1721 1048 ac
1742 1009 1826 1044 male
1835 1022 2018 1055 receptum.

1231 1060 1423 1097 subnexum
1434 1058 1585 1094 scholion
1597 1058 1682 1094 reste
1693 1059 1833 1094 advertit
1843 1059 1978 1095 istorum
1992 1059 2075 1104 Epi-

1181 1111 1356 1156 scoporum
1378 1109 1537 1154 quosdam
1560 1109 1718 1145 laborasse
1739 1108 1887 1154 appetitu
1906 1121 1995 1144 vanae
2005 1110 2078 1155 glo·
2125 1109 2128 1115 ’

1182 1161 1250 1196 riae.
1279 1161 1434 1203 Utraque
1455 1159 1548 1194 enim
1568 1170 1640 1204 pars
1651 1159 1759 1195 voluit
1780 1157 1885 1195 videri
1895 1159 2013 1193 vieti-ix
2022 1158 2078 1193 ad-

1185 1210 1292 1246 versus
1302 1211 1402 1246 aliam
1411 1235 1420 1247 ‚
1442 1209 1536 1244 Hinc
1548 1209 1716 1253 Cyrilium
1728 1209 1927 1245 renuntiasse
1938 1208 2002 1245 suis
2015 1207 2082 1242 Ca·

1186 1261 1296 1306 pitulis
1308 1286 1319 1302 ,
1345 1260 1466 1295 ceffiffe
1477 1260 1600 1304 Joanni
1610 1261 1645 1296 δε
1656 1259 1743 1305 quafi
1757 1260 1888 1296 veniam
1908 1258 2084 1304 supplicas-

1186 1314 1239 1354 se,
1264 1310 1469 1346 affirmabant
1490 1323 1528 1346 ac
1548 1310 1743 1356 spargebant
1756 1322 1771 1353 ;
1797 1309 1869 1345 Alii
1882 1308 2081 1354 spargebant

1186 1362 1299 1398 omnia
1312 1361 1473 1398 contraria
1486 1375 1498 1395 .-
1524 1359 1742 1396 Affirmabant
1753 1361 1871 1396 ceffiffe
1892 1361 2054 1404 Ioannem
2069 1372 2089 1393 ,Δ

1188 1414 1232 1449 Et
1254 1411 1334 1448 rene
1347 1438 1356 1447 .
1383 1412 1458 1446 Hic
1477 1413 1570 1446 enim
1589 1411 1703 1447 omnia
1713 1411 1838 1456 cyrilli
1849 1409 2012 1461 postulata
2026 1408 2084 1454 ad«,

1187 1464 1296 1503 milit,
1321 1474 1359 1499 ac
1371 1460 1484 1500 debuit
1510 1461 1704 1501 admittere.

1385 1790 1661 1842 CAPUT
1695 1790 1870 1840 XCIII.
1921 1789 2096 1850 ‚ff-181,

1192 1984 1287 2030 Item
1335 1980 1506 2049 Epistola
1552 1973 1769 2029 Ἁὶερὲαηάνὶ
1819 1977 1997 2047 Episcopi
2037 1975 2092 2027 ad

1339 2050 1535 2098 Andream
1570 2047 1803 2118 Epifiopum
1833 2084 1850 2109 ‚
1883 2045 1952 2096 hoc

1469 2116 1595 2188 ipfitrn
1624 2119 1791 2188 probans
1805 2154 1818 2168 .

1300 2304 1383 2342 Enit
1394 2306 1472 2342 finis
1485 2330 1498 2347 ‚
1522 2305 1558 2340 δε
1568 2306 1766 2343 communio
1775 2304 1885 2342 revere
1895 2306 1980 2342 fasta
1988 2305 2035 2342 est
2047 2306 2092 2343 nd

1323 2357 1465 2402 impium
1476 2356 1669 2400 Cyrillum,
1693 2368 1766 2393 non
1789 2356 1922 2400 Cyrillo
1944 2356 2091 2392 haerefim

1194 2408 1401 2453 relinquente
1413 2432 1424 2448 ,
1451 2406 1506 2441 sed
1517 2406 1615 2442 nobis
1642 2407 1719 2451 ipfis
1732 2418 1789 2452 per
1809 2418 1915 2442 unum
1927 2406 2090 2448 verbum,

1193 2456 1282 2502 quod
1297 2457 1342 2492 est
1355 2458 1391 2491 in
1405 2455 1555 2501 Epistola
1568 2456 1708 2501 politum
1723 2483 1736 2499 ‚
1759 2455 1978 2492 inferentibus
1990 2455 2091 2494 ,haere-

1193 2509 1271 2542 fim.
1297 2507 1425 2543 Verum
1436 2507 1570 2551 qualem
1591 2507 1632 2542 de
1643 2507 1700 2542 illa
1714 2506 1865 2552 Epistola
1886 2506 2086 2544 sententiam

1192 2568 1322 2594 teneam
1343 2582 1356 2598 ,
1382 2566 1438 2591 tua
1462 2556 1676 2600 Religiofitas
1713 2569 1784 2593 non
1808 2557 1962 2603 ignorat.
1990 2556 2087 2604 Θρο-

1194 2608 1282 2643 niam
1297 2606 1375 2642 vero
1399 2605 1489 2640 nulla
1510 2604 1594 2640 mihi
1606 2616 1701 2650 pars,
1725 2618 1832 2652 neque
1856 2609 1927 2643 sors
1949 2606 1996 2643 est
2006 2617 2086 2642 cum

1191 2659 1238 2694 eis
1248 2682 1260 2698 ,
1287 2657 1342 2692 sed
1354 2657 1416 2690 five
1427 2655 1567 2691 exilium
1579 2680 1592 2698 ‚
1615 2656 1682 2690 five
1694 2667 1782 2691 mors
1793 2655 1879 2693 mihi
1892 2683 1904 2699 ‚
1929 2658 1997 2692 ssve
2009 2667 2087 2701 prae-

1192 2707 1367 2752 cipitium,
1392 2706 1455 2740 five
1476 2705 1565 2751 ignis
1579 2729 1591 2748 ,
1614 2706 1680 2741 five
1702 2705 1809 2741 bestiae
1827 2715 2085 2752 proponantur,

1191 2761 1269 2794 Deo
1291 2768 1344 2793 me
1368 2756 1545 2792 roborante
1558 2781 1571 2800 ,
1595 2756 1744 2792 universa
1760 2756 1936 2793 sustineam
1947 2757 2084 2801 potius,

1191 2819 1289 2854 quam
1300 2807 1545 2843 communicem
1567 2805 1705 2842 talibus.
1731 2806 1842 2842 Firme
1865 2815 1975 2841 teneat
1999 2807 2082 2842 San-

1191 2860 1284 2894 critas
1304 2859 1360 2893 sua
1377 2883 1386 2891 .
1412 2856 1541 2902 Scripfit
1561 2867 1671 2894 autem
1686 2855 1773 2892 mihi
1793 2856 1828 2890 δε
1842 2854 2078 2892 Antiochenus

1191 2908 1393 2953 Epistolom·
1418 2906 1659 2943 Orthodoxum
1679 2905 1861 2942 diffamavit
1874 2930 1886 2947 ,
1907 2906 2078 2941 universos

1190 2968 1321 2995 tentans
1343 2957 1498 2994 consuete
1512 2957 1679 3002 decipere.
1707 2956 1761 2990 Sic
1789 2956 1823 2990 δε
1845 2967 1934 2991 nunc
1946 2981 1958 2999 ‚
1984 2957 2076 3002 quati

1190 3010 1301 3045 nullus
1320 3020 1427 3052 neque
1446 3019 1537 3044 aures
1555 3031 1567 3048 ‚
1593 3017 1699 3051 neque
1719 3006 1858 3048 oculos,
1882 3017 1990 3049 neque
2017 3017 2076 3042 cot
2115 3006 2118 3007 ⁷

1190 3059 1308 3096 habeat
1330 3084 1344 3102 ,
1370 3059 1606 3095 correctionem
1641 3056 1719 3092 fidei
1739 3080 1752 3097 ‚
1786 3057 2070 3099 mutationemque

1191 3110 1350 3156 AEgyptii
1371 3107 1552 3145 diffamavit
1571 3121 1579 3140 :
1604 3107 1687 3142 Non
1713 3105 1906 3143 erubescens
1927 3105 1964 3140 δε
1987 3105 2043 3141 illa
2062 3129 2076 3147 ,

1189 3172 1258 3206 quae
1280 3162 1317 3196 in
1339 3161 1407 3204 ipsa
1428 3158 1523 3202 ipfius
1546 3156 1706 3203 AEgyptii
1724 3157 1879 3202 leguntur
1900 3156 2074 3201 Epistola.

1189 3213 1233 3246 Et
1240 3210 1404 3247 continuo
1417 3207 1535 3243 dictavi
1547 3207 1875 3252 Hypomnysticum:
1899 3206 1973 3241 Nec
1983 3206 2073 3241 enim

1189 3273 1264 3299 eum
1277 3261 1479 3305 Episcopum
1493 3257 1599 3292 scribo
1609 3280 1621 3298 ,
1643 3256 1686 3292 de
1694 3257 1822 3301 reliquo
1845 3254 1995 3292 incidens
2007 3266 2073 3291 me-

1191 3312 1364 3356 metipsum
1383 3309 1401 3343 a
1414 3308 1652 3344 communione
1663 3308 1803 3352 Cyrilli‚
1830 3308 1990 3343 &eorum
2013 3304 2072 3349 qui

1191 3363 1238 3399 eis
1258 3361 1385 3399 additi.
1412 3360 1456 3395 Et
1478 3358 1582 3404 ipsum
1606 3358 1914 3403 Hypomnysticum
1938 3354 2070 3410 inte-tim

1641 3408 1677 3442 X
1727 3419 1748 3456 3
1946 3414 2026 3442 retu
