2320 3730
362 183 380 214 1
399 181 459 229 14

279 245 324 283 nd
336 247 465 290 propria
486 243 675 289 redeamu33
700 246 758 290 qui
772 244 850 281 vero
873 247 988 281 omnia
1012 242 1166 278 confude-

280 306 376 335 runt,
402 295 541 332 &turba
552 296 797 340 compleverunt
819 298 1002 336 Mundum,
1032 295 1065 327 &
1085 303 1162 325 con·

280 347 421 379 tendunt
444 346 601 383 Ecclefias
624 348 788 391 separare,
814 359 851 381 ac
871 344 1164 390 pietatievidenter

277 395 435 434 obfistnnt
445 422 456 438 ‚
482 408 553 441 quae
564 398 778 431 Sacerdotum
790 397 862 436 sunt
875 405 989 442 gerunt
998 419 1009 434 ‚
1021 394 1053 426 δε
1066 404 1161 427 utun-

277 454 331 483 tur
346 446 502 483 Ecclefiis
516 471 526 487 ,
552 446 714 482 &illicite
724 449 852 491 speratae
864 443 1094 482 Ordinationis
1105 465 1116 482 ‚
1126 452 1162 477 ut

280 504 399 538 putant
410 521 420 537 ‚
446 497 601 532 obtinent
613 499 706 532 firma
717 497 876 535 Promissa
890 521 897 527 .
926 495 968 528 Et
981 506 1018 528 ea
1039 505 1108 537 quae
1120 493 1161 527 ad

275 545 345 581 Pau
350 558 463 590 perum
488 548 670 583 offeruntur
681 549 827 592 inopiam
838 571 849 587 ,
874 545 1063 588 expendunt
1075 544 1164 579 Sedi-

276 595 425 631 tionariis
438 599 503 631 suis
516 622 523 629 .
552 598 645 632 Dum
657 599 740 632 certe
755 608 821 633 non
834 594 898 628 illis
911 594 985 634 solis
995 619 1006 635 ‚
1037 595 1091 630 sed
1108 605 1160 629 et-
1175 632 1178 646 Ι

272 646 338 683 iam
362 647 457 686 nobis
481 648 522 686 fis
542 648 741 692 Imperator.
767 646 846 679 Pars
857 646 946 680 enim
969 656 1037 682 non
1061 653 1177 691 parva¹

270 698 320 731 tui
342 699 464 732 Oriens
486 698 597 732 existit
618 695 774 739 Imperii,
802 696 836 729 in
854 707 918 741 qua
939 696 1157 741 semperresta

268 745 348 781 fides
358 748 474 781 effulsit
485 770 493 777 .
518 748 620 789 Super
632 746 718 780 hanc
731 744 808 783 vero
823 746 923 780 etiam
944 746 1074 796 reliquae
1086 744 1156 781 R'e—

268 797 388 840 giones
413 798 511 838 atque
522 795 723 834 Provincias,
750 807 793 835 ex
812 796 933 841 quibus
956 797 1154 842 congregati

265 847 377 881 sumus
386 871 395 882 ,.
421 846 502 879 Non
516 844 620 889 igitur
631 845 786 890 despiciat
798 846 976 891 Imperium
989 847 1130 882 vestrum
1143 870 1154 887 ,

264 897 342 939 quia
353 895 574 937 corrumpitur
586 893 687 935 fides,
711 894 747 934 in
772 907 838 941 qua
863 896 897 930 ὅ(
917 909 976 932 vos
998 897 1152 942 baptizati

260 945 355 984 estis,
382 944 417 978 δε
429 944 521 984 vestri
535 943 710 983 ,Parentesz
737 943 855 991 In'qua
878 947 985 984 defixa
1001 950 1076 982 sunt
1090 948 1151 983 Ec-

258 993 356 1033 clefiae
366 993 585 1034 fundamenta
599 1019 607 1027 .
633 995 701 1033 Pro
713 1007 775 1040 qua
786 998 880 1032 Beati
892 999 1056 1042 Martyres
1070 999 1153 1034 rnul-

259 1053 292 1078 ta
310 1044 416 1083 millia
438 1055 611 1088 poenarum
628 1048 744 1085 mortis
778 1047 987 1084 libentiffime
1009 1051 1150 1094 fiiscepe·

256 1105 353 1130 runt.
376 1094 471 1129 Cum
483 1106 547 1139 qua
571 1096 606 1131 dc
618 1096 777 1132 Barbaros
790 1099 910 1135 vicistis
922 1124 933 1140 ‚
959 1099 1148 1145 &dissolvi-

256 1144 314 1181 stis
324 1144 525 1193 Tyrannos.
552 1146 633 1186 Qa
657 1148 860 1193 &indigetis
873 1148 906 1182 in
923 1149 1032 1191 bello,
1058 1149 1148 1194 quod

255 1203 346 1234 nunc
370 1195 519 1234 Africam
545 1196 813 1240 comprehendit.
842 1198 916 1233 Erit
941 1200 1032 1239 enim
1052 1200 1147 1234 vobis

254 1254 422 1290 pugnator
442 1246 593 1285 omnium
617 1248 709 1282 Deus
729 1271 739 1287 ,
764 1249 786 1289 fi
809 1247 877 1291 ejus
901 1250 952 1292 pia
977 1250 1146 1295 Dogmata

252 1294 451 1336 defensetis,
476 1297 511 1330 &
533 1295 734 1340 prohibeatis
755 1299 903 1337 exscindi
927 1300 1057 1343 Corpus
1086 1302 1148 1336 Ec-

252 1346 354 1380 clefiae
366 1372 373 1379 .
404 1346 624 1382 Exscindetut
636 1350 726 1383 enim
737 1373 747 1390 ‚
774 1348 797 1383 fi
808 1349 1051 1393 superinduitus
1068 1351 1145 1386 fidei

250 1393 434 1439 {Cyrillm
461 1398 495 1438 ὃς
516 1399 728 1438 confirmatus
752 1399 795 1435 ab
815 1399 888 1435 aliis
901 1397 1059 1438 haereticis
1079 1402 1144 1435 sen-

250 1445 303 1478 sus
315 1444 466 1485 obtineat
478 1471 488 1483 .-

302 1496 386 1530 Haec
397 1495 465 1539 jam
479 1496 613 1540 quidem
625 1499 736 1543 saepius
756 1499 791 1536 in
803 1502 975 1544 conspeetu
991 1500 1057 1535 Dei
1071 1525 1082 1542 ,
1108 1502 1143 1536 δε

251 1543 287 1578 in
314 1545 468 1589 Epheso,
495 1547 528 1581 &
550 1546 768 1584 hicobtestati
792 1550 923 1591 sumus,
949 1552 982 1585 &
1001 1552 1138 1587 vestram

251 1594 427 1630 docuimus
439 1595 625 1638 Pietatem,
653 1600 901 1635 satisfactionem
917 1601 1013 1636 nobis
1033 1603 1141 1646 acqui-

253 1655 361 1680 rentes
375 1644 460 1689 apud
472 1647 623 1683 omnium
634 1647 822 1683 Dominum
836 1675 842 1682 .
874 1651 988 1696 Exigit
1000 1664 1142 1696 namque

252 1694 270 1728 a
292 1696 388 1731 nobis
413 1696 564 1739 &istud,
591 1699 670 1733 ficut
680 1700 849 1744 Scripturae
861 1701 993 1737 Divinae
1004 1703 1038 1736 in
1051 1701 1139 1746 Apo-

253 1745 377 1780 stolicis
402 1755 500 1793 atque
508 1747 714 1791 Propheticis
728 1750 870 1794 eloquiis
882 1752 1022 1787 docent.
1050 1753 1140 1789 Nam

253 1795 374 1830 Beatus
402 1808 533 1840 quoque
561 1799 684 1832 Paulus
707 1801 906 1835 exclamavit
927 1827 938 1846 ,
972 1813 1010 1837 ac
1033 1802 1140 1837 dicit:

254 1845 383 1887 obtestor
394 1852 427 1879 in
436 1846 588 1891 conspedlu
605 1851 681 1889 Dei,
710 1857 763 1891 qut
775 1849 915 1888 vivificat
925 1860 1053 1883 mortuos
1066 1875 1076 1891 ,
1104 1852 1139 1885 δ’

245 1894 328 1940 Jesu
353 1895 465 1936 Christ]
486 1920 497 1936 ,
524 1897 577 1940 qul
599 1897 792 1934 marmonium
811 1900 946 1941 praebuit
962 1899 1017 1943 fieb
1036 1903 1140 1935 Pontio

243 1942 354 1980 ‘Pilato
374 1972 384 1988 ,
414 1947 520 1983 bonam
540 1948 734 1988 confhffionem
754 1974 762 1982 .
791 1950 835 1985 Et
862 1950 1027 1987 Ezechieli
1048 1952 1138 1985 Deus

250 1997 395 2041 praecipit
416 1996 613 2042 distinguere
634 1998 686 2034 his
706 2021 717 2038 ,
743 1999 799 2042 qui
822 1999 858 2032 in
883 2000 1014 2044 Populo
1040 2001 1131 2033 sunt.

250 2047 295 2081 Et
308 2048 611 2083 interminationem
624 2049 721 2092 ponit
731 2073 741 2088 ,
754 2050 867 2086 dicens
878 2062 889 2082 :
916 2052 947 2082 si
960 2061 1020 2083 non
1034 2049 1136 2090 distin-

250 2103 353 2139 xeris,
376 2104 563 2141 pereuntium
577 2097 755 2143 sanguinem
778 2101 816 2133 de
839 2111 931 2133 manu
948 2106 1135 2143 tuaperqui-

249 2160 335 2181 ram.
365 2149 445 2183 Hoc
458 2144 840 2196 Judicium'metuentes,
868 2150 1076 2185 neceffarium
1088 2151 1134 2184 fo·

248 2209 283 2232 re
293 2198 455 2235 credimus
468 2199 547 2234 hinc
560 2199 677 2233 docere
688 2199 866 2242 Imperium
880 2199 1018 2234 vestrum
1031 2224 1042 2240 ‚
1057 2200 1134 2243 quia

248 2259 286 2282 ea
297 2260 366 2292 quae
378 2252 451 2285 sunt
463 2248 687 2294 Apollinarii,
715 2250 748 2284 <Sc
770 2247 868 2290 Arii,
893 2249 927 2283 ὃς
953 2249 1135 2291 Eunomii,

245 2299 370 2332 docent
383 2301 418 2332 in
434 2300 586 2335 Ecclefiis
599 2299 634 2332 hi
654 2325 665 2340 ‚
691 2301 748 2343 qui
761 2300 808 2332 eis
827 2299 1015 2343 impermisti
1036 2301 1135 2341 sunt,

241 2348 410 2383 &illicite
437 2361 474 2383 ac
498 2350 727 2393 inregulariter
749 2350 974 2385 Sacerdotium
994 2360 1132 2396 gerunt,

247 2399 282 2431 ὅ(
305 2410 374 2432 non
398 2399 657 2435 salvantanimas
669 2399 936 2444 ingredientium.
964 2401 997 2435 Si
1018 2401 1073 2444 qui
1088 2412 1134 2433 ta-

246 2449 411 2484 tnenillos
436 2449 753 2485 &audirecontenti
781 2451 871 2484 sunt.
899 2451 960 2485 Per
972 2451 1132 2486 Divinam

245 2498 402 2542 siquidem
414 2499 552 2543 gratiam
563 2525 574 2541 ,
600 2511 671 2543 quae
680 2510 797 2534 omnes
810 2498 960 2534 homines
972 2500 1134 2543 parcendo

246 2549 406 2592 gubernat
429 2572 439 2587 ,
466 2550 500 2583 δε
522 2549 771 2582 misericorditer
796 2549 879 2590 regit
901 2573 911 2589 ,
946 2550 979 2583 δε
999 2552 1134 2583 ωηέὶοε

247 2600 310 2632 effe
332 2597 401 2632 vult
422 2596 527 2633 salvos
543 2621 553 2637 ,
581 2598 723 2632 maxima
746 2608 816 2638 pars
830 2597 947 2640 Populi
970 2599 1045 2632 sana
1068 2600 1133 2640 est,

246 2648 282 2681 δε
303 2659 363 2690 pro
385 2647 476 2680 restis
489 2645 713 2690 Dogmatibus
731 2656 874 2690 pugnat.
904 2645 1040 2692 Propter
1053 2659 1134 2691 quos

248 2696 409 2740 pt-aecipue
430 2696 603 2735 dolemus,
628 2707 665 2730 ac
687 2697 866 2741 pungimur
889 2697 1003 2731 animo
1029 2721 1040 2736 ,
1068 2709 1135 2731 me·

248 2753 400 2788 tuentes,
428 2758 469 2780 ne
480 2747 636 2790 paulatim
658 2748 780 2790 serpens
803 2747 944 2791 languor
956 2748 1061 2790 plures
1072 2748 1134 2782 ob-

248 2797 375 2838 tineat,
400 2797 621 2833 &commune
642 2799 699 2832 fiat
721 2796 786 2833 hoc
798 2798 941 2831 malum.
970 2799 1052 2831 Haec
1076 2809 1134 2832 nos

247 2848 387 2882 vestram
409 2848 516 2883 rursus
537 2850 693 2883 docemus
715 2847 1028 2894 Tranquillitatem:
1057 2849 1130 2883 Nec

249 2908 394 2942 unquam
407 2899 525 2936 docere
537 2898 714 2934 desistimus
732 2923 738 2932 .
765 2899 908 2933 Oramus
920 2922 931 2939 ‚
958 2909 994 2932 ut
1008 2909 1130 2932 annuat

249 2948 427 2992 Imperium
449 2950 589 2985 vestrum
612 2947 894 2993 deprecationibus
917 2949 1034 2983 nostris
1050 2972 1060 2988 ,
1086 2949 1133 2982 ni-

250 2997 363 3045 hilque
373 3000 598 3037 subintroduci
610 3000 803 3037 Sanecorum
817 2999 950 3034 Patrum
961 3023 971 3038 ‚
1000 3001 1056 3040 qui
1071 2999 1131 3032 Ni-

251 3058 346 3083 caeam
360 3061 604 3091 convenerunt,
629 3050 705 3086 fidei
718 3050 929 3094 permittatis.
957 3049 989 3082 Si
1003 3049 1079 3084 vero
1100 3050 1133 3083 δε

253 3099 323 3140 post
334 3097 418 3134 hanc
431 3101 575 3136 nostram
585 3101 848 3146 deprecationem
860 3124 871 3140 ‚
884 3100 915 3133 &
927 3110 1036 3132 coram
1050 3101 1126 3133 Deo

253 3151 552 3187 commonitionem
576 3163 645 3185 non
668 3150 864 3195 acquieverit
885 3149 994 3185 Pietas
1012 3150 1132 3191 vestra,

253 3207 316 3231 nos
341 3198 373 3230 ὅ(
395 3201 557 3240 pulverem
577 3201 698 3245 pedum
726 3201 909 3236 nostrorum
931 3201 1133 3233 excutientes

122 3238 329 3280 &stamnum
345 3246 447 3281 Beato
460 3248 562 3285 Paulo
573 3250 807 3286 clamabimus:
833 3251 942 3283 Mundi
965 3262 1014 3283 nos
1024 3248 1131 3293 sumus

253 3297 274 3329 ἃ
290 3295 436 3342 sanguine
455 3306 582 3334 omnium
595 3324 602 3332 .
628 3299 711 3332 Non
731 3303 819 3335 enim
832 3300 1014 3344 quievimus
1036 3302 1131 3335 nocte

251 3357 290 3383 ac
314 3347 391 3391 die,
413 3358 455 3383 ex
475 3360 543 3394 quo
564 3350 600 3383 in
622 3349 717 3384 istam
737 3350 938 3386 benedictam
958 3351 1129 3394 Synodum

98 1786 197 1818 :crim
211 1790 236 1820 6.

94 1941 196 1976 Ezech.
210 1952 235 1979 3.

704 163 1042 211 VAR10RUM
1079 162 1327 208 Paravit
1374 155 1695 224 mmmm,

1229 240 1377 275 venimus
1391 267 1402 284 ,
1427 244 1706 289 &Imperatorem
1720 269 1732 287 ‚
1753 244 1788 282 &
1810 241 1958 293 Iudices,
1981 247 2018 283 ἀ
2039 248 2113 284 Mi·-

1228 291 1302 331 lites
1315 315 1326 331 ,
1349 292 1383 329 ,ὃε
1396 294 1606 334 Sacerdotes,
1633 297 1798 332 &Laicos
1807 299 2047 341 contestantes,
2073 310 2116 337 ne

1228 342 1307 381 fiant
1317 343 1440 379 traditae
1451 342 1471 380 a
1482 341 1636 382 Patribus
1658 345 1735 381 fidei
1750 345 1938 386 Proditores
1955 373 1963 383 .

1409 498 1920 551 Scn0110N.

1223 638 1406 726 ETiam
1430 645 1495 682 haec
1508 647 1719 683 Contestatio
1731 647 1836 684 exstat
1846 647 1881 682 in
1895 647 1990 685 Astis
1998 650 2105 694 Synos

1245 728 1247 730 ,
1326 696 1455 731 dalibus
1472 723 1481 735 ,.
1511 698 1706 734 Caffinenfis
1727 699 1900 737 translatio
1926 699 2024 735 habet
2047 702 2110 736 fin-

1219 745 1366 787 gularem
1377 747 1513 782 titulum
1527 774 1534 781 .
1562 750 1722 785 Notanda
1742 752 1817 785 sunt
1832 749 1900 783 haec
1911 750 1980 793 ejus
1991 750 2107 794 verba:

1221 797 1325 837 ,Quam
1335 795 1484 845 Theodosio
1494 803 1668 842 Imperatori
1679 800 1895 848 cidemseptem
1912 800 2052 846 Episcopi
2062 804 2108 837 dl-

1219 855 1360 880 rexerunt
1377 873 1385 880 .
1413 848 1593 886 Affirmant
1613 850 1829 886 Chalcedone
1849 863 1954 885 unum
1980 851 2108 895 semper

1218 895 1467 934 eSchismaticis
1489 899 1626 946 Legatis
1646 902 1802 939 defuisse.
1829 901 1963 946 Nempe
1984 901 2035 936 vel
2044 901 2111 936 Hi-

1218 948 1357 983 merium
1384 949 1700 992 Nicomediensem‚
1726 952 1779 985 vel
1805 951 2003 987 Helladium
2026 951 2109 986 Pto·

1216 995 1371 1034 lomaidis
1393 1001 1428 1035 in
1450 1003 1553 1044 prima
1567 1001 1740 1037 Phoenicia
1755 1002 1974 1045 Episcopum.
2003 1000 2108 1037 Vide-

1215 1055 1267 1082 tur
1277 1049 1313 1085 in
1324 1050 1462 1098 exordio
1474 1052 1554 1095 ille,
1579 1051 1685 1090 hicin
1695 1052 1835 1088 decursu
1857 1051 1996 1087 defuiffe
2010 1075 2018 1083 .
2045 1051 2104 1087 Est

1192 1135 1194 1137 Ι
1216 1106 1264 1132 res
1283 1097 1424 1133 incerta.
1453 1100 1720 1138 Contessationis
1731 1111 1863 1144 tempus
1883 1100 2022 1135 edicunt
2036 1100 2107 1136 haec

1215 1144 1310 1181 verba
1320 1161 1335 1185 ;
1361 1153 1430 1182 Nos
1442 1151 1566 1191 quidem
1575 1149 1709 1194 usquein
1717 1149 1900 1194 praesentem
1916 1151 1996 1184 diem
2008 1150 2106 1186 chal-

1212 1198 1317 1230 cedone
1342 1204 1421 1232 tent}
1441 1198 1611 1242 conservati
1626 1199 1756 1243 sumus,
1782 1211 1859 1234 nunc
1880 1210 1980 1233 autem
1991 1202 2111 1243 adpro,

1208 1251 1283 1287 pria
1295 1247 1478 1281 dimittimur
1487 1261 1504 1294 ‚·
1530 1249 1563 1284 bt·
1575 1253 1649 1286 vero
1660 1251 1827 1285 sacerdotio
1828 1251 2008 1295 funguntur
2017 1273 2036 1288 ,Δ
2044 1253 2106 1285 Eo-

1213 1296 1310 1338 clefias
1331 1307 1509 1343 congregant
1531 1324 1542 1340 ‚
1568 1302 1603 1336 β·
1624 1300 1839 1335 authoritatem
1860 1302 2029 1336 ordinandi
2051 1299 2106 1333 ha-

1213 1346 1284 1380 bent
1306 1371 1313 1378 .
1341 1347 1538 1384 Caffinenfis
1558 1360 1669 1385 textus
1687 1349 1734 1383 est
1755 1350 1874 1384 clarior
1898 1363 1907 1383 ι
1935 1353 1982 1385 Et
2002 1351 2104 1387 illicne

1208 1395 1340 1439 speratae
1364 1399 1575 1432 ordinationis
1595 1398 1730 1433 obtinent
1753 1399 1917 1442 Promiffa.
1944 1398 2103 1434 Necdum

1213 1456 1279 1482 erat
1293 1449 1415 1491 peracta
1427 1448 1609 1485 Ordinatio
1619 1475 1628 1484 .
1652 1448 1802 1485 Proinde
1811 1447 2012 1484 contestatio
2030 1460 2105 1493 pro-

1212 1496 1275 1531 diit
1294 1497 1366 1541 post
1392 1499 1537 1534 erniffarn
1563 1500 1739 1537 secundam
1760 1500 1893 1535 Sacram
1913 1523 1925 1539 ,
1951 1509 2016 1542 qua
2037 1499 2104 1534 suit

1211 1547 1363 1582 dissoluta
1389 1547 1544 1591 synodus
1554 1572 1566 1590 ‚
1589 1550 1754 1587 &omnes
1763 1549 1886 1585 dimiffi
1898 1548 1938 1582 ad
1951 1549 2101 1592 propria»

1211 1597 1443 1633 Contestantes
1462 1599 1564 1635 etiam
1584 1609 1664 1634 tunc
1686 1599 1853 1643 Ephesum
1863 1599 1904 1634 ad
1918 1600 1992 1633 suos
2006 1599 2104 1642 scrip-

1211 1648 1320 1682 serunt
1344 1672 1356 1689 ,
1382 1648 1601 1685 lamentantes
1621 1650 1787 1694 Cyrillum
1811 1661 1850 1684 ac
1876 1649 2101 1684 Memnonem

1209 1698 1273 1732 effe
1288 1698 1435 1733 redditos
1457 1700 1521 1736 suis
1539 1699 1694 1742 thronis,
1719 1699 1893 1736 innocenti
1907 1708 2020 1734 autern
2032 1699 2104 1735 Ne·

1210 1747 1308 1782 storio
1330 1750 1386 1782 vix
1405 1751 1468 1784 effe
1488 1751 1678 1787 concessum
1698 1775 1712 1792 ‚
1738 1760 1777 1786 ut
1807 1750 1916 1784 redire
1940 1747 2037 1793 poffit
2055 1747 2098 1784 ad

1209 1799 1302 1833 suum
1326 1799 1568 1835 Monasterium
1581 1826 1589 1834 .
1617 1801 1671 1836 Ex
1692 1799 1746 1835 his
1756 1801 1836 1835 item
1849 1799 2007 1836 discimus
2016 1808 2098 1836 tem·

1207 1858 1266 1890 pus
1287 1848 1437 1883 secundae
1456 1849 1547 1883 istius
1569 1851 1672 1884 Sacrae
1695 1875 1702 1881 .
1731 1850 1810 1883 Fuit
1832 1851 1920 1884 circa
1941 1847 2098 1883 octobris

1205 1896 1379 1931 exordium
1404 1923 1411 1931 .
1439 1897 1605 1943 Praecipua
1636 1898 1891 1934 contestationis
1918 1896 2098 1942 postulatio

1205 1946 1250 1979 est
1274 1957 1311 1980 ut
1332 1948 1579 1983 discuntiantur
1601 1961 1640 1983 ac
1652 1949 1852 1983 damnentur
1863 1947 1983 1990 Cyrilli
1999 1946 2100 1991 Capi·

1205 1996 1292 2031 tula.
1319 1997 1552 2032 Contestantes
1572 1999 1664 2032 enim
1686 1998 1839 2032 videntur
1863 1996 2096 2039 deimpedien-

1203 2044 1244 2079 da
1267 2046 1346 2078 novi
1374 2046 1529 2089 Episcopi
1541 2046 1765 2084 ordinatione
1775 2047 1969 2091 desperaffe.
1998 2046 2094 2083 Hinc

1203 2094 1239 2127 in
1262 2094 1327 2129 fine
1349 2095 1569 2138 protestantur
1594 2097 1666 2131 fore
1690 2121 1702 2139 ‚
1727 2106 1765 2133 ut
1789 2098 1847 2130 nisi
1874 2097 2095 2131 exaudiantur

1201 2144 1285 2179 circa
1308 2145 1462 2188 Capitula
1480 2171 1492 2187 ,
1520 2146 1678 2184 abeuntes
1700 2147 1872 2182 excutiant
1895 2146 1996 2181 etiam
2022 2148 2094 2182 suo-

1201 2206 1271 2229 rum
1289 2195 1410 2238 pedum
1423 2191 1712 2231 Chalcedonenses
1724 2208 1763 2231 ac
1781 2195 1966 2242 Ephesinos
1981 2196 2094 2240 pulue-

1200 2255 1251 2279 res
1268 2271 1278 2287 ,
1304 2256 1402 2290 atque
1425 2247 1470 2280 ita
1499 2246 1663 2290 appellent
1688 2246 1729 2280 ad
1753 2246 1916 2280 Divinam
1939 2245 2094 2290 Majesta·

1201 2307 1267 2330 tem
1281 2319 1292 2335 ‚
1318 2296 1352 2329 ἀ
1366 2307 1503 2330 omnem
1523 2295 1620 2340 hujus
1632 2296 1757 2331 Mundi
1769 2306 1950 2331 creaturam
1962 2320 1974 2335 ,
1999 2307 2038 2330 ac
2060 2298 2093 2330 se

1200 2345 1424 2380 demonstrent
1447 2347 1592 2381 mundos
1616 2345 1657 2380 ab
1669 2346 1823 2381 omnium
1846 2346 2028 2390 sanguine:
2055 2343 2090 2380 A

1199 2395 1386 2439 Capitulis,
1413 2396 1447 2431 &
1465 2396 1540 2431 aliis
1564 2396 1687 2442 Cyrilli
1714 2395 1802 2442 apud
1827 2394 1992 2441 Ephesum
2014 2395 2091 2433 faci-

1202 2446 1338 2481 noribus
1354 2469 1362 2479 .

1250 2495 1360 2531 Etiam
1383 2494 1480 2537 hujus
1506 2494 1768 2530 Contestationis
1795 2495 1883 2529 varia
1910 2495 1984 2530 loca
2010 2493 2104 2532 sunt.

1200 2546 1315 2581 rectius
1327 2545 1480 2578 translata
1505 2555 1560 2586 per
1573 2544 1798 2578 Caffinensem
1809 2544 2066 2580 Translatorem*
2076 2569 2090 2585 ,

1199 2606 1298 2637 quam
1321 2604 1376 2635 per
1400 2593 1570 2635 vulgatum
1590 2616 1598 2624 .
1625 2591 1752 2627 Primus
1776 2593 1868 2626 locus
1888 2593 1955 2627 est:
1984 2598 2088 2628 Vocatt

1198 2650 1276 2678 enlm
1296 2641 1408 2681 honeste*
1425 2645 1529 2683 siamus
1542 2666 1552 2682 ,
1578 2649 1733 2684 tamquam
1755 2644 1924 2676 Sacerdotes
1944 2645 1964 2675 ἃ
1987 2647 2083 2686 Rege.

1199 2693 1332 2727 Rectius
1352 2690 1547 2725 Caffinenfis
1570 2691 1687 2726 Codex
1713 2704 1720 2725 :
1756 2696 1858 2727 Vocati
1880 2699 1959 2726 enim
1978 2692 2085 2736 sumus

1199 2740 1368 2783 honorifice,
1387 2740 1460 2783 ficut
1488 2747 1604 2775 evocari
1629 2742 1669 2774 ab
1689 2746 1868 2782 Imperatore
1887 2745 2087 2778 convenusta-

1198 2794 1326 2827 cerdotes
1349 2816 1356 2823 .
1379 2792 1546 2825 Secundus
1570 2792 1663 2825 locus
1683 2805 1690 2824 :
1721 2791 1776 2824 Ubi
1796 2803 1897 2826 aurem
1922 2798 2084 2834 venimus,

1199 2854 1291 2886 neque
1303 2841 1459 2884 Ecclesiam
1465 2843 1562 2874 minias
1572 2840 1691 2886 sequuti
1697 2840 1800 2884 sumus
1813 2866 1824 2882 ‚
1852 2855 1944 2886 neque
1954 2843 2083 2884 vestrum

1198 2890 1413 2935 contempfimus
1441 2892 1585 2925 Edic‘lum
1609 2917 1616 2925 .
1645 2892 1776 2926 Rectius
1798 2893 1991 2927 Cassinensis
2014 2894 2083 2927 Co-

1198 2945 1281 2979 dex:
1308 2946 1354 2976 Et
1381 2944 1453 2975 dum
1475 2943 1651 2986 venissemus
1673 2967 1683 2982 ,
1710 2954 1801 2985 neque
1822 2943 1861 2975 ab
1886 2942 2081 2985 Ecclefiasticae

1197 2994 1349 3034 receffimus
1361 2991 1582 3036 consequentia.
1609 3005 1703 3036 neque
1716 2993 1814 3033 vestra
1825 2993 1994 3034 constituta
2012 3004 2079 3026 con·
2138 3031 2140 3034 .

1196 3042 1360 3086 rempfimus
1376 3067 1383 3075 .
1411 3043 1513 3077 Aliud
1541 3043 1680 3079 Ecclesia
1697 3069 1708 3084 ,
1735 3043 1836 3087 longe
1857 3044 1946 3078 aliud
1959 3043 2004 3077 est
2019 3044 2078 3077 Ec-

1195 3094 1366 3129 clefiastica
1388 3094 1621 3137 consequentia
1634 3119 1642 3127 .
1670 3093 1857 3130 Discrimen
1870 3094 1916 3127 est
1932 3093 2079 3128 Eruditis

1193 3145 1415 3189 exploratum.
1443 3143 1581 3178 Tertius
1604 3144 1717 3179 locus:
1744 3144 1837 3179 Nihil
1860 3143 1943 3177 nobis
1969 3149 2002 3176 in
2025 3143 2077 3177 hoo

1189 3195 1296 3242 saeculo
1304 3194 1418 3237 profuit
1429 3194 1567 3234 modestia
1581 3193 1676 3234 nostra
1694 3219 1701 3226 .
1731 3192 1864 3229 Rectius
1878 3193 2075 3229 Caffinenfis

1193 3246 1308 3280 Codex
1321 3259 1332 3281 .-
1358 3244 1451 3278 Nt'bil
1474 3256 1525 3277 nos
1544 3250 1620 3278 circa
1639 3243 1820 3288 pra-sentem
1836 3250 1934 3278 vitam
1946 3245 2075 3285 adiuvit

1191 3295 1316 3337 custodia
1336 3295 1450 3328 ordinis
1473 3295 1555 3328 boni.
1582 3296 1728 3344 Qartus
1753 3295 1845 3331 locus
1871 3307 1882 3329 .·
1908 3294 2076 3328 sacerdotio

1185 3346 1357 3391 funguntur
1380 3369 1391 3387 ‚
1418 3344 1559 3388 Ecclefias
1579 3352 1757 3392 congregant
1778 3367 1791 3386 ‚
1827 3345 1863 3380 <9⁶
1884 3353 1918 3378 ut
1937 3349 2050 3424 puZnt
2061 3365 2075 3383 ,

1925 3401 1978 3427 aut
2015 3408 2026 3417 ·
