2320 3730
596 178 903 233 Scironis,
942 190 1006 218 Er
1040 172 1233 219 Nous
1266 185 1654 221 utusraarzr.

225 263 472 309 Imperatoribus
491 262 636 307 placuit,
662 263 824 308 praesidens
847 275 888 298 ex
912 261 1108 298 authoritate

231 314 377 349 Concilii
391 314 555 357 usurpavit
569 314 753 359 sibimetipsi
765 315 929 359 Judicium
942 338 953 354 ,
980 314 1014 347 δε
1024 312 1108 346 calu-

229 365 318 399 mnia
339 362 566 399 circumvento
598 365 675 400 Deo
705 363 912 399 Amiciffimo
944 363 1108 407 Episcopo

228 412 406 454 Nestorio,
431 415 533 458 qui&
546 414 661 449 absens
680 426 767 455 erat,
793 425 853 447 nec
865 414 883 446 a
895 411 970 447 fidei
988 414 1108 456 pietate

226 464 392 498 recesserat
406 487 419 505 ,
444 472 480 498 ut
492 466 638 508 putavit,
664 463 974 500 condemnationem
994 464 1108 505 suppo-

226 513 310 547 suit.

277 563 351 599 Nos
369 565 489 610 igitur,
515 566 731 610 quiundique
741 573 1018 602 conveneramuS,
1045 563 1107 596 Or·

224 611 365 648 thodoxi
380 616 532 660 Episcopi
554 629 595 651 ex
619 615 780 652 Orientali
790 616 945 659 regione,
969 611 1109 646 diversis·

225 674 289 707 que
309 664 515 706 Provinciis,
541 666 747 711 deposuimus
771 676 869 706 eum,
896 663 1105 706 alienumque

223 711 244 746 ὶ
264 714 450 750 Sacerdotio
471 718 630 757 fecimus,
655 717 719 750 una
746 726 822 749 curn
859 715 1046 748 Memnone
1067 711 1109 745 E-

225 762 360 807 phefio,
385 766 487 810 qui&
501 768 535 800 in
547 765 700 800 omnibus
723 766 754 800 ei
777 774 969 808 cooperatus
981 762 1049 804 est,
1074 762 1108 795 &

225 814 362 858 impiam
374 817 478 849 voluit
491 814 626 850 haerefim
640 815 807 850 roborare.
836 816 997 858 Reliquos
1013 810 1110 849 vero,

224 865 285 907 qui
308 865 355 899 eis
377 867 573 900 assenserunt
592 889 605 907 ,
630 867 868 900 communione
890 864 1109 909 privavimus,

225 914 334 949 donec
355 916 448 949 suum
469 918 704 960 cognoscentes
729 927 869 950 errorem
883 939 895 955 ,
920 913 1021 957 impia
1041 911 1110 954 qui-

226 964 301 999 dem
315 965 484 1011 Dogmata
496 966 613 1009 Cyrilli
631 964 981 1000 anathematizaverint
992 986 1004 1003 ‚
1030 961 1110 996 sanae

227 1015 304 1047 vero
318 1014 450 1049 Parrum
460 1015 653 1048 confessioni
664 1014 886 1057 acquieverint
900 1038 908 1045 .
935 1014 1018 1046 Haee
1030 1012 1110 1045 dum

225 1063 453 1106 cognovissent
472 1063 646 1098 Amatores
667 1062 789 1098 Christi
807 1064 1042 1107 Imperatores,
1069 1072 1112 1094 at—

225 1123 290 1156 que
311 1111 536 1156 approbassent
556 1137 567 1153 ,
598 1113 905 1157 confirmassentque
924 1113 1113 1147 damnatio·

225 1171 301 1196 nem
313 1187 324 1203 ,
351 1174 422 1206 quae
442 1164 534 1206 super
555 1173 610 1196 eos
632 1162 648 1196 a
662 1163 758 1197 nobis
769 1163 849 1198 faeta
861 1163 906 1198 est
920 1187 930 1203 ,
956 1163 1112 1206 jufferunt

225 1223 495 1257 unumquemque
515 1213 707 1247 sannorum
731 1213 966 1258 Episcoporum
990 1212 1030 1247 ad
1045 1223 1111 1258 pro

224 1262 329 1307 priam
347 1263 462 1305 reverti
483 1261 697 1298 Provinciam
709 1288 718 1297 .

277 1310 404 1345 Verum
416 1313 572 1357 quoniam
583 1326 669 1349 nunc
677 1316 911 1350 convenientes
927 1315 963 1349 in
976 1312 1112 1349 Anazar-

227 1360 272 1396 bo
282 1361 463 1406 Metropoli
477 1374 605 1407 propter
620 1365 857 1400 Ecclesiasticas
875 1377 965 1400 curas
977 1390 988 1406 ,
1014 1377 1113 1413 agno·

227 1413 356 1453 vimus,
382 1413 471 1455 quod
494 1415 857 1459 nonnullipraeterilla‚
885 1427 956 1458 quae
976 1425 1056 1449 tunc
1078 1415 1112 1448 in

227 1472 406 1496 commune
425 1463 633 1506 placuerunt,
662 1477 732 1499 non
754 1465 857 1508 ejed‘ris
877 1465 999 1508 Cyrilli
1021 1463 1115 1508 Capi·

227 1511 306 1546 tulis
317 1536 328 1552 ,
352 1510 392 1546 ab
403 1524 507 1554 eoque
515 1525 554 1548 ea
567 1525 637 1557 quae
649 1515 799 1559 exposuit
821 1515 1030 1549 admittentes
1041 1539 1051 1555 ,
1079 1515 1113 1548 in

227 1562 500 1596 communionem
529 1575 715 1606 receperunt
746 1564 888 1597 eundem
925 1564 1113 1606 Cyrsslum,

227 1609 352 1656 placuit
375 1612 649 1646 convenientibus
670 1612 789 1653 nobis,
816 1623 854 1647 ut
865 1612 1029 1655 Cyrillum
1044 1611 1112 1656 qui·

229 1661 306 1696 deni
316 1660 359 1693 sic
370 1659 546 1695 habeamus
558 1686 570 1702 ,
596 1673 633 1696 ut
646 1660 843 1703 habuimus&
866 1662 1007 1704 &ante,
1028 1663 1114 1698 dam-

229 1721 347 1746 natum
358 1732 370 1749 ‚
395 1722 450 1745 eos
469 1713 569 1751 vero,
595 1713 653 1754 qui
674 1724 749 1747 eum
768 1723 956 1758 receperunt
978 1714 1012 1746 in
1025 1724 1113 1747 com-

229 1763 426 1797 munionem
439 1786 451 1803 ,
475 1772 543 1796 non
564 1764 764 1807 respuentem
780 1774 834 1807 per
852 1762 1016 1807 propriam
1037 1764 1114 1797 sub·-

231 1811 441 1854 scriptionem
455 1811 621 1853 haeretica,
648 1824 718 1856 quae
737 1814 910 1855 exposuit,
937 1813 1110 1856 Capitula,

228 1861 295 1896 esse
316 1860 412 1895 nobis
434 1862 453 1894 a
473 1862 715 1897 communione
733 1863 858 1897 alienos
876 1887 888 1904 ,
918 1862 1026 1897 donec
1052 1874 1089 1897 ea
1104 1886 1114 1903 ,

228 1923 301 1956 quae
322 1911 445 1955 pridem
469 1912 688 1946 communiter
720 1913 912 1956 placuerunt
939 1936 951 1953 ,
987 1913 1114 1948 effestui

230 1963 479 2005 mancipentur:
508 1961 551 1994 Et
571 1961 822 1997 anathematizet
845 1963 992 2006 Cyn-ilius
1013 1963 1113 2007 impia

231 2012 386 2056 Capitula
398 2012 473 2051 sua,
501 2022 686 2054 permaneat
701 2012 778 2046 vero
799 2014 833 2046 in
862 2013 926 2048 fide
951 2022 1114 2047 trecento-

227 2073 302 2096 rum
327 2061 441 2095 decem
466 2061 501 2093 δε
526 2063 621 2102 osto,
647 2063 702 2103 qui
722 2062 842 2095 Nicaeae
863 2070 1115 2101 convenerunt,

229 2122 338 2154 neque
349 2110 505 2153 adjiciens
516 2110 547 2144 ei
561 2134 572 2150 ,
584 2121 690 2154 neque
699 2112 846 2145 auferens
857 2110 981 2155 aliquid
993 2135 1001 2143 .
1030 2111 1112 2146 Non

229 2161 388 2206 patiemur
398 2170 522 2199 autem,
533 2170 733 2203 cooperante
745 2160 842 2194 nobis
854 2162 1007 2195 Domino
1020 2160 1114 2195 Chri·

230 2212 301 2251 sto,
329 2220 385 2242 aut
399 2209 564 2250 Cyrillum
589 2209 678 2252 quasi
691 2209 928 2243 orthodoxum
956 2210 991 2242 in
1015 2222 1112 2244 com-

229 2259 429 2295 munionem
441 2258 598 2300 recipere‚
625 2266 682 2291 aut
693 2269 750 2292 eos
762 2258 819 2301 qui
831 2259 861 2291 ei
874 2258 1016 2300 adjuncti
1030 2261 1116 2298 sunt,

231 2311 292 2346 nisi
304 2307 449 2342 haeretica
462 2307 616 2351 Capitula
630 2308 686 2343 illa
698 2307 852 2342 omnibus
863 2308 984 2341 fuerint
1008 2307 1118 2341 modis

231 2359 364 2402 expulsa
377 2372 387 2391 .·
415 2357 482 2391 Etsi
495 2358 535 2391 ad
549 2359 659 2401 ignem
671 2382 682 2398 ,
709 2359 743 2392 δε
754 2358 873 2392 ferrum
887 2382 898 2399 ,
911 2357 1114 2400 ferarumque

234 2410 348 2443 dentes
364 2417 423 2441 nos
433 2417 598 2449 oporteret
614 2408 771 2452 congredi
785 2432 792 2438 .

285 2495 490 2530 Maximinus
526 2496 707 2540 Episcopus
741 2494 906 2532 Anazarbi
946 2498 1117 2533 consentio

235 2548 358 2583 Sanstis
369 2570 382 2587 ‚
406 2546 438 2580 δε
460 2544 623 2588 subscripsi
636 2569 644 2578 .

304 2664 553 2716 Secundum
578 2665 689 2713 hanc
723 2662 1120 2736 subscriptionem..

235 2737 417 2786 universi
444 2733 808 2802 subscripserunt.

435 2910 918 2959 ScH0L10N.

348 3055 418 3089 AEc
435 3057 509 3090 fiint
531 3055 612 3091 Asta
635 3057 837 3100 Synodalia,
861 3061 1050 3102 transmiffaj
1063 3067 1117 3103 per

374 3106 604 3149 praecedentem
636 3105 816 3150 Epistolam
846 3134 854 3142 .
893 3112 1010 3156 Agunt
1036 3109 1112 3144 tria.

239 3155 353 3189 Primo
377 3179 388 3195 ,
422 3165 595 3197 exponunt
617 3156 782 3202 utriusque
805 3160 904 3202 partis
927 3161 1009 3194 Atta
1031 3158 1115 3204 apud

240 3204 404 3250 Ephesum
432 3230 440 3238 .
472 3204 515 3237 Et
536 3205 670 3249 quidem
686 3217 761 3241 cum
779 3209 898 3253 insigni
921 3210 1114 3244 mendacio.

241 3255 377 3289 Etenim
403 3255 565 3288 affirmant
589 3255 776 3291 Nestorium
799 3258 890 3293 fuisse
910 3261 1075 3295 absentem
1097 3259 1114 3292 a

240 3305 406 3347 Synodo.
433 3303 490 3338 Est
516 3303 625 3339 lucide
644 3304 787 3340 falsum.
813 3307 922 3344 Pridie
942 3311 1031 3344 enim
1053 3311 1115 3343 fuit

240 3355 337 3389 tertio
366 3355 517 3395 citatus,
542 3354 576 3388 &
597 3354 700 3389 adesse
719 3367 790 3391 non
811 3358 916 3394 voluit
937 3383 948 3401 ‚
977 3361 1115 3404 ideoque

336 3403 766 3448 chria.Lup10peraTV11.

1869 188 1972 234 269

1167 259 1447 301 fuitcontumax,
1472 270 1541 294 non
1553 260 1687 294 absens.
1713 263 1882 309 Secundo,
1907 264 2045 311 Epheli-

1169 321 1244 344 nam
1267 310 1371 344 Sanffi
1384 309 1526 353 Cyrilli,
1550 309 1569 344 a
1582 311 1615 344 se
1629 309 1675 343 ob
1686 311 1838 356 Capitula
1860 327 2041 359 patratam,

1168 360 1413 395 damnationem
1437 360 1557 395 iterant
1579 360 1837 397 &confirmant.
1864 365 1909 401 Et
1928 366 2043 409 adjun-

1168 419 1251 453 gunt
1267 410 1516 445 damnationem
1526 411 1679 445 omnium
1693 410 1827 445 illorum
1836 436 1848 453 ,
1873 414 1928 456 qui
1939 416 2045 459 praesa-Q

1169 470 1238 493 tum
1253 459 1420 503 Cyrillum
1442 461 1509 495 sine
1525 460 1754 505 Capitulorum
1777 459 1984 496 anathemate
2006 465 2045 499 in

1168 511 1438 545 communionem
1461 510 1651 546 admiserint
1676 535 1684 543 .
1719 511 1815 546 Licet
1847 522 1917 545 non
1942 514 2049 556 expri-

1170 569 1260 593 mant
1281 584 1293 600 ,
1330 571 1473 595 attamen
1509 561 1668 596 damnant
1693 561 1786 596 suum
1822 559 2047 599 Patriarcham

1169 609 1328 651 Ioannem
1339 635 1350 651 ‚
1377 611 1411 645 δε
1421 622 1552 646 caeteros
1561 622 1675 646 omnes
1687 611 1868 655 Episcopos
1888 623 1926 646 ac
1938 611 2049 655 Popu-

1170 659 1242 699 los,
1267 660 1326 702 qui
1346 672 1422 694 cum
1445 661 1516 704 ipso
1536 661 1731 696 admiserant
1743 672 1877 706 pacem.
1903 660 2050 701 Tertio,

1169 708 1368 743 confirmant
1396 711 1487 745 suam
1518 710 1823 747 Chalcedonensem
1851 711 2052 755 conjuratio-

1171 768 1247 792 nem
1268 784 1280 799 ,
1305 770 1369 801 qua
1392 759 1534 802 jurarant
1561 762 1728 804 Cyrillum
1749 773 1818 796 non
1852 762 2053 802 admittere,

1173 808 1229 841 nisi
1250 807 1540 843 anathematizaret
1562 811 1734 853 Capitula.
1761 811 1806 846 Et
1817 811 1963 846 adduntz
1980 808 2056 852 -Etfi

1171 859 1215 890 ad
1224 863 1342 901 ignem,
1368 860 1403 893 (9⁹
1412 859 1534 901 ferrum
1544 883 1556 899 ,
1576 858 1771 903 ferarumque
1780 862 1887 896 demes
1899 872 1951 895 nos
1963 870 2054 903 opor-¹

1172 917 1245 941 teret
1256 910 1408 941 concredi.
1435 910 1519 942 Haec
1538 908 1663 943 addunt
1682 922 1796 945 contra
1817 912 1958 956 poenalia
1969 909 2055 946 Edi-

1172 960 1220 992 ἂι
1232 957 1439 1001 Imperatoris
1450 957 1635 993 Theodosii
1648 983 1656 991 .
1684 959 1841 994 Attamen
1862 963 1952 996 suam
1973 973 2055 996 con-

1172 1007 1367 1051 jurationem
1396 1017 1596 1050 temperant.
1624 1008 1760 1043 Etenim
1783 1008 1925 1052 jurarant
1944 1010 2060 1054 Cyril-

1174 1060 1242 1092 lum
1266 1081 1278 1098 ‚
1302 1057 1381 1091 licet
1404 1056 1619 1100 poenitentem
1649 1068 1688 1091 ac
1708 1057 2058 1100 anathematizantem,

1176 1119 1246 1142 non
1267 1106 1441 1144 admittere
1465 1108 1524 1141 nisi
1540 1117 1577 1140 ut
1588 1106 1752 1143 Laicum
1779 1107 1849 1142 Hic
1858 1109 1961 1152 parati
1980 1111 2061 1147 sunu

1174 1167 1213 1192 ut
1225 1157 1425 1202 Episcopum
1445 1156 1634 1193 admittere.

1389 1434 1658 1485 CAPUT
1692 1438 1858 1484 CXIV.
1894 1438 2065 1484 -4202

1178 1572 1348 1642 Epistola
1396 1609 1410 1634 ,
1459 1576 1606 1641 inquit
1647 1610 1661 1635 ‚
1708 1580 1789 1621 Deo
1834 1570 2069 1637 Amiciffimi

1248 1641 1421 1691 Helladii
1453 1644 1507 1691 ad
1540 1651 1620 1691 Deo
1654 1637 1832 1709 Amiciff
1816 1659 1936 1691 mum
1970 1645 2072 1709 Epi-

1237 1712 1398 1782 fiopum
1455 1713 1721 1763 Alexandrum
1753 1749 1767 1775 ,
1808 1729 1879 1780 per
1925 1730 2073 1779 quam.)

1246 1784 1434 1831 indicavit
1463 1820 1476 1844 ,
1513 1783 1609 1849 quod
1641 1787 1886 1831 convenientes
1910 1781 2073 1850 Epificoe

1243 1858 1287 1921 pi
1311 1852 1482 1918 ficundae
1509 1852 1648 1901 Ciliciae
1684 1869 1827 1901 certam
1850 1850 2072 1936 formulam

1248 1923 1409 1971 dederim
1456 1921 1499 1969 de
1533 1920 1652 1988 causti
1686 1957 1706 1982 5
1749 1941 1828 1988 quae
1860 1927 2070 1971 vertitur.
2051 1940 2070 1954 ·

1246 1996 1380 2059 Qum
1410 1996 1543 2058 primae
1581 2008 1716 2058 quoque
1751 1990 1889 2039 Ciliciae
1912 1980 2074 2059 Ερίβοέ

1243 2065 1288 2128 pi
1321 2061 1557 2128 approbant.

1277 2205 1431 2240 Uoniam
1461 2204 1595 2248 quidem
1622 2203 1779 2252 Synodus
1805 2207 1883 2242 Deo
1908 2205 2077 2244 Amicum

1175 2206 1433 2315 ,Qmorum
1448 2253 1594 2288 secundae
1606 2253 1733 2288 Cilicia:
1745 2254 1985 2301 Episcoporum
1996 2258 2077 2294 col«

1330 2304 1461 2348 ligenda
1473 2313 1543 2339 erat
1555 2327 1566 2344 ‚
1594 2302 1758 2347 agnovisti
1780 2307 1895 2351 utique
1906 2307 2072 2349 omnino,

1181 2356 1256 2389 Deo
1281 2354 1507 2389 Amiciffime.
1535 2353 1625 2399 Qia
1647 2352 1725 2388 vero
1750 2355 1993 2402 &congregata
2005 2357 2070 2398 fit,

1179 2406 1211 2438 &
1225 2405 1401 2438 formatum
1411 2405 1448 2438 fit
1460 2402 1581 2443 abeis,
1607 2403 1687 2437 ficut
1712 2405 1991 2442 &mandaverunt
2009 2417 2070 2441 no·

1180 2453 1228 2488 bis
1249 2466 1304 2498 per
1326 2455 1401 2488 Deo
1414 2452 1658 2488 Amiciffimurn
1671 2452 1901 2498 Presbyterum
1914 2456 2068 2500 Mopsue-

1180 2505 1243 2538 stiae
1267 2505 1451 2548 Olippum,
1477 2513 1514 2538 ut
1537 2503 1573 2537 in
1600 2503 1883 2539 iliadamnatione
1909 2503 2068 2540 habeatur

1181 2555 1367 2599 AEgyptius
1392 2579 1403 2595 ,
1442 2555 1500 2587 cui
1526 2553 1609 2586 olim
1632 2554 1812 2596 suppositus
1837 2555 1885 2590 est
1911 2579 1924 2597 ,
1958 2554 2068 2590 donec

1180 2603 1432 2640 anathematizet
1458 2602 1560 2646 impia
1585 2601 1642 2634 ilia
1658 2601 1833 2647 Capitula,
1859 2607 1894 2641 δι
1918 2605 2067 2648 bivero,

1180 2656 1237 2700 qui
1259 2654 1289 2689 ei
1317 2654 1594 2693 communicant,
1621 2655 1902 2690 excommunicati
1925 2654 2067 2691 habean-

1179 2717 1252 2741 tur:
1279 2702 1467 2739 Neccffario
1492 2702 1527 2736 δε
1548 2712 1610 2736 nos
1633 2703 1863 2747 amplectentes
1889 2702 1980 2739 hunc
2006 2715 2066 2749 pro

1181 2757 1300 2799 pietate
1337 2753 1446 2788 zelum
1484 2777 1497 2793 ,
1532 2750 1798 2797 Apostolicisque
1822 2752 2065 2799 dogmatibus,

1180 2806 1370 2841 Sanctorum
1393 2802 1467 2838 vere
1495 2802 1731 2846 Episcopomm
1759 2828 1770 2844 ,
1796 2805 1964 2847 sequentes
1983 2816 2063 2848 quo-

1180 2866 1243 2898 que
1256 2853 1486 2898 Apostolicum
1498 2863 1611 2886 eorum
1625 2851 1849 2896 Propositum,
1877 2854 1910 2886 ἀ
1934 2854 2065 2897 acquie-

1182 2908 1304 2939 scentes
1314 2903 1364 2938 his
1378 2929 1390 2946 ,
1415 2914 1485 2947 quae
1494 2902 1535 2937 ab
1546 2903 1592 2936 eis
1607 2902 1809 2944 synodaliter
1818 2902 1964 2946 exposita
1976 2904 2064 2946 sunt,

1179 2967 1241 2990 tuae
1253 2953 1478 2990 mandavimus
1490 2952 1656 2987 sanctitati
1671 2975 1683 2991 ,
1710 2961 1747 2985 ut
1767 2952 1788 2985 fi
1809 2952 1942 2995 quidem
1961 2953 2062 2997 poffi·

1180 3006 1244 3040 bile
1254 3005 1299 3040 est
1311 3029 1323 3046 ,
1349 3003 1416 3039 huc
1438 3004 1539 3047 usque
1560 3001 1727 3046 fatigeris,
1752 3001 1984 3045 subscripturus
2004 3003 2061 3047 ipsi

1178 3056 1346 3100 Synodico
1367 3079 1379 3097 ,
1405 3053 1495 3098 quod
1521 3052 1555 3084 ἀ
1581 3052 1685 3085 facere
1709 3051 1837 3094 debes,
1827 3063 1835 3070 ·
1863 3052 1887 3086 fi
1914 3053 1994 3088 vero
2017 3051 2061 3087 ab

1177 3105 1241 3141 hoc
1267 3106 1376 3150 aliqua
1403 3103 1485 3138 forte
1511 3100 1671 3135 violentia
1697 3100 1878 3145 prohiberis
1903 3127 1918 3144 ,
1948 3114 2060 3146 quam-

1175 3168 1272 3201 quam
1296 3154 1382 3189 nihil
1404 3153 1441 3187 sit
1460 3150 1526 3185 hoe
1552 3151 1752 3192 violentius,
1778 3151 1860 3186 ficut
1884 3152 1967 3187 &tu
1980 3153 2058 3188 Deo

1177 3205 1378 3241 Amiciffime
1390 3205 1503 3246 utique
1514 3200 1618 3243 dicis,
1648 3200 1704 3235 nisi
1715 3201 1801 3235 forte
1811 3203 2019 3247 corporalis'
2009 3215 2058 3237 in-

1174 3258 1327 3295 firmitas,
1352 3252 1551 3288 innotescere
1564 3251 1660 3285 nobis
1677 3251 1812 3296 dignare
1832 3263 1889 3297 per
1909 3253 2055 3293 litteras,

1174 3307 1260 3348 quod
1286 3306 1407 3350 placet.
1434 3300 1630 3344 lmpossibile
1653 3301 1699 3335 est
1719 3302 1861 3346 quippe,
1887 3303 1969 3337 ficut
1994 3314 2054 3336 nos

1173 3357 1383 3395 aestimamus,
1409 3351 1465 3388 etfi
1484 3351 1550 3386 hoc
1572 3350 1743 3387 multoties
1764 3352 1882 3387 millies
1903 3352 2054 3387 simulent

1647 3401 1676 3436 Z
1729 3411 1748 3450 3
1949 3399 2006 3445 hi,
