2320 3730
177 645 179 647 *
190 611 271 647 Erat
285 611 375 647 enim
387 621 455 646 tam
466 612 613 647 sublimis
627 611 665 648 asc
672 621 742 646 tam
752 611 861 646 Sansti
875 607 1068 644 patriarchae

18 940 105 980 Epist.
116 951 179 979 115.

20 1245 107 1288 Epist.
118 1255 130 1277 Χ
140 1257 180 1284 ¹4.

585 179 895 237 Senonts,
931 192 992 225 ετ
1027 176 1219 227 Nous
1257 168 1649 225 tuus-rme&

189 264 371 310 hannem,
394 261 488 295 suum
502 261 676 297 Medicum
698 273 737 296 ac
751 262 941 306 Syncellum
953 286 964 302 ,
989 271 1064 295 cum

190 315 286 350 novis
297 310 467 347 Mandatis
477 322 514 346 ac
525 312 756 348 Relationibus
766 339 773 346 .
804 313 885 348 Non
900 312 1024 346 mireris
1034 311 1065 343 ei

189 364 283 400 fuisse
303 361 518 399 domesticum
539 362 710 398 Medicum
733 388 739 396 .
768 363 872 410 Qod
895 362 986 396 enim
1009 360 1067 393 Pa·

189 408 326 448 triarcha
338 411 583 447 Alexandrinus
602 413 751 458 Regium
773 414 892 448 statum
905 435 916 452 ‚
944 411 1068 445 Roma·

189 461 225 497 ni
235 459 409 496 Pontificis
431 462 513 496 statu
540 474 608 497 non
631 462 817 498 inferiorem
831 486 841 502 ‚
867 471 948 496 tunc
970 458 1069 493 habe-

189 519 259 551 ret,
284 510 330 545 est
358 511 504 546 Eruditis
518 537 529 552 ,
556 514 782 556 exploratum.
810 510 974 545 Existimo
996 519 1065 542 non

190 561 328 597 Laicurn
341 561 433 597 fuisse
444 587 455 603 ,
480 562 534 597 sed
548 562 774 606 Presbyterum
787 571 844 596 aut
858 560 1064 600 Diaconum.

189 660 381 704 Syncellus·
406 662 493 710 Qae
514 661 659 710 dignitas
677 672 747 695 non
770 660 927 700 cadebat,
953 659 1010 693 nifi
1031 659 1065 693 in

190 709 401 754 Presbyteros
426 721 484 747 aut
511 713 683 747 Diaconos
704 737 711 744 .
741 712 785 745 Et
811 710 889 747 licet
915 708 1066 744 hodierni

191 760 317 795 Latinae
331 761 480 797 Eccleliae
501 771 642 796 canones
663 761 766 796 Sacris
780 758 916 796 Clericis
935 758 1068 794 interdi-

191 821 269 846 cant
287 811 422 848 medicae
432 811 510 847 artis
519 811 662 845 studium
676 823 714 846 ac
724 811 917 846 exercitium
930 834 941 851 ,
968 809 1068 844 istius-

192 860 419 896 meditamen
438 860 565 906 regulas
600 871 680 896 tunc
706 860 880 906 ignorabat
906 860 1067 897 Ecclesia.

195 911 332 946 Etenim
353 909 562 954 adApellam
585 911 695 946 scribit
717 910 974 947 Theodoretus:
1000 914 1069 947 cm

192 960 406 1005 gubernatione
423 959 555 1004 suscepta
576 962 749 1005 neceffarias
768 963 814 996 illt
823 969 904 997 artes
918 960 1070 1002 undequa-

195 1021 252 1053 que
272 1017 447 1053 comparavi
459 1036 466 1044 .
494 1014 575 1046 Tunc
595 1021 696 1046 autem
714 1013 916 1046 &Medlctnae
934 1015 1044 1053 peritos
1061 1034 1070 1049 ‚
1092 1030 1094 1032 r

196 1069 231 1094 ut
252 1071 320 1094 eam
338 1061 518 1100 incolerent,
542 1059 679 1095 hortatus
695 1059 766 1104 sum
779 1086 786 1094 .
815 1064 926 1095 Horum
943 1071 1020 1094 unus
1033 1059 1071 1106 est
1095 1076 1097 1078 ·

195 1107 421 1152 Religiofiffimus
442 1109 594 1149 Presbyter
606 1114 740 1153 Petrus,
765 1117 818 1155 qui
840 1113 982 1147 &artem
1008 1122 1079 1145 curn

194 1164 310 1192 ratione
319 1159 455 1201 traaas,
481 1160 605 1195 &banc
627 1161 757 1195 moribus
780 1171 926 1196 exornat.
955 1159 1079 1197 Scribit

195 1207 264 1243 haec
290 1209 324 1243 in
351 1210 401 1243 sui
428 1212 752 1246 commendationem
771 1237 779 1245 .
808 1212 937 1247 Eodem
970 1211 1073 1245 modo

195 1259 306 1293 scribit
332 1259 372 1294 ad
400 1258 597 1296 Andiberim
622 1273 631 1293 ι
667 1260 891 1304 ΒεΙζςὶςῇῶιηω
916 1260 1073 1297 Presbyter

195 1311 308 1343 Petrus
330 1310 491 1343 Sacerdott'i
510 1310 631 1353 quidem
641 1319 766 1344 ornatur
788 1312 962 1355 dignitate,
989 1321 1074 1343 orna-

194 1368 246 1393 tur
269 1361 339 1393 verb
372 1361 408 1393 ό·
430 1361 572 1395 rational}
596 1369 748 1402 corporum
767 1367 917 1394 curatione
939 1384 946 1392 .
975 1363 1075 1403 Longo

194 1418 295 1442 autem
315 1416 444 1451 tempore
462 1411 547 1451 apud
564 1421 664 1445 omnes
683 1408 822 1453 versatus
835 1422 948 1445 morum
960 1411 1077 1454 elegan-

195 1457 414 1499 nafibtomnes
424 1460 584 1493 devinxit.
614 1458 747 1504 Agebat
770 1459 938 1504 publicum
951 1461 1078 1504 Cyren-

194 1509 237 1542 {is
261 1508 403 1543 civitatis
427 1507 602 1543 Medicum
625 1535 632 1541 .
661 1509 773 1545 Etiam
801 1511 886 1545 inter
912 1510 1078 1547 Edeffenae

194 1557 347 1592 Ecclefiae
366 1555 538 1599 Clericos,
563 1558 622 1603 qui
643 1560 739 1593 suum
761 1559 963 1603 Episcopum
984 1560 1076 1594 Ibam

190 1608 384 1643 accusarunt
410 1633 422 1649 ,
457 1619 543 1643 unus
567 1608 682 1643 libello
708 1609 890 1653 subscripsit
924 1611 960 1644 in
987 1609 1077 1644 hunc

194 1657 335 1693 modum
356 1670 364 1690 :
388 1655 505 1697 sabbas
529 1662 676 1692 Diaconus
701 1683 712 1699 ,
738 1666 792 1702 qul
814 1662 897 1693 dtcor
923 1661 1054 1694 Medicus
1067 1684 1074 1692 .

194 1707 315 1743 Exstat
338 1708 373 1743 in
386 1706 513 1743 decima
526 1707 668 1743 Aetione
690 1707 968 1745 Chalcedonensis
989 1711 1077 1745 Con·

194 1757 286 1792 ciiii.
313 1759 408 1794 Hinc
436 1758 537 1804 igitur
557 1759 679 1802 opinor
701 1761 802 1795 etiam
822 1762 928 1796 Sanffl
954 1761 1076 1804 Cyrilli

187 1806 370 1846 Medicum
389 1810 551 1855 Joannem
574 1809 667 1846 fuiffe
677 1810 906 1857 Presbyterum
930 1820 986 1848 aut
999 1811 1077 1846 Dia·

195 1868 319 1893 conum
333 1884 340 1891 .

247 1907 293 1942 Et
315 1909 381 1951 ipse
401 1921 518 1943 omnes
530 1910 639 1944 Irenaei
661 1910 798 1945 fabricas
817 1911 863 1945 est
879 1910 1078 1946 demolitus.

199 1957 251 1992 Ita
263 1956 385 1992 docent
406 1957 474 1992 haec
490 1959 645 2002 Epistolae
665 1961 779 1995 verba:
810 1963 1005 1995 Advertimus
1018 1973 1081 1993 ma-

189 2009 290 2049 jorem
307 2014 430 2049 partem
441 2010 615 2053 PrIncipum
637 2009 721 2054 quaefi
738 2018 887 2044 mutatam
909 2010 996 2053 fuisse
1011 2034 1021 2049 ‚
1047 2018 1080 2042 ut

196 2061 251 2100 qul
264 2059 336 2097 jam
348 2068 384 2091 ne
405 2058 510 2091 audire
530 2060 651 2101 quidem
661 2071 696 2092 ea
718 2061 739 2091 ἃ
751 2060 834 2093 noble
847 2062 960 2093 vellent
975 2084 985 2099 ,
1011 2071 1079 2101 quae

198 2117 295 2139 coram
318 2106 388 2149 ipsis
414 2132 427 2148 ‚
453 2109 508 2142 vel
524 2115 614 2142 etiam
637 2109 675 2141 ab
695 2109 762 2151 ipfis
782 2109 908 2150 fuerant
923 2111 1078 2150 judicata.

198 2155 392 2191 Caffinenlis
417 2156 537 2192 Codex
555 2157 658 2193 habet
681 2158 860 2203 emphasim
883 2184 895 2200 ,
919 2161 953 2196 δε
977 2160 1078 2196 alium

199 2215 376 2251 utcumque
401 2208 531 2242 sensum
556 2221 564 2240 ε
592 2210 746 2254 Judtcum
766 2210 913 2253 plurimos
939 2212 1079 2245 videmus

199 2257 273 2288 altos
284 2258 491 2298 quodammodo
513 2258 553 2290 ab
563 2259 634 2292 allt's
646 2259 759 2299 effi-Hos
770 2285 781 2301 ‚
808 2262 843 2294 Θ
864 2263 884 2295 ἃ
895 2261 979 2294 nobts
991 2286 1001 2301 ,
1031 2266 1082 2303 qui

201 2307 286 2348 apud
299 2318 349 2339 eos
370 2307 455 2340 &ab
478 2313 522 2341 eis
525 2309 657 2349 judicati
675 2308 802 2352 sumus,
827 2322 877 2344 nec
896 2312 1002 2344 audire
1020 2309 1082 2354 sal-

201 2365 262 2389 tem
273 2357 470 2400 quodcumque
490 2365 618 2393 contenti
635 2358 709 2402 sunt
717 2386 724 2394 .
757 2361 867 2395 Etiam
879 2359 949 2395 haec
961 2361 1056 2395 verba
1068 2385 1078 2400 ‚

202 2409 306 2447 quue
328 2408 411 2439 modo
430 2409 572 2450 venisset,
600 2420 656 2451 quo
671 2408 782 2451 setus,
808 2410 1001 2445 Caffinenfis
1015 2410 1082 2444 Co-

202 2456 269 2488 dex
289 2455 446 2496 exponit:
474 2460 520 2487 Et
543 2456 666 2497 venisset
681 2481 691 2496 ,
709 2458 783 2498 ficut
806 2459 915 2499 nolite,
941 2471 980 2491 ex
990 2469 1080 2491 more.

203 2503 261 2537 Est
284 2503 498 2546 mysterium,
523 2505 612 2548 quod
633 2506 771 2540 Irenaeus
793 2518 861 2540 non
886 2518 927 2540 ex
938 2508 1082 2551 Cyrilli,

202 2553 257 2587 sed
277 2564 319 2586 ex
337 2552 563 2588 Palatinorum
588 2553 781 2598 Principum
803 2565 892 2590 metu
905 2567 971 2591 non
985 2557 1083 2591 audet

202 2603 397 2637 enunciare.
423 2602 577 2637 Affirmat
589 2603 749 2646 Ioannem
770 2605 941 2640 Medicum
962 2607 1083 2641 venisse

202 2651 357 2686 onustum
368 2663 461 2689 auro,
496 2665 533 2688 ac
545 2665 598 2696 pet
610 2653 715 2698 ipsum
727 2656 951 2690 transmutasse
961 2655 1061 2690 corda
1073 2682 1080 2688 .

204 2702 249 2736 Et
260 2701 347 2736 hunc
358 2705 420 2738 effe
431 2703 550 2746 Cyrilli
563 2715 687 2738 morem
700 2729 707 2736 .
734 2704 797 2738 Iste
810 2705 911 2750 igitur
926 2704 1079 2741 Medicus

205 2751 387 2797 Augustam
399 2753 534 2787 domurn
546 2753 655 2789 divifit
669 2755 703 2788 in
715 2764 777 2790 tres
789 2765 894 2799 partes
903 2764 1001 2799 atque
1016 2758 1083 2792 sen·

206 2804 342 2836 tentias.
371 2802 479 2837 Prima
505 2804 675 2845 affirmabat
699 2830 710 2845 ,
734 2817 803 2848 quae
829 2812 978 2849 utrimque
992 2806 1083 2848 fabia

205 2852 294 2895 essent
310 2876 321 2891 ,
348 2857 380 2885 in
389 2852 531 2896 praesenti
553 2855 655 2887 valere
676 2854 799 2897 debere,
826 2866 916 2899 atque
936 2858 1012 2890 adea
1024 2869 1083 2890 non

207 2903 335 2935 duarum
356 2901 551 2946 Personarum
570 2906 688 2937 tantum
705 2930 718 2946 ,
744 2916 777 2940 ut
797 2908 960 2949 aliquando
981 2905 1082 2950 visum

201 2950 325 2993 fuerat,
347 2951 405 2997 sed
425 2959 516 2987 trlum
540 2954 738 2996 depofitt'onem
755 2957 805 3000 ‘ff‘
826 2957 1081 2999 confirmandam.

208 2999 337 3044 Nempe
364 3002 532 3043 Nestorii,
559 3004 702 3048 cyrilli,
727 3018 765 3040 ac
789 3008 1002 3042 Memnonis.
1032 3009 1082 3043 Se·

210 3050 315 3084 cunda
336 3063 403 3094 pars
428 3054 461 3087 &
482 3054 639 3088 sententia
660 3055 794 3099 censebat
821 3057 1081 3092 marathon-atrones

210 3099 328 3141 quidem
349 3112 386 3134 ex
399 3114 480 3144 aequo
502 3105 707 3139 annullanda:
718 3130 730 3147 ,
755 3107 874 3147 illustres
885 3111 957 3142 vero
965 3107 1082 3152 expiis-

205 3148 288 3191 fimis
308 3148 458 3192 Episcopls
474 3177 485 3192 ,
510 3159 561 3196 qut
582 3155 617 3188 (9
624 3155 698 3197 fide}
717 3156 885 3191 dollrtnam
896 3161 1033 3192 accurata>
1043 3159 1086 3190 ad

208 3204 353 3231 veritatis
366 3202 490 3241 amuffim
510 3210 681 3237 examinent
692 3230 702 3245 ‚
730 3208 840 3250 &quae
851 3208 965 3250 Ephefi
981 3218 1084 3242 contra

207 3250 263 3290 jus
285 3249 379 3291 &fas
392 3250 459 3282 alsa
469 3250 541 3293 sunt
552 3277 563 3292 ,
588 3252 641 3287 bue
654 3255 837 3297 accersendos
848 3283 856 3291 .
883 3259 1001 3292 Tertia
1013 3270 1084 3301 pars

211 3302 408 3341 maximopere*
421 3299 561 3340 studebat
582 3314 748 3348 omnemque
767 3308 906 3341 movebat
929 3309 1062 3351 lapidem
1074 3334 1085 3350 ,

210 3358 246 3381 ut
258 3348 416 3391 maniftstts
424 3353 555 3384 Decretis
566 3351 693 3392 instrum
703 3358 722 3388 ἃ
732 3359 904 3398 Ptentt'ffi‘mo
912 3362 1086 3401 Imperatore

211 3397 365 3443 Ephesum
374 3400 456 3434 abire
466 3400 627 3443 sinerentur
638 3427 649 3443 ‚
674 3412 826 3448 tamquam
843 3413 942 3443 omnia
956 3415 1082 3453 cegnttu-

310 3449 418 3491 Christ.
432 3451 513 3495 Lupn'
524 3457 622 3496 Opera
632 3456 734 3488 T-VII.

1881 194 1938 240 73

1126 265 1173 301 ri,
1200 261 1296 302 &pro
1313 260 1400 293 viril!
1421 258 1616 302 compofituri.
1644 260 1689 294 Et
1700 261 1833 296 tandem
1857 260 2006 304 Principi

1127 309 1248 354 placuit
1269 311 1371 354 prima
1394 310 1570 345 sententia.
1597 310 1641 344 Et
1666 321 1742 346 cum
1756 313 1850 347 Sacra
1862 310 1928 353 ejus
1942 311 2007 354 Jus·

1128 361 1218 395 fione
1244 384 1255 401 ,
1281 360 1440 404 plenaque
1464 360 1650 404 exequendi
1675 361 1831 403 potestate
1865 361 2007 404 Ioannes

1130 411 1296 445 sacrarum
1319 410 1553 455 Largitionum
1566 411 1688 445 Comes
1709 409 1755 444 est
1781 411 1893 443 missus
1904 410 2010 454 Ephe-

1130 461 1216 494 sum.
1246 461 1299 496 Sic
1320 460 1458 501 Irenaeus
1480 471 1539 504 pro
1563 461 1710 506 Ioannis
1724 458 1930 494 Antiochcni
1952 461 2011 498 Fa-

1129 511 1237 545 stione
1258 509 1403 546 obtinuit
1422 510 1565 545 multum
1585 535 1595 552 ,
1622 510 1668 545 ast
1690 509 1796 544 amisit
1817 518 1922 543 totam
1937 520 2013 543 cau-

1131 561 1197 594 sam
1208 561 1355 595 Nestorii
1369 586 1376 593 .
1403 560 1635 596 Nihilominus
1656 560 1753 595 inivit
1765 559 1904 604 gratiam
1917 558 2012 600 Joan-

1132 610 1183 646 nis
1196 610 1355 652 Comitis,
1381 611 1415 650 ἀ
1428 622 1502 649 cum
1522 612 1591 655 ipso
1608 613 1654 648 est
1668 611 1810 647 reversus
1823 608 1988 653 Ephesum
2002 633 2013 649 ,

1131 658 1173 693 ad
1196 670 1295 693 novas
1306 661 1436 695 turbas.
1467 661 1613 708 Qidam
1635 662 1770 698 censent
1780 660 1927 703 Principi
1948 659 2015 702 pla-

1131 709 1229 743 cuifle
1251 710 1381 743 tertiam
1408 712 1540 755 quoque
1560 711 1755 746 sententiam
1771 734 1783 752 ,
1806 710 1953 753 &ipsam
1975 709 2012 743 in

1133 760 1258 803 Joannc
1281 759 1415 793 Comite
1434 760 1525 794 fuine
1546 772 1624 803 cum
1646 761 1749 806 prima
1777 761 1987 805 conjunctam
2004 772 2016 792 .-

1134 810 1176 844 Ei
1198 809 1312 843 datum
1337 808 1650 846 fuisse—Mandatum
1677 811 1869 855 publicandi
1892 822 1929 845 ac
1941 820 2016 844 exe-

1133 859 1256 904 quendi
1285 858 1384 892 trium
1407 857 1652 895 damnationem
1668 886 1679 902 ,
1702 862 1863 907 simulque
1883 861 2020 896 faculta-

1134 920 1200 944 tem
1225 907 1447 953 componendi
1466 908 1581 942 omnia
1596 933 1604 940 .
1631 910 1676 943 Et
1698 910 1784 946 certe
1802 911 1893 956 quod
1902 909 2019 946 omnia

1106 985 1108 987 »
1135 969 1334 1003 componere
1346 958 1505 993 studuerit
1516 981 1527 997 ‚
1548 958 1592 992 est
1606 958 1896 1007 exploratiffimum
1908 986 1916 993 .
1941 960 2021 995 Res-

1135 1010 1269 1054 pondeo
1280 1019 1389 1043 tamen
1405 1007 1480 1042 illos
1490 1008 1582 1042 falli.
1611 1008 1747 1043 Etenim
1757 1009 1851 1043 tertia
1862 1010 2021 1046 sententia

1135 1059 1253 1106 agebat
1281 1070 1339 1103 pro
1360 1058 1521 1102 Synodo,
1546 1058 1633 1092 &ab
1657 1058 1725 1101 ejus
1737 1054 1930 1101 procedebat
1945 1061 2023 1093 ami-

1135 1111 1184 1145 cis
1208 1135 1222 1152 ,
1245 1109 1388 1153 ideoque
1414 1107 1568 1143 adversus
1594 1108 1687 1143 illam
1704 1109 1851 1144 ‚lt-enatus
1879 1109 2020 1151 scripfit:

1136 1162 1230 1204 ,Quod
1244 1171 1278 1193 ne
1285 1160 1347 1201 fiat
1359 1185 1370 1200 ‚
1397 1164 1449 1202 qui
1460 1171 1515 1193 vos
1528 1168 1635 1194 amant
1646 1183 1658 1199 ‚
1683 1158 1791 1192 obnixe=
1807 1160 2000 1200 deprecantur
2008 1181 2020 1199 ‚

1136 1214 1214 1245 certo
1220 1208 1345 1253 scientes
1358 1235 1369 1251 ,
1394 1209 1547 1251 cuiusfint
1556 1215 1652 1245 animi
1663 1232 1673 1251 ,
1700 1215 1752 1252 qu}
1761 1208 1825 1243 baec
1837 1210 1995 1242 moliuntur
2008 1231 2018 1248 ‚

1136 1272 1231 1303 neque
1253 1259 1409 1303 nesciunt,
1435 1271 1492 1303 quo
1507 1260 1571 1302 fine
1594 1262 1632 1294 td
1649 1259 1758 1301 confilti
1779 1265 1922 1303 coepertnt
1936 1284 1943 1292 .
1971 1258 2020 1293 At

1137 1310 1214 1344 vero
1239 1310 1382 1353 Ioannes
1395 1311 1518 1345 Comes
1527 1311 1656 1346 favebat
1668 1310 1817 1345 Fastioni
1830 1309 1997 1346 Orientali
2012 1333 2022 1349 ,

1137 1360 1171 1395 &
1193 1370 1247 1404 per
1276 1360 1344 1403 ejus
1364 1361 1509 1397 fautores
1529 1362 1592 1397 fuit
1613 1361 1813 1398 transmissus
1835 1359 2022 1404 Ephesum.

1138 1409 1295 1452 Deinde,
1321 1411 1414 1448 tertia
1425 1411 1587 1446 sententia
1602 1412 1748 1457 urgebat
1762 1409 1929 1454 Ephesum
1941 1411 2027 1445 able-

1138 1460 1208 1505 gari
1229 1460 1338 1502 viros,
1365 1462 1422 1506 qui
1438 1463 1605 1506 utriusque
1626 1463 1725 1505 partis
1736 1460 1818 1496 Acta
1829 1461 2028 1497 discuterent

1139 1522 1177 1544 ac
1190 1509 1372 1554 judicarent
1386 1524 1394 1543 ι
1426 1512 1531 1560 Qod
1545 1511 1897 1548 manifestenon-cadit
1906 1512 1943 1545 in
1955 1511 2031 1545 Lai·-

1139 1571 1216 1595 cum
1226 1586 1234 1593 .
1264 1560 1386 1596 Tertio
1399 1586 1410 1602 ‚
1439 1562 1598 1607 quidquid
1611 1564 1753 1607 Joannes
1763 1562 1886 1596 Comes
1895 1560 1935 1595 ad
1949 1559 2031 1604 paci-

1139 1610 1284 1645 ficandas
1305 1622 1409 1655 partes
1433 1614 1504 1658 egit
1529 1637 1541 1653 ‚
1566 1614 1634 1656 egit
1659 1612 1791 1655 proprio
1812 1620 1908 1644 motu
1926 1611 1967 1644 ad
1979 1621 2031 1644 ca-

1141 1661 1295 1704 ptandam
1316 1662 1455 1706 gratiam
1488 1662 1652 1705 Principis
1670 1686 1677 1694 .
1703 1662 1754 1695 Ita
1768 1660 1902 1695 Sanetus
1923 1659 2030 1703 Cyril-

1140 1710 1190 1745 lus
1210 1711 1349 1746 affirmat
1373 1712 1408 1745 in
1421 1710 1540 1746 litteris
1563 1712 1603 1746 ad
1617 1710 2031 1754 Constantinopolitanum.

1140 1761 1277 1796 Clerum
1295 1773 1334 1798 ac
1348 1760 1519 1805 Populum
1543 1788 1550 1795 .
1578 1762 1726 1797 Proinde
1752 1762 1847 1797 tertia
1870 1762 2030 1795 sententia

1142 1811 1296 1847 suadebat
1311 1810 1476 1855 Ephesum
1501 1811 1654 1849 destinari
1680 1813 1758 1847 illos
1782 1813 1817 1846 in
1831 1811 1939 1856 Regia
1950 1821 2031 1847 tunc

1141 1861 1277 1895 civitate
1299 1861 1456 1905 degentes
1480 1862 1662 1906 Episcopos
1681 1887 1692 1903 ,
1718 1873 1860 1906 quorum
1884 1861 2030 1898 zelofiffi-

1141 1921 1211 1947 mas
1221 1910 1261 1945 ad
1275 1910 1450 1953 synodum
1467 1911 1612 1951 littera,
1638 1913 1673 1947 ὄε
1686 1922 1741 1955 par
1752 1911 1878 1955 Synodi
1891 1910 1932 1946 ad
1945 1911 2031 1955 ipsos

1143 1961 1350 2003 Responsum
1371 1958 1529 1995 habemus
1543 1962 1577 1995 in
1593 1961 1685 1995 Astis
1695 1959 1936 2003 Synodalibus.
1967 1962 2031 1994 Eo-

1143 2020 1214 2044 rum
1229 2009 1366 2043 nomina
1378 2019 1471 2043 erant
1487 2023 1494 2043 :
1522 2009 1675 2044 Eulalius
1688 2033 1700 2050 ‚
1711 2008 1908 2044 Eutrechius
1921 2035 1932 2050 ,
1948 2010 2033 2044 Aca-

1141 2060 1213 2094 cius
1238 2084 1250 2100 ,
1288 2057 1519 2103 Chrysaphius
1547 2084 1559 2100 ,
1598 2059 1750 2103 Jeremias
1775 2084 1786 2100 ‚
1812 2059 2034 2102 Theodulus,

1141 2108 1256 2152 lsajas.
1283 2109 1480 2144 Eutrechius
1503 2110 1599 2154 poffit
1617 2112 1681 2146 effe
1702 2109 1939 2145 Antiochenus
1955 2111 2031 2154 Epi-

1142 2161 1282 2204 scopus,
1309 2159 1437 2194 Pilidiae
1461 2161 1679 2205 Metropolita
1702 2186 1713 2202 ,
1741 2172 1840 2205 quem
1871 2161 2032 2196 Leontius

1142 2209 1360 2244 Scholasticus
1382 2211 1522 2246 affirmat
1549 2210 1606 2245 sub
1628 2212 1736 2246 Sansti
1759 2210 1869 2246 Procli
1894 2213 2032 2255 Episco-

1143 2269 1222 2303 patu
1243 2259 1446 2303 frequentem
1475 2261 1568 2295 fuisse
1591 2261 1907 2305 Constantinopoli,
1934 2262 2031 2296 adeo·

1143 2310 1325 2355 que'fuiffe
1348 2309 1555 2346 adversatum
1582 2311 1739 2347 Nestorio
1763 2337 1770 2344 .
1798 2312 1887 2347 Nam
1909 2313 1944 2347 &
1970 2312 2035 2345 Ti-

1146 2358 1298 2395 motheus
1312 2360 1457 2396 AElurus
1477 2373 1514 2396 ac
1535 2361 1591 2396 alii
1604 2360 1861 2405 Eutychianistae
1883 2363 2036 2406 ipsmste-

1144 2411 1310 2443 stimoniis
1334 2412 1365 2443 se
1376 2423 1445 2445 arm
1455 2411 1571 2446 abant.
1598 2413 1702 2458 Quod
1715 2423 1833 2457 nempe
1844 2411 2033 2447 defenderet

1145 2459 1252 2498 saneti
1267 2457 1384 2499 Cyrilli
1411 2459 1566 2501 Capitula
1579 2483 1590 2498 ‚
1617 2472 1687 2503 quae
1704 2463 1815 2495 vesani
1836 2463 1885 2495 illi
1899 2462 2036 2497 blatera-

1147 2506 1224 2541 bant
1237 2507 1299 2541 effe
1313 2506 1527 2550 fundamenta
1539 2510 1599 2542 sua:
1610 2509 1816 2553 blasphemia:
1825 2533 1833 2542 .
1859 2510 1914 2544 Isti
1929 2511 2033 2555 igitur

1149 2556 1301 2600 Episcopi
1317 2557 1513 2601 appetebant
1539 2559 1625 2593 mitti
1637 2558 1825 2602 Ephesum.-
1852 2560 2032 2596 EtOrtho-

1145 2607 1376 2647 doxiomues,
1403 2608 1576 2650 praesercim
1600 2619 1676 2644 cum
1697 2610 1762 2643 suis
1776 2609 1957 2645 Monachis
1968 2611 2034 2645 Ar-

1145 2655 1412 2696 chi-Mandrum,
1438 2657 1525 2693 istud
1549 2658 1655 2702 ipsum
1676 2658 1908 2702 postulabant.
1936 2661 2031 2708 Qin

1145 2707 1178 2741 δι
1207 2707 1274 2750 ipsa
1300 2706 1455 2749 Synodus
1483 2707 1661 2751 postularat
1688 2734 1699 2750 ,
1724 2719 1782 2744 aut
1807 2710 1894 2744 certe
1919 2712 2032 2754 postea

1146 2756 1338 2801 postulavit.
1364 2758 1501 2792 Etenim
1515 2758 1604 2793 suam
1619 2783 1631 2799 ,
1652 2770 1750 2803 quam
1772 2759 1844 2804 post
1863 2762 2032 2796 executio-

1148 2808 1182 2842 ni
1209 2806 1397 2843 mandatam
1416 2808 1553 2851 Joannis
1574 2810 1719 2844 Comitis
1730 2810 1859 2845 Sacram
1880 2809 2030 2854 Principi

1145 2858 1319 2892 transmisit
1335 2883 1346 2899 ‚
1373 2856 1580 2894 Relationem
1605 2861 1766 2895 conclusit
1791 2861 1823 2893 in
1846 2859 1936 2894 hunc
1958 2872 2033 2895 mo-

1145 2907 1245 2942 dum:
1273 2909 1367 2952 ‚Quod
1382 2907 1568 2950 fiMajestatt
1590 2910 1698 2951 vestrae
1711 2936 1723 2952 ,
1748 2922 1814 2954 quae
1827 2915 1970 2945 internos
1993 2913 2029 2949 i&

1144 2959 1211 2991 illos
1235 2964 1286 3000 qut
1302 2956 1337 3002 se
1360 2959 1565 3000 abjunxerunt
1578 2985 1589 3000 ‚
1614 2961 1684 2993 aeta
1702 2960 1796 3004 fiant,
1822 2960 1958 2994 exactius
1981 2963 2028 2995 dt-

1127 3045 1130 3065 !
1141 3006 1278 3051 gnoscere
1299 3007 1416 3043 ltbumt
1438 3034 1451 3051 ,
1478 3011 1699 3044 Sublimitatem
1725 3010 1853 3052 vestram
1879 3022 2000 3045 oramus
2015 3036 2027 3052 ,

1127 3067 1178 3091 ‘ut
1208 3059 1255 3091 ad
1277 3059 1418 3094 sanctam
1442 3062 1585 3100 synodum
1609 3066 1713 3095 mittat
1740 3072 1811 3103 quor
1829 3060 2026 3103 probaverit,

1126 3076 1259 3192 {archeta-
1278 3115 1407 3193 ratiorgb
1415 3110 1611 3199 ss'ommbffs
1633 3116 1847 3203 etj'qamiorfzss
1867 3135 1878 3152 ,
1900 3112 2022 3197 pientius

1127 3179 1132 3189 .
1170 3170 1228 3191 oer
1257 3170 1332 3201 quea
1408 3173 1434 3193 rt
1458 3173 1469 3192 ι
1490 3173 1599 3194 amant·
1622 3172 1660 3194 ve
1683 3173 1720 3194 ra
1767 3173 1819 3203 ast
1842 3174 1896 3195 as.
1961 3174 1973 3195 ι
1995 3173 2026 3197 e·

1148 3219 1201 3245 tur
1220 3210 1317 3244 factas
1345 3220 1442 3246 ‚antea
1464 3221 1573 3253 preces
1594 3211 1709 3245 iterare
1731 3236 1738 3243 .
1766 3209 1940 3259 Qidquid
1963 3213 2025 3254 lit,

1147 3258 1231 3302 apud
1243 3260 1504 3294 circumventum
1524 3261 1542 3295 ὲ
1553 3260 1697 3296 Nestorii
1709 3260 1919 3301 diletstoribus
1930 3261 2026 3303 Ptin-

1148 3310 1256 3354 cipem
1278 3309 1362 3346 nihil
1386 3310 1623 3352 obtinuerunt.

1551 3447 1553 3450 ’
1614 3459 1648 3498 <2
1898 3459 1974 3496 CA-
