2320 3730
601 186 1011 239 Scn0111s‚22-r
1048 179 1241 229 NOTIS
1279 190 1664 228 ILLU-STRATAE.

364 344 473 392 'CA
489 345 521 390 P
536 342 635 395 UT
672 347 926 396 CLXXIV.
962 353 1106 395 --262-

225 488 366 529 Domino
397 497 467 522 meo
492 493 556 535 per
583 490 693 524 omnia
724 479 1002 535 Reverendtffimo
1031 508 1044 527 ‚
1073 478 1111 519 &²

341 538 647 594 Admirandiffimo
665 569 677 588 ‚
708 541 746 580 (θ’
776 536 995 592 Magnificen—

454 595 571 652 tiffimo
604 599 684 638 Tito
706 600 882 639 Meletius.

325 724 480 763 Uoniarn
503 724 636 770 quidem
648 723 852 768 providentia
870 723 960 763 Dei,
986 722 1064 757 ficut
1076 721 1110 755 in

350 775 466 809 litteris
476 777 543 821 ipse
565 774 763 818 praedixisti,
788 771 1110 813 &Admirandiffime

376 826 528 864 Domine
549 826 626 866 mi,
662 822 960 860 omneshomines
992 821 1111 857 salvare

225 874 329 913 velit,
352 875 502 915 constat,
531 875 666 911 sednon
694 876 809 919 utique
820 875 980 915 Divinam
998 871 1112 906 volun-

226 932 348 965 tatem,
374 925 454 959 ficut
465 924 638 966 videmus,
664 927 844 969 sequuntur
867 922 1043 958 hominum
1057 930 1112 953 vo-

225 973 371 1014 luntates
391 999 405 1018 ‚
429 986 566 1018 quarum
589 986 650 1014 nos
668 975 833 1013 dominos
853 974 977 1013 faciens
998 971 1111 1008 Deus,

225 1024 308 1057 ficut
329 1025 451 1067 cuique
472 1024 624 1064 videtur,
649 1023 696 1057 eis
714 1023 767 1063 uti
795 1022 937 1067 permisit
950 1046 962 1063 ,
989 1019 1030 1062 ad
1042 1031 1111 1065 pro-

225 1072 368 1107 bandam
395 1070 565 1109 rationalis
595 1071 715 1107 animae
745 1072 796 1109 vel
824 1070 1108 1110 benevolentiam,

223 1122 281 1156 vel
301 1120 571 1159 malevolentiam
603 1122 687 1156 circa
714 1123 826 1156 Deum
847 1147 855 1155 .
894 1122 948 1156 Sic
970 1131 1112 1164 namque

225 1171 315 1206 Cain
337 1170 472 1214 quidem
493 1170 712 1214 fratricidium
734 1172 926 1216 praesumpfit
950 1196 961 1213 ‚
997 1182 1111 1214 parum

225 1222 378 1266 cogitans
399 1220 526 1259 Divina
544 1221 708 1266 Praecepta
733 1247 740 1254 .
768 1221 948 1256 Sodomitae
971 1220 1050 1255 vero
1071 1221 1112 1255 ad

225 1278 343 1307 omnes
362 1271 571 1314 impietatum
590 1272 625 1306 dc
637 1272 853 1316 iniquitatum
864 1271 1111 1307 declinaverunt
1134 1295 1136 1301 ⁴

225 1320 367 1364 species,
392 1321 529 1355 nullam·
539 1323 695 1357 facientes
716 1322 908 1357 memoriam
931 1321 1114 1362 voluntatis
1135 1367 1137 1369 ‚

226 1370 375 1407 Divinae2
404 1369 451 1405 At
464 1371 611 1415 Populus
631 1373 815 1416 Judaeorum
836 1373 1029 1418 crucifigere
1039 1383 1108 1406 om·

225 1420 321 1454 nium
333 1420 534 1459 salvatorem
548 1421 716 1461 Christum
741 1422 881 1460 minime
902 1423 1113 1467 formidavit,

225 1469 307 1504 dum
318 1470 404 1509 certe
424 1470 572 1510 debuerit
594 1483 671 1507 eum
684 1497 694 1514 ,
720 1475 827 1516 quiex
839 1474 887 1508 eis
908 1472 948 1512 ad
959 1474 1113 1511 omnium

225 1520 363 1559 salutem
396 1522 544 1565 apparuit
566 1545 578 1565 ‚
604 1534 681 1557 cum
709 1523 919 1561 festinatione
950 1524 1113 1566 recipere:

224 1570 320 1604 Sicut
341 1570 379 1607 <Sc
398 1571 532 1606 volebat
565 1571 634 1615 ejus
656 1572 921 1615 Dispensationis
947 1573 1092 1606 intentio
1106 1596 1113 1604 .

225 1618 273 1652 Et
282 1628 320 1652 ut
330 1618 470 1657 breviter
477 1620 605 1661 dicam,
631 1621 742 1659 omnis
756 1622 919 1665 Scriptura
931 1622 1056 1659 Divina
1070 1631 1114 1655 ta-

226 1666 313 1702 libus
323 1670 480 1712 exemplis
491 1669 604 1708 referta
628 1670 673 1705 est
688 1694 699 1711 ‚
727 1682 780 1716 per
791 1683 863 1715 quae
883 1671 1001 1706 clareat
1023 1671 1112 1715 quod

226 1718 396 1753 innumeri
420 1720 539 1762 semper
559 1719 745 1753 exstiterint
766 1746 777 1762 ,
805 1723 861 1765 qui
885 1731 995 1764 praeter
1019 1722 1116 1755 Divi-

227 1779 306 1802 nam
319 1768 521 1803 voluntatem
545 1769 586 1805 ad
597 1769 758 1806 deteriora
779 1769 893 1814 dilapsi
914 1772 1005 1804 sunt.
1033 1773 1114 1805 Om-

227 1816 312 1851 nino
332 1829 442 1852 autem
462 1825 570 1862 pauci,
598 1818 655 1867 qui
683 1820 819 1857 salutem
844 1821 1023 1856 secundnm
1046 1822 1114 1859 Dei

228 1867 445 1901 obtinuerunt
460 1869 681 1902 voluntatem.
705 1870 787 1904 Non
801 1880 911 1904 tamen
924 1870 969 1904 ob
981 1869 1046 1905 hoc
1058 1880 1115 1905 aut

228 1916 308 1951 mali
319 1917 506 1963 praeferendi
527 1918 601 1952 sunt
614 1919 769 1962 optimis,
797 1930 852 1954 aut
863 1919 982 1962 optimi
1008 1921 1115 1954 crimi-

228 1966 281 2000 nis
292 1968 338 2004 rei
350 1969 412 2003 effe
425 1968 560 2011 putandi
575 1967 667 2013 sunt,
693 1968 833 2014 eoquod
857 1980 926 2006 non
938 1970 1002 2008 sint
1021 1970 1116 2014 malis

225 2015 385 2054 admixti-2
725 2043 727 2046 .
754 2015 761 2020 ”
1046 2047 1061 2052 s

262 2099 264 2101 ,
277 2065 318 2100 In
331 2067 427 2102 nullo
438 2069 526 2102 enim
539 2067 807 2110 reprehendimus
817 2069 903 2105 Abel
917 2093 928 2114 ,
937 2069 1013 2113 quia
1025 2069 1112 2103 Cain

226 2115 375 2154 moribus
387 2126 455 2150 non
470 2117 614 2151 assensit.
643 2117 717 2152 Nec
728 2130 790 2155 nos
801 2128 958 2164 tanquam
979 2118 1021 2152 de
1033 2118 1116 2152 insa-

225 2166 282 2200 nia
298 2166 483 2203 incusamus
504 2178 580 2203 eum
603 2190 615 2207 ,
644 2169 701 2210 qui
723 2169 865 2211 reliquos
891 2169 939 2206 sui
960 2167 1116 2210 temporis

226 2215 395 2253 universos
422 2225 492 2249 non
516 2216 614 2251 fuerit
634 2216 782 2250 imitatus
805 2240 814 2248 .
841 2216 914 2252 Nec
941 2215 1113 2252 Abraham

228 2263 375 2300 delirasse
385 2263 590 2309 putavimus,
618 2266 727 2308 quiex
751 2265 906 2300 omnibus
918 2265 1046 2308 generis
1067 2264 1114 2297 sui

228 2313 318 2348 solus
337 2314 416 2350 Deo
439 2314 648 2358 complacens
667 2315 765 2352 faetus
778 2314 825 2348 est
837 2339 848 2357 ,
873 2313 1114 2355 &Idololatriae

228 2363 330 2399 errori
361 2364 663 2407 peregrinationem
698 2376 756 2407 pro
776 2365 896 2408 pietate
920 2363 1091 2408 praeposuit
1110 2387 1117 2394 .

228 2413 304 2446 Nec
316 2412 408 2449 Loth
430 2412 521 2448 abeo
542 2413 632 2456 quod
645 2413 739 2449 decet
762 2414 924 2448 exceffiss'e
945 2413 1113 2453 dicemus,

228 2462 289 2506 qui
309 2462 396 2496 solus
417 2473 460 2498 ex
479 2461 890 2504 omnibusSodomitarum
912 2463 1021 2510 renuit
1042 2473 1115 2506 ope·

227 2523 280 2547 ra.
306 2510 382 2547 Nec
397 2511 614 2555 despiciemus
628 2512 772 2559 Moysen
785 2537 796 2554 ,
823 2514 880 2557 qui
897 2512 1116 2558 Regali-obse-

227 2561 309 2604 quio
324 2561 496 2608 praeposuit
519 2573 579 2606 pro
590 2562 709 2606 pietate
729 2564 870 2606 pericula
883 2589 890 2596 .
918 2563 993 2598 Nec
1009 2573 1116 2606 praete·

226 2611 365 2649 ribitnus
375 2610 591 2650 tresPueros,
617 2613 673 2654 qui
689 2612 749 2647 soli
770 2624 812 2647 ex
822 2612 977 2648 omnibus
1002 2613 1114 2647 nolue-

226 2670 308 2700 runt
329 2661 511 2709 imaginem
531 2660 847 2698 Nabuchodonosor
867 2672 997 2699 auream
1011 2663 1116 2697 simili-

227 2722 279 2747 ter
299 2711 373 2746 aliis
393 2711 550 2751 adorare,
575 2711 630 2747 sed
655 2722 712 2755 pro
728 2711 959 2749 benevolentia
981 2712 1026 2745 sui
1039 2724 1114 2757 erga

228 2761 344 2798 Deum
362 2758 511 2795 flammas
532 2759 661 2806 elegere
681 2762 837 2799 fornacis.
866 2763 928 2798 Sed
952 2774 1012 2798 nec
1026 2763 1115 2806 Apo-

227 2810 355 2851 stolos,
386 2820 546 2854 tanquam
567 2810 675 2856 gentis
695 2811 784 2848 nulla
798 2824 869 2857 pars
890 2813 1031 2853 fuerint,
1057 2811 1113 2856 qui

227 2872 306 2900 cum
329 2859 507 2897 duodecim
532 2870 669 2896 nurnero
686 2862 787 2896 essent
807 2874 848 2898 ex
872 2863 964 2897 omni
987 2862 1111 2907 populo

228 2911 440 2955 Judaeorum,
466 2911 502 2946 in
521 2910 617 2946 illurn
642 2911 702 2946 soli
724 2911 930 2951 crediderunt
957 2937 968 2953 ,
995 2913 1050 2956 qui
1072 2912 1113 2949 ab

227 2961 300 2995 istis
319 2962 488 3004 Deceptor
507 2985 519 3002 ‚
543 2961 578 2994 ἀ
599 2961 665 2995 Dei
685 2959 896 2998 Adversarius
916 2962 1110 2999 vocabatur.

228 3010 277 3047 Et
288 3010 375 3046 certe
393 3008 458 3045 hoc
469 3011 540 3054 ipso
559 3010 606 3045 eis
625 3011 811 3057 adpraesens
833 3013 919 3048 nihil
941 3013 1029 3049 aliud
1042 3025 1112 3057 pro-

230 3060 438 3100 mittentem,
465 3061 524 3096 nifi
536 3060 783 3103 tribulationes,
810 3063 842 3097 &
854 3065 1110 3107 persecutiones,

230 3111 413 3146 &morm-
440 3110 502 3144 Sed
513 3109 665 3154 nunquid
685 3111 939 3149 eisinfruetuosa
962 3115 1014 3150 vel
1037 3125 1111 3157 prae-

231 3160 317 3194 senti
332 3159 373 3194 in
387 3169 534 3203 tempore
555 3161 635 3194 faeta
649 3161 694 3197 est
716 3161 886 3208 diligentia
896 3174 1084 3208 competens
1096 3163 1111 3194 ἔ

282 3209 327 3243 Et
347 3210 434 3244 certe
456 3208 552 3250 vide,
577 3211 667 3256 quod
693 3211 779 3248 Abel
802 3212 935 3257 quidem
958 3214 1110 3256 majorem

231 3258 385 3297 fiduciam
408 3259 478 3304 post
493 3270 633 3298 mortem
655 3262 791 3305 poffidet
807 3264 893 3308 apud
914 3266 1041 3302 Deum.
1066 3264 1109 3298 Et

231 3307 311 3344 Noe
321 3308 400 3343 mire
419 3310 557 3345 salvatus
567 3311 612 3346 est
630 3312 649 3349 ὲ
661 3312 761 3346 totins
773 3312 893 3349 Mundi
915 3315 1088 3358 naufragio
1103 3340 1108 3345 .

232 3356 323 3399 Vide
338 3357 505 3399 Abraham
517 3385 528 3402 ,
550 3361 613 3405 «qui
634 3362 832 3406 principium
851 3363 987 3403 &radix
1006 3375 1109 3404 corre-

1883 202 1973 250 335

1167 260 1284 301 &tionis
1304 266 1457 303 omnium
1475 266 1578 307 fastus
1595 268 1640 300 est
1656 291 1666 307 ,
1691 271 1723 303 &
1741 281 1869 317 propter
1891 275 2043 314 virtutem

1167 315 1265 351 Pater
1276 318 1467 351 cunstorum
1488 316 1636 357 fidelium
1649 321 1767 353 meruit
1789 324 1956 366 appellari.
1985 326 2046 364 Vi-

1168 366 1210 400 de
1231 368 1346 408 Loth,
1372 366 1429 410 qui
1451 366 1564 410 ignem
1584 366 1797 411 largissimurn
1814 374 1925 406 evasit.
1953 374 2045 414 Vide,

1169 417 1312 460 Moysen
1324 441 1335 457 ‚
1363 417 1418 451 cui
1430 418 1533 450 torius
1542 416 1710 458 Israelitici
1724 416 1845 462 Populi
1858 425 2045 463 commissus

1170 466 1214 500 est
1228 467 1434 510 Principatus
1444 491 1455 507 ,
1481 468 1514 501 ἀ
1526 467 1639 512 figuris
1652 469 1831 509 honoratus
1849 470 1894 509 est
1910 472 1973 507 veri
1986 473 2047 510 Pa-

1171 517 1262 551 storis
1271 543 1278 550 .
1309 516 1397 558 Vide
1408 517 1530 551 Pueros
1539 542 1550 557 ,
1578 518 1632 560 qui
1647 516 1819 559 Babylone
1831 519 1922 562 super
1933 533 2047 556 omnes

1171 568 1254 610 apud
1267 566 1441 609 Chaldaeos
1451 568 1511 601 fint
1523 567 1649 601 Praelati
1662 568 1826 603 mirabiles
1835 594 1846 610 ,
1873 570 1908 611 ὃς
1918 568 2050 605 honori-

1171 615 1231 651 bus
1242 618 1355 661 primis
1375 631 1413 652 ac
1433 618 1586 652 maximis
1599 618 1735 663 benigni
1749 619 1832 662 apud
1843 618 1968 658 alienos
1979 622 2050 654 effe·

1172 668 1212 701 sti
1225 669 1299 701 sunt
1312 692 1320 699 .
1349 672 1494 712 Dignitas
1515 670 1619 702 eadem
1631 669 1751 710 obvenit
1763 670 1889 704 Sanctis
1911 669 2052 714 Aposto-

1172 717 1233 750 lis:
1260 718 1372 765 Qare
1397 718 1679 762 &rpfifafflsunu
1705 719 1905 764 qul&apud
1916 730 2052 763 omnes,

1171 766 1205 800 &
1219 766 1453 811 Imperatores,
1479 771 1512 803 ὃς
1526 770 1690 812 privatos,
1717 769 1966 813 fivesubjeeros,
1984 781 2053 805 tan-

1173 826 1206 849 ta
1228 818 1436 852 veneratione
1462 818 1636 859 colantur,
1663 830 1699 853 ut
1722 832 1780 863 pro
1792 821 1920 854 summo
1932 819 2054 854 benefi-

1171 867 1223 900 cio
1233 865 1393 908 habeant,
1420 868 1476 912 qui
1489 869 1644 904 omnibus
1656 870 1868 911 dominantur
1888 895 1899 911 ,
1926 870 2054 907 fiPauli

1172 917 1341 959 Scripturae
1368 918 1502 961 quisque
1526 919 1603 953 sciat
1625 920 1791 955 attendere
1815 921 1856 955 ad
1873 921 2058 955 consonan-

1171 967 1251 1008 tiam
1274 966 1507 1009 plurimorum:
1536 970 1580 1002 Et
1601 980 1672 1011 quae
1695 969 1780 1003 adse
1801 971 1961 1010 attinebat
1983 970 2057 1004 dili-

1173 1017 1316 1060 gentiam
1341 1017 1491 1056 virtutis,
1520 1018 1641 1051 nullius
1657 1029 1780 1061 putaret
1791 1021 1853 1055 effe
1865 1020 2053 1061 juvaminis.

1173 1066 1292 1111 Neque
1310 1067 1521 1113 aliquoquam
1544 1067 1667 1111 dignus
1686 1069 1835 1101 existeret
1858 1070 1892 1101 ὅ(
1914 1071 2031 1103 idoneus
2045 1093 2058 1112 ,

1166 1114 1230 1162 ¹m'fi
1244 1128 1359 1152 eorum
1382 1117 1520 1159 quisque
1548 1116 1631 1159 pene
1656 1118 1814 1161 particeps
1829 1118 1927 1155 esset.
1952 1119 2055 1152 Nunc

1153 1749 1170 3538 Q——ffl

1174 1177 1281 1202 autem
1294 1166 1372 1211 quia
1395 1166 1502 1207 &soli
1513 1163 1600 1209 apud
1622 1166 1811 1208 semetipsos
1833 1166 1966 1201 virtutes
1989 1167 2061 1200 dili-

1174 1226 1289 1262 gentes
1302 1217 1368 1250 vita
1380 1216 1458 1256 tali,
1486 1216 1571 1260 apud
1584 1227 1701 1251 omnes
1714 1216 1926 1250 veneratione
1945 1216 2062 1250 colun-

1177 1279 1227 1302 tur
1242 1291 1253 1308 ,
1278 1267 1312 1301 δι
1324 1267 1359 1301 in
1381 1268 1488 1300 futura
1501 1267 1569 1308 vita
1588 1265 1745 1301 sustinent
1762 1266 1857 1302 beato
1875 1266 2058 1306 &infinito

1178 1317 1303 1358 lumine
1324 1316 1581 1361 comprehendi..

1227 1368 1310 1403 Non
1324 1368 1411 1413 igiur
1422 1366 1474 1403 vel
1487 1379 1575 1403 nunc
1584 1367 1722 1411 abjectos
1733 1367 1831 1403 faciet
1850 1367 1936 1413 apud
1948 1369 2062 1405 Deum

1177 1429 1326 1462 paucos,
1352 1419 1410 1461 qui
1440 1427 1511 1454 tota
1539 1418 1681 1467 pendent
1712 1418 1942 1453 benevolentia
1976 1418 2061 1453 circa.

1177 1480 1272 1509 eum,
1297 1468 1388 1509 &ob
1409 1467 1476 1506 hoc
1494 1468 1716 1514 vituperantur
1736 1493 1748 1510 ,
1774 1468 1993 1511 inJuriantur,
2018 1469 2062 1501 ef-

1177 1521 1334 1564 fugantur
1356 1519 1604 1564 conspiratione
1624 1520 1860 1564 plurimorum.
1889 1518 1958 1553 Etfi
1971 1517 2061 1552 enim

1179 1580 1262 1610 nos,
1288 1568 1370 1605 ficut
1389 1569 1438 1606 illi
1450 1570 1546 1613 pauci
1567 1580 1606 1606 ac
1628 1570 1737 1611 beati,
1761 1581 1832 1606 non
1845 1571 1954 1607 sumus
1972 1591 1983 1607 ‚
2008 1567 2062 1601 sed

1177 1628 1287 1654 tamen
1297 1619 1371 1654 illos
1384 1618 1490 1654 modis
1500 1619 1655 1654 omnibus
1667 1619 1790 1654 imitari
1804 1618 1954 1661 jubemur
1965 1642 1972 1650 .
1997 1616 2064 1650 Cu·

1177 1670 1225 1712 jus
1253 1669 1297 1702 rei
1322 1670 1427 1713 gratia
1448 1670 1526 1706 ficut
1547 1670 1581 1703 in
1607 1668 1782 1702 simulacris
1804 1669 1839 1705 δε
1857 1666 2063 1711 Imaginibus

1178 1719 1408 1757 similitudines
1420 1730 1594 1762 corporum
1606 1743 1617 1759 ,
1643 1718 1687 1756 fic
1698 1718 1832 1752 illorum
1855 1718 1990 1752 virtutes
2001 1718 2064 1751 Di-

1181 1769 1266 1803 vinis
1279 1769 1440 1812 inscriptae
1451 1768 1652 1808 suntlitteris
1661 1793 1674 1810 ,
1699 1776 1737 1803 ut
1749 1779 1811 1802 nos
1833 1778 1947 1804 eorum
1958 1779 2065 1802 exem·

1181 1820 1248 1862 plar
1270 1818 1477 1858 attendentes
1498 1843 1510 1860 ,
1550 1820 1647 1858 Facta
1680 1817 1826 1861 ipsorum
1860 1817 2064 1852 confidenter

1180 1868 1386 1904 aemulemur.
1414 1869 1459 1902 Et
1472 1879 1541 1905 non
1551 1867 1743 1908 arbitremur
1765 1878 1826 1903 nos
1838 1868 1916 1902 novi
1938 1867 2064 1909 aliquid

1180 1917 1351 1953 instituere
1372 1928 1479 1960 praeter
1501 1918 1557 1953 illa
1578 1942 1590 1962 ,
1627 1930 1696 1962 quae
1717 1917 1802 1962 apud
1835 1929 1954 1952 veteres
1975 1918 2065 1962 gesta

1181 1969 1276 2010 sunt,
1300 1969 1424 2003 etiamsi
1446 1968 1480 2002 id
1504 1969 1545 2002 ab
1565 1968 1721 2006 omnibus
1744 1969 1925 2005 incusetur.
1955 1969 1999 2001 Et
2023 1979 2069 2001 ne

1183 2029 1241 2055 nos
1250 2027 1342 2062 putes
1354 2017 1525 2055 haec„nunc
1547 2018 1631 2054 vane
1657 2028 1860 2062 percurrere,
1885 2017 1966 2050 &ut
1986 2016 2065 2050 scias

1180 2078 1221 2099 ex
1245 2068 1312 2108 ipsa
1339 2066 1523 2100 necessitate
1544 2068 1576 2100 ὅ(
1590 2068 1665 2104 Deo
1691 2067 1840 2102 devinsta
1862 2066 2064 2100 conscientia

1183 2126 1241 2149 nos
1264 2114 1305 2151 ad
1322 2115 1544 2150 imitationem
1567 2117 1644 2160 cogi
1666 2114 1849 2151 Priscorum
1870 2140 1882 2156 ‚
1907 2117 1941 2151 ὅ(
1962 2118 2064 2160 ipsam

1178 2165 1454 2202 causambreviter
1464 2166 1559 2204 audi,
1588 2177 1647 2206 pro
1660 2175 1724 2205 qua
1745 2166 2067 2208 noninconsequen-

1179 2224 1227 2247 ter
1251 2223 1312 2249 nos
1323 2212 1365 2249 ab
1387 2211 1594 2249 Antiocheni
1617 2213 1804 2260 separandos
1823 2216 2070 2250 communione,

1179 2270 1382 2305 putavimus.

1230 2310 1401 2355 Dogmata
1423 2310 1572 2354 Cyrillus
1593 2313 1746 2355 exposuit
1767 2314 1860 2348 omni
1892 2314 2060 2358 impietate

1179 2361 1316 2404 repleta.
1343 2360 1480 2404 Propter
1501 2361 1567 2405 ipsa
1588 2373 1663 2400 eum
1686 2362 1803 2406 Ephesi
1826 2364 2059 2400 Antiochenus

1179 2409 1327 2454 deposuit
1337 2421 1374 2444 ut
1388 2410 1529 2454 impium
1543 2435 1554 2456 ‚
1568 2412 1738 2456 participes
1750 2414 1929 2450 adsciscens
1940 2413 1980 2448 ad
1994 2415 2059 2449 hoc

1179 2460 1333 2504 plurimos
1355 2461 1438 2497 alios
1457 2460 1476 2497 ὲ
1495 2461 1623 2495 diversis
1643 2461 1826 2497 Provinciis
1850 2488 1860 2503 ,
1887 2465 1921 2498 ἀ
1940 2475 2058 2499 omnes

1177 2510 1355 2546 Orientalis
1377 2510 1538 2555 Regionis
1559 2512 1739 2556 Episcopos
1757 2538 1764 2549 ,
1793 2513 1966 2557 Abjuravit
1986 2515 2057 2558 ejus

1177 2560 1298 2605 ubique
1310 2561 1504 2599 Dominam
1512 2583 1523 2604 ,
1553 2571 1589 2597 ut
1600 2565 1696 2598 errori
1708 2563 1911 2606 Apollinaris
1924 2575 1978 2608 per
1987 2576 2057 2600 om-

1176 2612 1231 2645 nia
1249 2611 1502 2648 consonantem.
1529 2611 1726 2655 Imperatore
1750 2615 1899 2655 praesente
1916 2614 2054 2657 juravit,

1177 2661 1254 2696 ficut
1268 2661 1333 2703 ipse
1346 2658 1559 2698 Chalcedone
1571 2662 1688 2705 scripfit
1705 2662 1822 2705 Ephesi
1834 2664 2033 2699 Constitutis
2043 2689 2055 2704 ‚

1176 2721 1314 2754 quorum
1328 2710 1495 2754 Rescripta
1507 2711 1590 2744 salva
1603 2709 1676 2750 sunt
1690 2713 1775 2756 apud
1790 2724 1850 2747 nos
1862 2739 1872 2755 ,
1895 2715 1984 2757 quod
1995 2726 2058 2749 neo

1175 2760 1197 2792 fi
1224 2761 1420 2804 poenituiffet
1446 2761 1609 2804 Cyrillus,
1639 2763 1741 2799 &sua
1763 2763 1916 2806 Capitula
1937 2765 2057 2806 rejecis-

1176 2812 1240 2849 set,
1266 2822 1341 2845 eum
1362 2810 1402 2844 ad
1423 2812 1694 2847 communionem
1716 2813 1855 2855 recipere
1873 2814 2058 2855 acquiesce-

1177 2871 1244 2901 ret,
1271 2861 1328 2904 qui
1348 2861 1502 2902 Princeps
1527 2862 1665 2896 exstaret
1687 2861 1830 2894 haerefios
1856 2887 1862 2894 .
1891 2863 2054 2906 Deposuit

1174 2921 1248 2944 eum
1261 2908 1553 2948 rursusinTharso
1569 2935 1578 2950 ,
1604 2912 1722 2947 &cum
1746 2912 1889 2956 septem,
1916 2912 1970 2955 qui
1994 2923 2052 2956 pro

1174 2972 1215 2996 eo
1227 2960 1461 2996 adscenderunt
1474 2960 1797 3004 Constantinopolim
1811 2985 1821 3000 ,
1847 2962 1936 3000 fastis
1947 2964 2053 3005 Syno-

1173 3010 1300 3048 dalibus
1332 3011 1446 3048 litteris
1469 3035 1479 3051 ‚
1507 3021 1587 3055 quas
1612 3011 1644 3044 &
1667 3011 1774 3048 cuncti
1797 3010 2049 3055 subscripsimus.

1174 3061 1273 3106 Super
1292 3061 1356 3095 haec
1378 3060 1545 3105 permansit
1568 3060 1731 3103 Cyrillus,
1759 3072 1827 3095 non
1851 3061 1955 3096 solum
1979 3064 2052 3097 suo-

1174 3122 1242 3146 rum
1259 3113 1458 3155 Scriptorum
1472 3109 1555 3144 nihil
1568 3110 1717 3153 abjurans
1727 3136 1737 3151 ,
1765 3111 1817 3149 sed
1828 3112 1861 3146 &
1875 3112 2048 3156 praedicans

1173 3173 1210 3196 ea
1231 3172 1307 3199 cum
1331 3161 1442 3204 majori
1462 3160 1600 3195 fiducia:
1626 3160 1758 3205 Erille‚
1785 3163 1842 3205 qui
1864 3174 1974 3198 coram
1987 3162 2049 3196 Im-

1173 3221 1315 3255 peratore
1325 3213 1479 3256 juraverat
1491 3221 1551 3246 nec
1563 3211 1778 3257 poenitentem
1790 3211 1954 3255 Cyrillum
1966 3214 1997 3246 se
2006 3212 2048 3247 ad

1173 3262 1440 3300 communionem
1465 3271 1664 3306 recepturum
1685 3286 1695 3301 ,
1722 3261 1761 3296 ad
1782 3273 1858 3300 eum
1878 3264 1914 3300 in
1940 3262 2051 3307 AEgy-

1174 3322 1264 3355 ptum
1285 3314 1371 3350 misit
1393 3310 1568 3354 supplicem
1591 3310 1752 3350 Paulum.-
1778 3311 1868 3347 Sicut
1890 3311 1924 3346 ὅ(
1945 3313 2047 3351 illud,

1173 3361 1261 3406 quod
1283 3364 1369 3407 apud
1391 3373 1451 3400 nos
1462 3362 1528 3402 est,
1553 3362 1718 3407 exemplar
1739 3361 1898 3398 ostendit.
1927 3360 2047 3402 Etipse

1876 3410 1996 3454 ubique
