2320 3730
360 163 465 209 '1'1-6'

711 154 1043 208 VARIORUM
1078 154 1336 206 ‘Pi-raum
1370 156 1702 223 Evtsrot'a,

295 247 391 288 inistis
406 246 551 288 confilium
564 250 577 287 ,’
601 246 783 291 &iniquum
796 273 803 280 .
831 248 931 283 Dicat
944 248 984 282 ad
995 257 1052 280 eos
1062 244 1159 286 Isajas
1170 256 1181 277 :

1238 252 1392 279 norantes
1401 270 1412 286 ,
1426 247 1626 285 immortalia
1638 247 1704 286 haec
1715 246 1898 294 appellant.
1923 246 1983 283 Tu
1994 254 2117 294 autern‚'

154 283 279 323 Εἴπω.
293 301 407 330 Mam„
422 303 499 331 emm
511 295 745 340 vestraepollutae
762 297 1009 342 sumsssnguine,
1038 296 1072 328 &²
1092 295 1180 339 digiti
1238 294 1295 337 qui
1316 304 1373 328 eos
1393 294 1449 329 illa
1471 296 1622 339 prohibes
1643 299 1799 339 adorare,
1823 298 1858 333 &
1873 299 1980 344 solum
2002 311 2116 336 verum

154 475 225 511 Psal.
244 488 270 514 7.
286 499 320 533 ὦ,

291 347 378 387 vestri
401 353 588 391 inpeccatis.
615 348 748 394 Lingua
763 349 863 383 vestra
888 350 998 382 locuta
1010 343 1056 378 est
1068 345 1177 388 nequi-

288 397 368 432 tiam
382 422 393 439 ,
419 399 454 433 &
465 410 505 433 os
516 399 654 433 vestrum
668 400 879 441 iniquitatem
890 396 1076 432 meditatur.

338 449 452 483 Nemo
468 449 613 493 loquitur
627 448 707 492 justa
719 473 730 490 ‚
757 450 833 493 qula
845 448 1007 489 concipiunt
1027 446 1154 479 dolorem
1166 470 1177 486 ‚

328 504 459 541 pariunt
472 504 662 543 iniquitatem
674 523 681 532 .
709 504 779 533 Ova
791 498 930 543 aspidum
948 504 1094 538 ruperunt
1105 520 1116 537 ‚
1143 497 1176 530 δε

145 557 269 599 Esau-59.
284 550 376 583 telam
385 562 506 584 araneae
526 558 651 583 texunt.
679 549 802 584 Videte
822 546 1063 582 accusationem
1085 546 1176 580 mali-

284 599 355 641 tiae,
383 600 417 634 &
429 599 615 645 fragilitatis
636 600 790 643 nequitiae
805 597 1053 634 convidtionem
1066 621 1073 629 .
1100 598 1174 632 Ova

282 649 450 694 aspidum,
476 651 510 684 &
532 651 632 684 telam
658 659 799 685 araneae·
827 646 908 681 Hoc
929 647 1062 692 quidem
1081 647 1173 682 mali-

282 701 336 735 tiae
346 710 472 745 partus,
501 699 583 734 illud
598 695 1077 733 veroinfirmitatisconvistio.
1105 697 1173 733 Ad-

131 755 206 792 Esai,
218 767 231 797 5
236 769 266 796 9·
279 750 330 784 dit
342 748 420 794 ergo
434 751 545 784 dicens
558 761 565 780 ε
593 751 639 779 Et
650 746 821 787 comesturus
832 758 871 781 ex
883 752 949 782 ovis
958 759 1055 782 eorum
1073 773 1084 790 ‚
1109 760 1173 782 con-

106 1526 181 1561 Esai.
199 1537 245 1566 59.

93 2414 252 2447 merem-2.

270 800 415 843 fringens
437 803 554 833 invenit
575 796 748 846 monstruni.
777 797 900 833 Vidisti
920 797 1080 833 malitiam
1104 798 1171 833 lan—

275 848 428 894 guidam.
459 846 581 883 Vidisti
595 858 695 888 eum,
721 848 777 892 qui
792 858 1003 895 expugnatus
1024 848 1094 890 est,
1119 860 1169 883 co-

274 909 430 933 ronatum
451 921 458 927 .
488 897 580 949 Quia
597 897 822 938 comesturus,
848 899 894 931 ait
917 922 928 939 ‚
954 910 996 933 ex
1022 899 1095 934 ovis
1116 909 1169 933 eo-

272 959 370 988 rum,
398 947 612 990 confringens
623 946 751 983 invenit
762 949 968 985 monstrum,
997 949 1100 997 Qod
1123 948 1168 983 est

271 1007 382 1033 autem
395 1009 451 1032 mo
467 995 593 1036 strum,
620 997 679 1032 nili
693 998 768 1042 quia
780 1010 935 1044 generare
950 1011 1019 1034 non
1035 998 1139 1044 potest
1151 1000 1168 1030 ,ἓ

268 1047 325 1083 Ac
343 1007 499 1088 ίῑάἱσεῖεῑ
512 1060 523 1080 .·
548 1046 637 1093 Qia
650 1047 779 1083 malitia
792 1061 860 1084 non
875 1050 980 1094 potest
1006 1050 1114 1083 venire
1125 1049 1166 1082 ad

269 1092 657 1141 perfectionemJ’raedica
668 1098 770 1143 igitur
784 1099 880 1133 nobis
892 1101 991 1134 etiam
1004 1099 1090 1142 spem
1102 1109 1164 1131 ma·

269 1147 370 1183 litiae.
401 1146 462 1187 Ait
486 1149 597 1186 enim,
624 1149 712 1192 quod
727 1150 847 1183 mirum
871 1148 937 1189 est,
969 1150 1012 1183 fic
1031 1148 1165 1183 dicens.-

268 1200 316 1231 Et
342 1203 376 1231 in
396 1208 426 1230 eo
447 1197 484 1238 est
505 1195 669 1241 bafiliscus.
698 1200 778 1232 Hoc
789 1199 834 1233 est
856 1200 998 1239 mirum,
1025 1199 1102 1246 quia
1131 1200 1163 1232 ἀ

267 1247 431 1282 basiliscus
453 1250 487 1282 in
512 1259 574 1289 eo,
603 1249 637 1283 ἀ
660 1249 861 1284 monstrum.
890 1248 1063 1284 Basiliscus
1089 1249 1163 1282 vero

264 1298 429 1333 malitiam
443 1299 604 1343 fignificat
617 1325 624 1335 .
652 1300 742 1346 Qia
755 1300 845 1334 enirn
865 1298 965 1333 bestia
989 1297 1057 1333 haec
1078 1309 1161 1333 ama-

263 1348 384 1383 riffima
394 1348 442 1383 est
451 1347 605 1385 omnium
617 1350 800 1393 Reptilium
815 1375 827 1391 ‚
856 1349 913 1394 ipsi
927 1359 1054 1394 partum
1071 1349 1163 1383 mali-

265 1397 318 1432 tiae
340 1400 542 1443 comparavit
564 1425 571 1432 .
610 1400 802 1435 Monstrum
837 1399 916 1435 vero
937 1398 1025 1434 idem
1055 1397 1162 1433 rursus

263 1457 396 1494 propter
408 1450 623 1493 fragilitatem
634 1450 768 1484 malitiae
779 1450 884 1485 dixit.

314 1497 469 1541 Sequitur
481 1498 615 1534 demum
626 1500 785 1534 sententia
799 1497 865 1533 haec
876 1514 887 1534 .·
914 1501 987 1534 Tela
998 1511 1094 1533 eorum
1105 1511 1162 1533 non

263 1551 321 1582 erit
332 1550 378 1581 ad
389 1548 594 1589 vestimentum
606 1574 617 1591 ‚
643 1560 693 1583 nec
706 1555 874 1593 operientur
886 1550 924 1583 ab
946 1550 1081 1593 operibus
1101 1562 1162 1583 ma-

263 1608 354 1631 nuum
362 1596 505 1640 suarum.
534 1599 604 1632 Cur
615 1597 705 1633 hoc?
732 1600 824 1648 Qia
845 1612 944 1644 opera
966 1612 1077 1635 eorum
1101 1600 1161 1633 ini-

263 1647 422 1692 quitatis.
451 1647 520 1682 Dic
546 1648 729 1692 &speciem
762 1649 971 1692 iniquitatis:
998 1652 1096 1684 Pedes
1120 1661 1161 1682 eo-

263 1709 332 1731 rum
345 1699 390 1734 ad
397 1698 510 1733 malum
522 1708 645 1732 currunt
656 1724 663 1731 .
692 1698 748 1733 Ad
778 1699 860 1741 quid
872 1700 1060 1734 faciendum
1073 1700 1089 1732 ἓ
1116 1701 1162 1734 Et

264 1748 375 1783 veloces
383 1746 457 1791 sunt
480 1750 526 1782 ad
537 1748 749 1790 effundendum
767 1747 965 1793 sanguinem.
997 1750 1089 1797 Qid
1116 1761 1161 1784 er-

264 1809 311 1843 go
325 1796 365 1832 ad
379 1797 446 1833 haec
456 1799 473 1830 ἓ
500 1803 649 1832 Contritio
676 1798 889 1840 &infelicitas
909 1806 942 1833 in
962 1806 1025 1833 viis
1038 1812 1138 1834 eorum
1151 1825 1158 1832 .
1214 1815 1216 1817 ·

265 1848 393 1882 Semitae
414 1859 557 1891 namque
579 1848 715 1882 illorum
739 1872 751 1888 ,
778 1859 834 1890 per
856 1859 936 1891 quas
958 1849 1128 1882 ambulant
1149 1873 1158 1888 ‚

264 1899 417 1942 perversae
437 1898 531 1932 sunt:
560 1898 605 1931 Et
634 1897 721 1932 viam
743 1899 830 1941 pacis
860 1898 1043 1943 ignorant.
1072 1898 1159 1934 Vere

265 1947 558 1983 lamentationibus
570 1948 670 1990 digna
685 1950 760 1981 sunt
772 1947 830 1980 ista
841 1971 852 1988 ,
879 1958 916 1981 ut
927 1958 1041 1982 contra
1052 1952 1160 1984 Sacer·

265 1998 359 2032 dotes
370 1996 547 2040 loquantur
560 1997 638 2032 talia
653 1996 840 2030 Sacerdotes
850 2020 857 2027 .
886 1998 950 2031 Sed
968 1998 1025 2031 ista
1037 2010 1098 2033 nos
1110 2000 1157 2033 di-

266 2048 395 2087 cimus,
421 2058 490 2080 non
511 2055 579 2081 tam
602 2045 678 2080 illos
700 2046 889 2085 accusantes
903 2070 914 2091 ,
941 2058 1041 2091 quam
1062 2048 1155 2084 vobis

267 2096 378 2147 potius
399 2097 608 2141 providentes
621 2121 629 2131 .

409 2216 468 2288 Et
503 2240 600 2314 post
629 2241 777 2310 aliqua
791 2276 803 2289 .

315 2403 355 2434 In
376 2404 505 2434 veritate
516 2403 647 2442 expavit
651 2397 744 2442 super
755 2397 806 2430 boc
815 2398 917 2430 coelum
930 2419 940 2435 ,
965 2397 999 2429 Θ
1016 2396 1157 2437 ampliore

267 2459 348 2485 terra
361 2449 399 2491 est
408 2450 587 2493 perturbata
591 2449 759 2491 formidine
770 2471 783 2488 ‚
808 2448 881 2480 dicit
889 2448 1046 2479 Dominus.
1076 2447 1155 2488 ,Quo-

268 2507 351 2535 niam
371 2502 431 2534 duo
450 2527 462 2542 ,
489 2502 523 2535 &⁸
542 2511 671 2542 nequam
696 2523 708 2538 ‚
730 2497 808 2540 fecit
828 2498 956 2538 Populus
980 2507 1082 2529 meus.
1110 2497 1159 2526 Me

270 2553 426 2594 dereliquit
440 2550 561 2592 fontem
582 2561 672 2590 aquae
684 2554 769 2581 vivae
780 2572 790 2588 ,
818 2545 1060 2586 &foderuntfibi
1074 2546 1157 2578 lacus

270 2602 410 2637 contritos
424 2624 436 2641 ,
462 2605 514 2642 qui
525 2610 636 2641 aquam
657 2602 806 2630 continere
817 2606 875 2628 non
887 2603 1048 2637 potuerunt
1059 2619 1066 2626 .
1092 2594 1158 2628 Di-

273 2653 319 2686 cit
341 2652 382 2686 ad
394 2662 450 2685 eos
460 2650 629 2685 Dominus
650 2658 704 2691 per
717 2645 923 2680 Hieremiam
934 2643 1134 2688 Prophetam
1149 2657 1159 2676 :

275 2700 407 2743 Tranfite
418 2702 461 2734 ad
480 2697 610 2743 Insulam
621 2697 741 2731 cethim
753 2721 764 2738 ‚
792 2697 826 2730 et
841 2696 942 2730 videte
955 2721 962 2728 .
989 2696 1071 2730 Non
1087 2694 1161 2727 vul-

277 2751 346 2792 tis,
375 2750 483 2795 inquit
505 2775 514 2791 ,
545 2748 748 2793 acquiescere
772 2745 877 2780 verbis
898 2745 1016 2780 nostris
1036 2744 1052 2776 ,ἕ
1078 2744 1159 2777 Non
1185 2768 1187 2770 v

278 2802 468 2836 consentitis
489 2798 663 2843 Prophetis
687 2798 704 2829 ,ἓ
737 2797 818 2831 Non
843 2795 1000 2838 suscipitis
1021 2796 1129 2840 legem
1147 2793 1162 2824 ἓ

279 2852 360 2886 Νοη
374 2851 506 2886 creditis
527 2848 701 2893 Scripturis
712 2846 874 2882 Divinis?
899 2846 1110 2891 Paganorum
1121 2843 1163 2876 fi·⁴

280 2902 343 2936 lios
357 2903 520 2937 Dofiores
540 2898 724 2934 adsciscite.
753 2897 802 2931 Ite
822 2895 863 2930 ad
883 2896 1007 2931 Gentes
1020 2921 1030 2937 ‚
1055 2897 1090 2931 &
1110 2893 1164 2928 di·-

280 2952 358 2987 scite
369 2978 379 2994 ‚
407 2951 580 2996 quomodo
594 2949 731 2994 putativi
743 2947 803 2982 Dii
816 2945 1019 2981 honorentur
1040 2946 1082 2980 ab
1094 2946 1141 2979 eis
1153 2968 1164 2985 ‚

281 3003 338 3045 qui
361 3003 446 3037 certe
460 3013 538 3036 ‘non
563 3001 637 3035 sunt
651 2999 729 3034 Dii.
760 2994 890 3037 Transire
911 2998 954 3029 ad
974 2994 1093 3039 Insulas
1107 2999 1164 3029 Ce-

281 3052 356 3085 thim
368 3077 380 3093 ‚
405 3055 439 3087 ὡ·
453 3053 554 3086 videte
566 3076 576 3092 ,
603 3052 637 3085 (9⁹
650 3055 682 3084 in
695 3049 795 3082 Cedar
813 3045 1029 3090 transmittite,
1056 3048 1089 3080 (¹5
1101 3057 1165 3077 om-

283 3105 353 3135 nino
361 3103 548 3145 perquirite,
571 3100 599 3143 fi
603 3100 695 3143 faHa
698 3098 759 3142 sint
769 3099 863 3132 talia.
894 3097 975 3143 Quae
1001 3096 1108 3130 talia?
1134 3098 1166 3129 51‘

285 3152 439 3185 mutabunt
463 3156 574 3187 Gentes
597 3154 675 3184 Deos
692 3149 762 3194 suos
790 3174 797 3181 .
824 3148 950 3195 Qales
968 3147 1042 3180 illos
1061 3148 1072 3179 ?
1099 3148 1166 3189 ‚Qui

285 3200 363 3231 certi?
373 3201 423 3231 Dii
435 3212 491 3234 non
501 3202 591 3244 sunt.
620 3201 663 3233 Et
676 3211 732 3233 cur
743 3199 825 3233 dicis
837 3196 929 3231 haec?
957 3198 1087 3238 Populus
1108 3208 1166 3229 au·-

286 3255 348 3292 κω
369 3259 449 3281 meus
463 3255 594 3285 mutavit
614 3250 745 3282 Gloriam
751 3248 838 3292 suam
850 3272 864 3279 ..
890 3249 936 3279 Et
958 3253 1031 3289 quia
1042 3245 1120 3279 nihil
1139 3251 1166 3280 ei

284 3298 422 3343 proderit
433 3323 440 3331 .
468 3298 549 3333 Haec
560 3299 660 3334 etiam
671 3296 711 3331 de
723 3299 790 3333 istis
801 3296 958 3333 convenit
979 3296 1044 3330 dici
1059 3322 1066 3328 .

295 3359 302 3374 2
338 3347 428 3384 Nam
448 3346 637 3383 Gentilium
661 3348 774 3391 pueri,
799 3349 890 3393 ligna
912 3346 1079 3391 &lapides
1102 3344 1167 3381 ho-

1237 344 1352 379 Deum
1371 344 1531 380 admones
1551 346 1678 386 colere,
1706 349 1762 391 qui
1774 358 1885 385 mmm
1901 356 1933 383 in
1951 349 2040 394 penso
2054 350 2115 390 sta·

1237 402 1313 437 tuit,
1341 397 1417 430 &in
1423 395 1539 437 statera
1550 396 1654 437 colles3
1682 403 1734 439 qui
1748 391 1970 442 manufustinet
1980 412 2114 444 aquam,

1234 447 1268 479 (θ’
1274 447 1383 489 palma
1393 448 1496 481 coelum
1509 471 1521 488 ,
1546 446 1580 480 δε
1591 456 1725 480 omnem
1736 448 1851 482 terram
1864 449 2022 493 gubernat
2036 451 2115 494 3qui

1236 497 1347 532 statuit
1361 498 1494 535 Coelum
1513 496 1594 531 ficut
1606 507 1786 539 cameram,
1816 497 1875 542 qui
1895 507 1984 535 tonet
1994 511 2115 545 gyrum

1236 557 1324 581 terrae
1345 549 1446 582 totius
1459 571 1469 587 ,
1495 547 1726 582 &habitantes
1748 550 1784 582 in
1796 559 1834 582 ea
1859 547 2016 593 tanquam
2025 549 2116 585 locu-

1235 597 1297 631 stas
1302 609 1317 640 ;
1344 599 1401 642 qui
1413 597 1527 633 Verbo
1537 599 1685 635 suofecit
1701 596 1769 633 haec
1780 598 1895 633 omnia
1907 624 1916 631 .
1945 599 1988 633 Et
1999 599 2034 632 in
2045 610 2116 635 uno

1234 657 1405 683 momento
1419 649 1573 694 temporis
1584 648 1784 693 praesentavit
1796 661 1804 681 ε
1830 647 2010 693 Tanquam
2021 649 2116 685 futu-

1234 710 1266 733 ra
1293 699 1355 732 fint
1375 700 1465 743 prius
1483 722 1494 739 ‚
1520 711 1590 744 quae
1610 709 1687 734 ante
1709 710 1779 734 non
1801 700 1934 734 fuerunt
1954 725 1962 733 .
1989 700 2034 734 Et
2057 699 2115 744 qui

1232 747 1346 790 dedit,
1373 761 1442 794 quae
1465 761 1534 784 non
1555 760 1670 791 erant,
1695 758 1732 784 ut
1754 751 1881 790 efflent,
1908 751 2038 795 propria
2060 760 2115 784 vo-

1233 800 1358 833 luntate
1385 825 1392 833 .
1419 800 1478 833 Tu
1503 811 1593 834 nunc
1614 800 1704 834 velut
1729 797 1798 834 haec
1824 800 1938 834 omnia
1964 800 2115 841 oblitus,

1233 849 1430 895 paffionibus
1441 847 1571 894 subjicis
1583 860 1659 884 eum
1670 873 1682 890 ‚
1708 850 1744 884 ἃ
1754 860 1923 894 tamquam
1935 849 2116 893 paffibilem

1232 902 1420 937 Dominum
1430 901 1470 936 fic
1480 899 1609 936 adorari
1618 900 1704 947 quali
1725 900 1806 947 legis
1827 900 1953 935 latione
1965 900 2117 945 promul-2

1229 951 1330 996 gasti.

1279 1001 1488 1047 paganorum
1499 1002 1653 1046 quidem,
1679 1002 1762 1037 ficut
1773 1001 1897 1036 dietum
1910 1001 1955 1036 est
1965 1023 1976 1040 ,
2001 1000 2116 1045 pueri,

1230 1053 1426 1095 cupiditatis
1438 1053 1607 1089 nimietate
1619 1051 1815 1097 languentes
1826 1075 1837 1092 ‚
1863 1052 1898 1085 δε
1910 1051 2045 1085 Coelum
2060 1062 2117 1087 vo-

1229 1110 1305 1135 cant
1326 1102 1520 1144 impaffibile
1534 1125 1545 1141 ‚
1566 1103 1601 1136 δε
1623 1100 1985 1145 Solem-impaffibilem
2007 1102 2118 1135 nomi·

1229 1159 1331 1192 nant,
1356 1151 1491 1196 &leges
1513 1151 1554 1185 de
1573 1149 1673 1184 stellis
1696 1149 1784 1184 velut
1804 1150 2045 1186 immortalibus
2070 1152 2115 1186 fe·

1227 1210 1303 1234 runt
1314 1224 1325 1240 ‚
1352 1202 1387 1235 &
1401 1211 1518 1235 terram
1531 1225 1543 1240 ,
1569 1211 1669 1244 quam
1679 1199 1880 1235 conculcant
1891 1223 1903 1241 ,
1922 1199 2114 1244 Deificant;

1227 1249 1300 1284 Nos
1324 1249 1400 1283 vero
1420 1249 1619 1284 invisibilem
1641 1274 1652 1291 ,
1679 1250 1863 1285 increatum
1889 1273 1901 1289 ,
1927 1250 2117 1294 incompte-2

1227 1297 1414 1334 henfibilem
1428 1324 1439 1340 ,
1465 1299 1775 1343 imperscrutabilem
1800 1298 1965 1334 credimus
1974 1301 2037 1334 effe
2048 1301 2117 1344 pas·

1225 1349 1376 1383 fibilern?
1403 1348 1514 1384 Abfit.
1538 1349 1687 1384 Salvator
1710 1350 1821 1384 noster
1842 1360 1880 1383 ac
1899 1349 2116 1390 Benefae'tor,

1227 1410 1267 1432 ne
1280 1410 1427 1442 unquam
1446 1399 1489 1432 fic
1503 1398 1520 1432 a
1531 1407 1588 1433 tua
1613 1398 1801 1432 recedamus
1813 1398 2008 1432 adoratione
2025 1410 2032 1430 :
2059 1398 2116 1434 Ne

1226 1458 1315 1483 tuam
1338 1449 1380 1483 fic
1400 1452 1594 1494 ignoremus
1617 1457 1766 1483 naturam
1786 1474 1793 1481 .
1825 1448 1882 1483 Ne
1905 1449 2006 1491 usque
2032 1447 2116 1484 adeo

1225 1499 1309 1534 circa
1322 1508 1378 1534 tua
1390 1499 1489 1543 {imus
1510 1498 1659 1533 indevoti
1674 1498 1764 1533 dona
1775 1524 1783 1531 .
1811 1497 1932 1542 Neque
1945 1495 2116 1534 Liberato'-

1225 1560 1292 1583 rem
1315 1549 1462 1583 nostrum
1484 1548 1663 1592 paffibilem
1688 1550 1904 1593 suspicemur,
1931 1548 2061 1593 quinos
2072 1561 2116 1583 ex

1226 1598 1423 1642 paffionibus
1434 1598 1476 1632 ad
1490 1598 1780 1641 impaffibilitatem
1803 1598 2016 1637 transduxit.-
2040 1599 2116 1647 Qi

1224 1649 1360 1683 donavit
1382 1647 1671 1693 impaffibilitatem
1692 1648 1912 1693 paffibilibus.
1939 1649 2041 1683 Hanc
2059 1649 2116 1683 de·

1225 1700 1445 1742 precationem
1468 1699 1546 1733 Deo
1569 1699 1674 1743 &pro
1698 1698 1816 1740 nobis,
1842 1694 1949 1742 &pro
1961 1697 2116 1734 vobIsof-

1226 1749 1379 1791 ferimus,
1405 1750 1457 1784 cui
1470 1749 1576 1794 gloria
1594 1750 1629 1783 in
1642 1749 1773 1784 saecula.
1801 1747 1912 1784 Amen
1927 1774 1936 1787 .
2108 1768 2110 1771 v

1224 1867 1309 1919 Sed
1354 1885 1450 1918 eam
1497 1887 1548 1918 ex
1583 1870 1760 1918 nomine
1805 1869 1932 1918 Beati
1967 1867 2117 1919 Theo-⁵

1290 1938 1433 1988 doreti
1467 1937 1618 2006 posuit·
1648 1942 1855 1999 Irenaeus,
1892 1941 1973 2006 qui
2007 1938 2114 1988 dum

1291 2009 1576 2057 Nestorianus
1614 2006 1747 2075 fuerit
1781 2044 1795 2069 ‚
1831 2025 1881 2058 ut
1916 2026 1998 2076 pro
2032 2009 2114 2058 illo

1288 2080 1334 2127 in
1383 2078 1561 2138 exilium
1609 2080 1860 2127 mitteretur
1905 2114 1919 2139 ,
1978 2078 2113 2127 sciens

1289 2146 1531 2197 doetrinam
1567 2146 1842 2198 Theodoreti
1877 2149 1924 2197 in
1959 2149 2113 2213 Eccle-

1290 2218 1348 2267 fia
1386 2221 1476 2267 Dei
1511 2216 1789 2285 praefulgere,
1825 2218 1970 2268 voluit
2004 2235 2112 2286 pro-

1289 2304 1386 2356 pter
1421 2289 1497 2336 illa
1517 2323 1531 2347 ,
1567 2305 1664 2353 quae
1699 2288 1796 2354 post
1829 2289 1947 2352 gesta
1982 2286 2110 2349 sunt,

1289 2374 1339 2409 ut
1376 2361 1544 2409 varium
1579 2356 1790 2409 denotare
1812 2394 1826 2407 .

1411 2597 1915 2640 8(;Ηο1ιιοΝ.Ἰ

1335 2744 1388 2778 Oc
1405 2740 1565 2776 sermonis
1584 2740 1805 2784 fragmentum
1828 2740 1933 2776 exstat
1955 2740 1992 2776 in
2014 2740 2110 2779 Asis

1359 2790 1581 2835 synodalibus
1591 2813 1601 2829 ‚
1627 2789 1751 2825 habens
1763 2789 1851 2827 hunc
1862 2791 1996 2826 titulum
2007 2806 2015 2825 :
2027 2796 2108 2828 Pars

1226 2844 1364 2878 Homiliae
1374 2841 1569 2880 Theodorus,
1595 2839 1735 2884 Episcopi
1755 2844 1823 2880 Cyri
1837 2864 1848 2881 ‚
1873 2841 2054 2876 Chalcedone
2064 2845 2109 2877 ad

1223 2893 1475 2938 Schismaticorum
1499 2894 1627 2935 Legatos
1641 2916 1651 2932 ,
1677 2891 1865 2934 Nestoriique
1869 2892 2011 2934 fautores
2025 2891 2109 2926 habt-

1223 2955 1284 2980 tae.
1311 2944 1394 2978 Non
1415 2939 1498 2978 redi&
1523 2967 1530 2975 .
1560 2941 1693 2975 Etenim
1718 2943 1823 2976 sermo
1838 2965 1849 2980 ,
1873 2943 2107 2986 cujuscumque

1224 2997 1261 3031 fit
1270 3020 1282 3036 ,
1310 3006 1379 3029 non
1390 2992 1432 3028 ad
1444 2993 1520 3027 istos
1533 2991 1676 3036 Legatos
1689 2994 1733 3028 est
1746 2992 1850 3027 distus
1863 3017 1873 3033 ‚
1897 2993 1949 3027 sed
1962 2992 2002 3026 ad
2018 2993 2111 3027 Con-

1226 3045 1535 3088 stantinopolitanos
1548 3066 1558 3082 ‚
1585 3043 1828 3077 transfretantes
1838 3040 2086 3077 Chalcedonem
2097 3068 2107 3076 .

1227 3098 1331 3131 Lucet
1353 3107 1394 3130 ex
1421 3093 1473 3128 his
1499 3092 1624 3127 verbis:
1653 3095 1777 3136 Propter
1798 3104 1884 3135 quem
1911 3094 2106 3134 Propontidis

1226 3148 1324 3182 undas
1351 3151 1496 3189 navigare
1520 3142 1703 3186 praefitmitis
1728 3169 1734 3176 .
1762 3144 1806 3178 Et
1831 3155 1872 3177 ex
1897 3141 2108 3177 Theodoreti

1227 3198 1342 3232 litteris
1359 3195 1399 3229 ad
1415 3193 1639 3228 Alexandrum
1664 3194 1951 3238 Hierapolitanum
1977 3192 2107 3236 Episco-

1229 3259 1306 3292 pum
1326 3272 1336 3288 ,
1367 3247 1458 3280 suum
1487 3244 1735 3288 Metropolitarn
1763 3257 1770 3276 :
1799 3245 1925 3285 Populus
1952 3267 1964 3284 ‚
1992 3244 2107 3285 utique

1228 3296 1616 3339 Constantinopolitanus
1639 3320 1649 3336 ‚
1672 3294 1779 3338 salvus
1797 3294 1834 3334 est
1854 3299 1950 3326 omnis
1970 3319 1981 3335 ‚
2010 3293 2043 3325 <a
2063 3291 2108 3323 aa

1228 3361 1279 3384 nos
1290 3347 1460 3389 incessanter
1472 3346 1638 3392 egreditur.
1666 3350 1818 3389 coepimus
1841 3340 1970 3388 namque
1990 3341 2108 3376 &allo-

2007 3403 2063 3437 quar
