2320 3730
910 147 1385 200 Enrsrotnz.

232 251 305 282 tuas
314 244 358 281 ab
371 242 502 281 illorum
514 243 694 280 mendaciis
708 244 761 278 seu
772 243 1029 280 detractionibus
1050 255 1120 278 om-

235 296 322 331 nino
336 305 478 329 avertas:
506 296 679 345 Qatenus
698 297 783 330 inter
804 296 948 339 reliquos
963 293 1121 328 Christia-

232 356 288 380 πε
306 343 414 389 gentis
437 344 602 390 Principes
614 346 809 390 praecipuum
831 355 863 380 te
876 343 1059 380 Catholicae
1069 345 1096 378 F
1099 344 1118 377 i-

234 394 288 429 dei
300 394 524 435 defensorem,
551 396 630 430 sicut
641 396 789 440 semper,
817 395 863 430 ita
889 396 1023 429 &nunc
1049 405 1118 429 tota

233 442 410 479 nobiscum
441 444 585 485 Ecclesia
619 447 830 491 recognoscat
851 469 859 477 .
890 444 1120 478 Chariffimam

232 494 354 530 Filiam
370 494 463 530 Beati
487 495 571 530 Petri
591 497 775 531 Dominam
800 494 968 539 Reginam
994 492 1122 528 benedi-

233 545 346 578 &ione
361 545 551 588 Apostolica
574 546 773 580 salutamus.
800 546 1027 588 Omnipotens
1050 545 1122 579 Do·

235 604 298 629 nus
320 594 558 638 Apostolorum
579 597 711 630 suorum
725 595 811 629 Petri
834 596 866 630 δι
883 594 979 628 Pauli
999 594 1122 628 meritis

235 645 408 688 personam
430 646 686 690 potestatemque
709 645 846 679 vestram
869 642 1032 679 custodiat
1054 669 1065 685 ‚
1089 644 1122 678 δε

235 705 292 737 per
315 696 528 737 temporalem
562 695 880 731 administrationem
909 694 1018 728 aetcrni
1031 693 1123 728 vobis

235 743 349 789 Regni
361 746 566 789 participium
580 746 738 790 largiatur
751 770 759 778 .
773 746 900 779 Datum
912 744 1028 780 Romae
1037 743 1123 788 apud

235 794 389 829 Sandium
411 794 571 838 Petrum,
597 795 759 831 Kalendis
772 793 876 829 Maii.

355 1017 844 1070 EPISTOLA
906 1022 1010 1068 ΧΠ.

345 1137 454 1174 Obilis
464 1140 627 1176 memoria:
639 1141 865 1179 Anteceffores
877 1144 924 1180 tui
939 1169 951 1186 ,
976 1145 1056 1179 sicut
1067 1144 1127 1179 Vi-

371 1189 398 1223 ri
411 1190 570 1234 sapientes
591 1192 775 1228 &consilio
798 1194 952 1239 providi,
978 1197 1127 1230 Sanstam

238 1239 431 1274 Romanam
445 1240 621 1276 Ecclesiam
632 1240 797 1279 honorare
809 1269 822 1284 ,
847 1245 882 1279 δε
895 1256 953 1288 pro
978 1246 1096 1279 collata
1110 1245 1128 1278 a

241 1289 398 1323 Domino
409 1289 567 1333 potestate
587 1294 773 1337 propensius
795 1294 941 1329 exaltare
953 1303 1108 1330 curarunt
1119 1319 1130 1335 ,

241 1339 368 1374 &ficut
381 1350 442 1374 nos
463 1341 518 1384 ipsi
544 1341 688 1377 vidimus
708 1343 932 1385 detestamur,
962 1344 1131 1379 Praedeces-

241 1388 370 1424 foribus
382 1389 500 1424 nostris
512 1391 619 1426 nobili
631 1393 812 1428 devotione
823 1396 1002 1429 servierunt
1013 1418 1022 1426 .
1050 1394 1131 1429 Inde

244 1439 292 1474 est
305 1463 317 1480 ,
342 1438 431 1482 quod
441 1440 541 1475 Sedes
552 1441 582 1476 A
587 1443 746 1485 postolica
760 1445 847 1479 inter
858 1445 1000 1489 reliquos
1010 1444 1132 1479 Gallia·

242 1500 317 1523 rum
328 1488 497 1534 Principes
509 1492 662 1535 ampliori
674 1493 720 1528 est
733 1504 791 1528 eos
811 1496 914 1540 gratia
926 1495 1110 1539 amplexata
1123 1519 1131 1527 .

242 1539 289 1573 Et
307 1538 384 1574 idco
396 1540 620 1577 Dileffionem
632 1552 723 1578 tuam
737 1545 879 1587 paternis
899 1545 1053 1588 alloquiis
1064 1545 1133 1578 vifi-

241 1598 351 1623 tantes
361 1612 373 1629 ,
398 1589 614 1626 Prudentiam
628 1601 721 1627 tuam
735 1594 915 1628 litterarum
927 1594 1130 1636 praesentium

239 1638 323 1673 serie
331 1638 492 1686 attentius
503 1639 737 1683 adhortamur,
762 1651 800 1676 ut
825 1642 992 1677 nobilium
1007 1642 1130 1677 Praede-

241 1688 404 1722 cessorum
424 1688 547 1723 nobilis
557 1691 726 1725 Successor
738 1691 898 1727 Romanae
924 1692 1073 1728 Ecclefiae
1084 1695 1131 1727 in-

241 1737 377 1772 dividua
402 1739 528 1782 semper
547 1737 704 1775 charitate
724 1738 906 1781 cohaereas,
934 1754 995 1777 nec
1008 1742 1050 1777 ab
1063 1742 1132 1786 ejus

243 1797 392 1831 unquam
413 1788 543 1822 unitate
561 1789 724 1824 declines.
750 1790 817 1824 Cui
842 1791 984 1836 profesio
1006 1794 1029 1826 si
1042 1793 1133 1828 inde-

244 1836 322 1872 fessa
343 1837 443 1871 fueris
466 1838 647 1874 devotione
669 1840 844 1883 prudenter
864 1841 998 1876 innixus
1023 1865 1035 1883 ‚
1062 1852 1133 1877 tuta

243 1886 366 1930 poteris
391 1909 403 1926 ‚
428 1888 596 1931 praeslante
621 1890 699 1925 Deo
724 1915 738 1932 ,
775 1890 950 1926 stabilitate
975 1904 1130 1938 regnare.

241 1936 320 1972 Nos
330 1935 464 1982 quidem
475 1938 517 1973 de
527 1938 716 1975 Nobilitate
738 1940 771 1975 ὅ(
786 1940 861 1975 fidei
874 1951 937 1976 tuae
950 1942 1131 1977 constantia

243 1985 426 2031 plurimum
447 1990 676 2033 praesumentes
690 2015 701 2032 ,
728 1991 896 2034 personam
921 2000 1009 2027 tuam
1022 1992 1133 2037 dignis

241 2035 352 2071 titulis
362 2035 527 2073 honorare
536 2061 548 2078 ,
573 2040 607 2074 ὅ(
618 2038 780 2075 honorem
792 2050 888 2075 tuum
901 2041 1048 2077 Paternae
1059 2042 1134 2076 dile-

242 2085 363 2119 &ionis
375 2086 491 2121 affectu
506 2091 712 2123 omnImodis
730 2090 932 2123 decrevimus
960 2088 1132 2133 ampliare.

242 2134 299 2169 Dc
318 2137 531 2178 promotione
554 2139 631 2171 vero
652 2137 783 2178 nostra,
811 2138 865 2172 seu
891 2139 932 2173 de
956 2137 1007 2173 his
1026 2164 1037 2180 ,
1064 2151 1134 2183 quae

242 2185 331 2227 apud
354 2194 416 2217 nos
433 2187 504 2218 asta
527 2186 601 2218 sunt
624 2209 635 2225 ‚
664 2186 871 2220 Venerabilis
892 2189 1003 2220 Frater
1026 2189 1135 2221 noster

243 2232 450 2277 praesentium
463 2233 565 2269 Lator
574 2234 660 2268 Otto
672 2258 682 2273 ,
708 2234 917 2268 Tudertinus
930 2236 1112 2279 Episcopus
1123 2261 1133 2277 ,

245 2283 393 2328 Legatus
416 2283 547 2324 noster,
572 2294 670 2327 quem
693 2284 733 2319 ad
746 2294 850 2327 partes
871 2285 988 2319 vestras
1001 2297 1058 2329 pro
1083 2297 1133 2319 va-

245 2332 303 2367 riis
314 2333 459 2379 negotiis
469 2332 658 2378 delegamus
670 2358 681 2374 ,
695 2333 918 2368 Dilectionem
932 2342 1023 2369 tuam
1037 2336 1133 2370 faciet

247 2382 421 2418 certiorem
435 2405 444 2415 .
471 2382 582 2427 Ipsum
613 2383 723 2426 itaque
744 2385 882 2429 egregiae
895 2384 1058 2419 Probitati
1071 2396 1133 2419 tuae

247 2431 405 2467 attentius
414 2433 685 2468 commendantes
695 2445 850 2479 rogamus
866 2458 878 2474 ,
903 2445 939 2468 ut
954 2446 1012 2479 pro
1022 2447 1133 2469 amore

249 2482 343 2517 Beati
362 2482 451 2517 Petri
473 2484 508 2518 δε
521 2484 654 2524 nostro,
682 2485 776 2518 solita
799 2486 831 2518 ei
854 2483 1047 2520 liberalitate
1057 2497 1133 2520 con-

247 2543 396 2573 currere,
422 2534 533 2568 &tuis
547 2544 622 2568 eum
646 2534 765 2569 debeas
785 2534 908 2568 solatiis
933 2537 1110 2571 confovere
1123 2561 1133 2577 ,

248 2592 410 2626 quatenus
427 2585 463 2619 &
480 2584 663 2627 injunctum
689 2585 747 2619 fibi
771 2584 993 2625 Mandatum,
1020 2597 1135 2629 coope-

249 2642 343 2667 rante
354 2634 432 2668 Deo
441 2658 452 2675 ,
479 2645 536 2677 per
549 2634 713 2669 industriae
725 2645 787 2668 tuae
799 2635 950 2669 solatium
963 2636 1134 2677 efficaciter

244 2683 369 2724 exequi
383 2684 509 2722 valeat,
535 2684 672 2719 &tuam
698 2685 803 2719 nosin
815 2696 856 2718 eo
880 2685 1045 2720 valeamus
1063 2686 1134 2720 dili·

257 2732 404 2775 gentiam
427 2733 583 2774 experiri.
612 2736 737 2768 Datum
758 2734 874 2769 Romae
883 2736 968 2779 apud
982 2737 1131 2770 Sanctum

256 2781 417 2822 Petrum,
442 2780 602 2817 Kalendis
625 2783 730 2818 Maii.

359 2996 833 3046 EPISTOLA
904 3002 1031 3047 xm.

350 3133 436 3170 Uod
457 3133 517 3169 tibi
542 3134 581 3169 dc
599 3135 683 3171 statu
714 3137 823 3172 nostro
844 3138 878 3172 ὅτ
902 3139 1059 3179 Romanae
1075 3138 1134 3171 Ec-

373 3185 474 3219 clesiae
483 3185 604 3220 tardius
618 3187 794 3231 scripsimus
804 3213 815 3229 ,
842 3189 950 3223 Frater
963 3190 1008 3223 mi
1020 3187 1134 3221 charis·

403 3235 479 3268 sime
493 3258 504 3275 ,
529 3247 571 3269 ne
592 3237 717 3271 mireris
739 3262 749 3278 ,
777 3239 934 3282 quoniam
954 3240 988 3273 &
1014 3249 1073 3272 nos
1096 3239 1137 3272 de

254 3285 391 3329 suscepti
404 3285 577 3328 inopinata
588 3298 663 3320 cura
679 3287 866 3331 Regiminis
877 3289 1029 3322 moestitia
1040 3299 1135 3322 occu·

254 3336 343 3382 pavit
355 3360 367 3376 ,
391 3334 426 3368 &
438 3334 473 3369 in
485 3344 575 3371 tanta
586 3336 758 3371 bestiarum
770 3339 978 3374 frementium
989 3338 1078 3382 sylva
1090 3337 1134 3371 di-

353 3383 465 3422 chrm.
475 3389 556 3429 Lupa·
567 3391 667 3429 Opera
679 3390 779 3422 T.V11
785 3412 794 3422 .

1899 170 1996 215 399

1179 243 1270 277 versis
1290 239 1441 275 fluffibus
1454 241 1543 284 prem
1556 265 1567 280 ,
1592 241 1724 278 adversis
1752 244 1861 279 sumus
1883 254 2056 280 ventorum

1180 292 1365 328 turbinibus
1375 290 1488 336 agitati
1503 315 1512 323 .
1537 290 1651 326 Tanta
1662 295 1781 338 quippe
1801 305 1852 330 me
1867 296 2060 337 occupatio.

1183 353 1261 376 num
1281 354 1377 377 onera
1401 342 1611 384 deprimunt,
1637 344 1733 376 tantis
1758 347 1923 382 causarum
1948 344 2058 389 flagris

1181 392 1310 434 illidor,
1340 403 1375 426 ut
1398 402 1488 426 mens
1513 403 1582 425 mea
1600 390 1781 425 nullatenus
1796 395 1834 427 ad
1850 396 1980 437 superna
1990 396 2058 428 eri·

1181 454 1297 488 gatar,
1322 443 1431 486 &ego
1454 442 1534 476 teste
1554 441 1693 475 clamare
1714 444 1907 483 compellar:
1934 448 2008 477 Vem·
2024 449 2057 478 in

1182 494 1373 526 altitudinem
1384 497 1477 525 marl:
1489 517 1499 533 ‚
1525 492 1559 529 ό·
1570 490 1722 534 tempesta!
1734 491 1866 532 demersit
1879 505 1924 526 me
1935 517 1943 526 .
1969 494 2058 527 Con-

1183 544 1282 576 sidero
1294 553 1434 584 namque
1455 543 1512 586 qui
1526 543 1596 576 sum
1606 566 1617 582 ‚
1641 542 1915 576 &infirmitatem
1929 553 2034 576 meam
2047 567 2060 583 ‚

1183 593 1268 637 quafi
1283 604 1381 626 manu
1402 592 1555 635 palpans,
1581 593 1674 626 certis
1695 590 1862 625 effectibus
1886 590 2061 633 deprehen-

1183 641 1248 676 do.
1278 643 1320 675 Et
1331 641 1407 675 ideo
1430 653 1466 677 ut
1479 641 1681 676 Beatitudini
1706 651 1767 675 tuae
1792 651 1863 675 vera
1890 640 2063 683 profitear,

1185 692 1410 726 infirmitatem
1433 703 1538 726 meam
1552 691 1644 735 plene
1654 690 1861 726 considerans
1871 690 1911 723 ad
1923 690 2064 733 Aposto-

1185 742 1253 776 licae
1263 741 1353 775 Sedis
1378 741 1507 776 culmen
1524 743 1659 786 propriis
1680 741 1802 775 meritis
1814 751 1882 774 non
1895 740 1982 783 posse
1992 751 2065 782 per·
2103 755 2107 759 f

1187 793 1330 836 tingere,
1359 803 1444 824 onus
1458 790 1522 826 hoc
1537 793 1637 826 malui
1649 791 1812 826 declinare
1824 815 1835 831 ,
1845 801 1888 824 ne
1902 791 1936 823 in
1949 788 2066 824 Pasto-

1188 842 1261 875 ralis
1281 841 1441 885 regimine
1463 842 1593 885 imparis
1630 840 1922 877 administrationis
1940 839 2066 873 affioni

1190 890 1429 925 succumberem
1446 915 1454 924 .
1482 891 1544 926 Sed
1567 892 1643 935 quia
1667 891 1731 925 Dei
1757 889 1963 935 disponentis
1985 888 2068 923 arbi-

1188 942 1253 974 trio
1276 941 1438 976 contraire
1460 953 1528 976 non
1549 942 1593 975 est
1607 966 1618 982 ‚
1644 941 1834 975 obedienter
1859 937 2070 979 secutuswm

1189 991 1278 1033 quod
1293 991 1472 1024 misericors
1483 991 1523 1025 de
1536 1003 1588 1025 me
1598 992 1706 1035 operis
1719 1001 1832 1025 manus
1843 990 1983 1024 voluerit
1995 999 2071 1033 ope-

1191 1041 1251 1075 rari
1265 1065 1272 1072 .
1301 1039 1390 1074 Cum
1409 1039 1488 1083 ergo
1512 1041 1545 1073 &
1557 1040 1715 1074 Romanae
1738 1039 1942 1075 consuetudo
1959 1039 2073 1088 Eccle-

1190 1092 1239 1125 siae
1251 1090 1394 1133 posceret
1404 1114 1416 1130 ‚
1441 1089 1476 1122 δε
1488 1088 1706 1123 Beatitudinis
1731 1099 1794 1122 tuae
1807 1101 1866 1124 nos
1876 1090 2010 1124 dile-{iio
2023 1089 2073 1123 in-

1189 1140 1323 1179 citaret,
1346 1139 1530 1173 curav-imus
1550 1149 1621 1173 non
1642 1136 1750 1172 solnm
1768 1137 1903 1181 Scriptis
1912 1137 2075 1172 Fraterni-

1191 1191 1252 1225 tati
1264 1199 1327 1224 tuae
1337 1190 1453 1223 nostrae
1463 1187 1633 1223 charitatis
1656 1185 1850 1222 &amicitiae
1870 1197 1948 1221 vota
1959 1186 2075 1231 persol-

1194 1252 1265 1275 vere
1287 1264 1298 1280 ,
1324 1239 1376 1273 sed
1400 1238 1501 1273 etiam
1525 1237 1566 1272 de
1588 1237 1801 1282 promotione
1822 1235 1931 1271 nostra
1952 1261 1965 1278 ,
1983 1235 2076 1280 quod

1191 1289 1396 1324 desiderabile
1429 1288 1491 1322 tibi
1510 1288 1603 1323 fuisse
1635 1286 1797 1322 credimus
1819 1310 1831 1327 ,
1858 1298 1914 1330 per
1935 1286 2075 1320 latorem

1193 1340 1394 1385 praesentium
1406 1338 1624 1373 venerabilem
1637 1340 1780 1381 Fratrem
1802 1337 1950 1371 nostrum
1970 1338 2076 1370 Otto-

1194 1401 1268 1425 nem
1283 1412 1295 1429 ‚
1320 1388 1545 1424 Tudertinum
1573 1388 1795 1432 Episcopum,
1819 1387 1839 1421 a
1865 1386 2021 1421 Domino
2045 1386 2077 1420 S.

1193 1438 1552 1475 Praedecefforenustm
1574 1437 1663 1482 Papa
1688 1436 1843 1472 Paschale
1865 1435 2077 1476 ordinatum,

1193 1488 1355 1525 indicare.
1383 1490 1454 1532 lpse
1476 1486 1608 1533 quidem
1632 1512 1644 1529 ,
1669 1489 1704 1522 &
1730 1487 1772 1522 de
1796 1486 1867 1527 his,
1893 1497 1966 1530 quae
1987 1486 2077 1529 apud,

1195 1552 1255 1574 nos
1273 1541 1342 1575 acta
1364 1540 1459 1580 sunt,
1485 1539 1520 1573 &
1538 1537 1578 1573 de
1604 1537 1688 1573 statu
1715 1536 1823 1573 Urbis
1846 1537 1881 1571 δε
1907 1535 2078 1576 Ecclesiae,

1192 1589 1317 1633 quanto
1330 1588 1456 1633 plenius
1466 1588 1580 1628 novit,
1609 1586 1704 1623 tanto
1716 1586 1936 1632 Experientiae
1948 1595 2008 1621 tuae
2020 1596 2080 1629 po·

1193 1641 1267 1675 terit
1290 1639 1396 1674 verius
1419 1648 1583 1673 enarrare.
1611 1637 1696 1673 Sane
1718 1637 1760 1672 de
1769 1637 1929 1672 electione
1945 1635 2079 1675 nostra,

1193 1701 1264 1734 quae
1289 1687 1471 1723 astartibus
1493 1688 1613 1722 nostris
1623 1687 1857 1722 cardinalibus
1871 1711 1881 1727 ,
1906 1684 2078 1727 Presbyte-

1195 1741 1237 1774 ris
1258 1739 1292 1773 ὃς
1307 1738 1517 1772 Diaconibus
1530 1761 1542 1777 ,
1568 1736 1787 1772 subdiaconis
1811 1745 1942 1781 quoque
1965 1734 2079 1768 &Pri-

1194 1789 1329 1824 micetio
1341 1813 1353 1829 ,
1379 1789 1412 1822 δε
1423 1786 1515 1822 omni
1529 1785 1646 1822 Schola
1656 1786 1775 1821 Palatii
1786 1811 1798 1827 ‚
1822 1798 1861 1821 ac
1871 1786 1991 1819 cunsto
2004 1784 2079 1819 Cle-

1195 1851 1232 1875 ro
1254 1839 1434 1878 Romano,
1459 1846 1633 1880 expetente
1647 1836 1743 1872 omni
1767 1835 1919 1880 Populo,
1943 1836 2082 1869 consen-

1194 1887 1352 1924 tientibus
1373 1888 1465 1931 juxta
1488 1897 1638 1922 tenorem
1662 1888 1841 1923 Canonum
1866 1885 2079 1925 Honoratis,

1194 1939 1240 1974 est
1252 1938 1403 1973 unanimi
1426 1947 1528 1978 voto,
1555 1936 1759 1973 &concordi
1776 1935 2004 1971 moderatione
2028 1946 2082 1979 pe·

1196 1991 1278 2024 rada
1293 2013 1305 2029 ‚
1331 1988 1372 2022 ad
1396 1988 1550 2022 notitiam
1572 1997 1664 2022 tuam
1675 1988 1856 2022 multorum
1868 1985 2083 2021 relationibus

1197 2039 1372 2082 pervenisse
1385 2036 1450 2080 jam
1464 2037 1624 2072 credimus
1639 2062 1646 2069 .
1674 2037 1826 2083 Qualiter
1849 2044 1959 2069 autem
1972 2035 2084 2068 conse-

1197 2088 1299 2120 cratio
1319 2088 1426 2119 nostra
1448 2096 1502 2128 per
1524 2086 1744 2118 venerabilem
1768 2087 1912 2119 Fratrem
1927 2085 2078 2123 Petrum,

1198 2136 1408 2170 Portuensem
1422 2133 1620 2177 Episcopum
1632 2158 1643 2173 ,
1663 2145 1739 2168 cum
1751 2133 1945 2169 diversarum
1959 2134 2085 2179 Regio-

1198 2195 1276 2218 num
1293 2184 1463 2226 Episcopis
1477 2205 1489 2221 ,
1516 2181 1556 2214 ad
1571 2181 1685 2215 Altare
1700 2182 1793 2215 Beati
1806 2183 1896 2216 Petri
1916 2183 1953 2216 sit
1966 2184 2082 2217 solem-

1199 2234 1280 2267 niter
1291 2231 1451 2266 celebrata
1464 2254 1475 2270 ,
1501 2231 1672 2273 quomodo
1683 2231 1782 2265 etiam
1795 2242 1849 2275 per
1862 2232 1949 2265 viam
1960 2233 2081 2267 sacram

1197 2282 1348 2327 Phrygio
1373 2281 1474 2325 capiti
1499 2278 1636 2320 nostro,
1663 2280 1934 2316 Praedecefforum
1957 2283 2080 2316 nostro-

1197 2344 1268 2366 rum
1290 2343 1382 2366 more
1401 2356 1412 2372 ‚
1444 2330 1594 2372 imposito
1618 2331 1659 2364 ad
1681 2331 1895 2366 Lateranense
1916 2332 2081 2368 Palatium

1198 2383 1381 2417 venerimus
1395 2405 1405 2422 ,
1432 2380 1562 2413 forsitan
1587 2391 1656 2414 non
1679 2380 1810 2425 ignoras
1828 2406 1836 2414 .
1863 2381 2029 2429 roirca
2040 2383 2082 2416 de

1199 2432 1384 2467 suaviffimae
1406 2427 1628 2464 Beatitudinis
1654 2441 1714 2465 tuae
1740 2431 1804 2465 fide
1838 2433 1871 2465 &
1897 2432 2083 2466 constantia.

1198 2482 1371 2526 impensius
1382 2482 1605 2525 praesumentes
1617 2505 1628 2520 ,
1655 2489 1688 2515 te
1699 2481 1874 2515 instantius
1886 2492 2060 2516 exoramus
2069 2507 2083 2523 ,

1198 2542 1233 2567 ut
1247 2533 1307 2576 piis
1321 2531 1451 2576 precum
1464 2540 1590 2565 tuarum
1603 2531 1761 2576 suffragiis
1773 2531 1859 2575 apud
1871 2532 2083 2576 omnipoten-

1198 2594 1264 2618 tem
1288 2584 1401 2617 Deum
1428 2580 1524 2616 nobis
1543 2592 1757 2621 concurrere,
1783 2583 1818 2616 δε
1846 2593 1905 2625 pro
1926 2582 2080 2617 Romana

1198 2633 1316 2668 debeas
1327 2632 1467 2667 Ecclesia
1478 2632 1632 2666 consueta
1647 2631 1801 2666 instantia
1817 2632 1954 2676 vigilare
1966 2657 1973 2665 .
1993 2633 2083 2679 Qua-

1200 2686 1272 2718 liter
1293 2693 1405 2718 autem
1431 2682 1472 2716 dc
1483 2681 1707 2716 Fraternitatis
1719 2691 1779 2715 tuae
1789 2681 1967 2716 debeamus
1978 2680 2084 2716 chari·

1198 2745 1264 2769 tate
1275 2734 1484 2777 praesumere,
1513 2743 1555 2766 ex
1570 2733 1690 2766 mentis
1715 2731 1850 2771 nostrae,
1875 2743 1972 2775 quam
1994 2733 2082 2766 circa.

1199 2794 1231 2818 te
1242 2783 1421 2824 habemus,
1445 2782 1605 2824 qualitate
1616 2782 1822 2825 colligimus.
1849 2782 1921 2814 Nec
1943 2782 2080 2816 realiter

1200 2834 1372 2868 Personam
1388 2832 1530 2867 nostram
1551 2832 1586 2865 δι
1597 2831 1821 2874 Apostolicam
1834 2829 1949 2864 Sedem
1964 2831 2080 2875 dilige-

1199 2897 1256 2926 re,
1281 2895 1380 2928 quam
1406 2883 1463 2925 ipsi
1476 2892 1536 2916 vos
1558 2881 1748 2925 diligimus,
1774 2879 1984 2914 arbitramur.
2012 2881 2080 2916 Da·
2104 2890 2106 2892 '

1199 2946 1269 2969 tum
1295 2935 1412 2969 Romae
1440 2933 1526 2976 apud
1549 2931 1701 2966 Sanstum
1727 2930 1862 2965 Petrum
1883 2953 1895 2970 ,
1920 2930 2079 2968 Kalendis

1199 2985 1283 3020 Maii
1301 3011 1309 3020 .

1602 3385 1630 3419 L
1655 3383 1668 3418 l
1720 3390 1748 3425 2,
1942 3382 2029 3417 EPI-
